{"host":"6h0diz2ap0m56grs","time":1611903710,"event":{"mods":["2.2 Compatiblity","BaseMod","Colored Map","Marisa????????","Minty Spire (QoL Compilation)","Quick Restart","Replay The Spire","Shop Mod","StSLib","The Servant 0.9.4"],"gold_per_floor":[109,191,207,207,65,92,125,125,125,125,141,174,203,228,228,326,326,343,343,366,66,66,101,101,136,161,161,192,237,249,277,289,400,412,434,446,475,553,553,588,607,507,507,534,534,568,41,75,75,75],"floor_reached":51,"language":"ENG","playtime":2187,"items_purged":["Replay:Sluggish","Sickly","ShatteredReality"],"score":1512,"play_id":"054cb831-c92e-4e95-adc5-edc3816de1ad","local_time":"20210129010150","daily_mods":["SealedDeck","Heirloom","Time Dilation","Flight"],"is_ascension_mode":true,"campfire_choices":[{"data":"Deny","floor":10,"key":"SMITH"},{"data":"TimeWarp","floor":15,"key":"SMITH"},{"data":"TimeWarp","floor":24,"key":"SMITH"},{"data":"Potential","floor":27,"key":"SMITH"},{"data":"Potential","floor":30,"key":"SMITH"},{"data":"Foresight","floor":32,"key":"SMITH"},{"data":"ShatteredReality","floor":45,"key":"SMITH"},{"data":"Advance","floor":49,"key":"SMITH"}],"circlet_count":0,"master_deck":["ShatteredReality+1","Alleviate","Potential+1","Potential+1","Potential+1","TimeWarp+1","TimeWarp+1","PendulumOfEternity+1","Alleviate","TimeWarp+1","Foresight+1","Deny+1","Advance+1","TheWorld+1","Defy+1","TheWorld+1","BestPractice+1"],"relics":["Uniform","replay:Trail_Library","Ice Cream","MerchantsRug","Mummified Hand","Orichalcum","Pen Nib","Bronze Scales","Kunai","Sozu","Thread and Needle","ReplayFunnel","Oddly Smooth Stone","Happy Flower","Philosopher\u0027s Stone","ReplayTheSpireMod:DimensionalGlitch","ReplayTheSpireMod:Lightbulb","Anchor","Replay:Rubber Ducky","Toy Ornithopter","Sundial","Bottled Lightning","ReplayTheSpireMod:Ninjato","TheAbacus","Chameleon Ring","Gremlin Horn"],"acts_visited":["Exordium","TheCity","TheBeyond"],"potions_floor_usage":[16,50,50],"damage_taken":[{"damage":0,"enemies":"Small Slimes","floor":1,"turns":1},{"damage":0,"enemies":"Cultist","floor":3,"turns":2},{"damage":0,"enemies":"3 Sentries","floor":6,"turns":3},{"damage":11,"enemies":"Gremlin Nob","floor":7,"turns":3},{"damage":0,"enemies":"2 Louse","floor":11,"turns":1},{"damage":0,"enemies":"Lagavulin","floor":12,"turns":4},{"damage":0,"enemies":"3 Sentries","floor":13,"turns":2},{"damage":0,"enemies":"Lagavulin","floor":14,"turns":4},{"damage":0,"enemies":"The Guardian","floor":16,"turns":6},{"damage":0,"enemies":"3 Byrds","floor":18,"turns":2},{"damage":0,"enemies":"Slavers","floor":23,"turns":2},{"damage":0,"enemies":"Gremlin Leader","floor":25,"turns":2},{"damage":4,"enemies":"Slavers","floor":28,"turns":2},{"damage":0,"enemies":"Gremlin Leader","floor":29,"turns":2},{"damage":0,"enemies":"2 Thieves","floor":31,"turns":1},{"damage":0,"enemies":"Champ","floor":33,"turns":4},{"damage":0,"enemies":"3 Darklings","floor":35,"turns":1},{"damage":0,"enemies":"Orb Walker","floor":37,"turns":1},{"damage":0,"enemies":"Nemesis","floor":40,"turns":1},{"damage":0,"enemies":"Writhing Mass","floor":41,"turns":2},{"damage":0,"enemies":"R_Hoarder","floor":44,"turns":3},{"damage":0,"enemies":"Nemesis","floor":46,"turns":3},{"damage":0,"enemies":"R_Hoarder","floor":48,"turns":2},{"damage":0,"enemies":"Time Eater","floor":50,"turns":4}],"seed_played":"3534963409610802685","potions_obtained":[{"floor":6,"key":"Energy Potion"},{"floor":7,"key":"Adrenaline Potion"},{"floor":12,"key":"BlessingOfTheForge"},{"floor":16,"key":"Energy Potion"}],"is_trial":true,"path_per_floor":["M","?","M","?","$","E","E","$","T","R","M","E","E","E","R","B",null,"M","?","$","$","?","E","R","E","T","R","E","E","R","M","R","B",null,"M","?","M","$","?","E","M","$","T","E","R","E","$","E","R","B",null],"character_chosen":"THE_SERVANT","items_purchased":["MerchantsRug","Defy+1","Guide Book","ReplayFunnel","Anchor","Replay:Rubber Ducky","TheAbacus","Chameleon Ring"],"campfire_rested":0,"item_purchase_floors":[5,20,21,21,38,38,47,47],"current_hp_per_floor":[65,49,49,49,49,49,38,38,38,38,38,38,38,38,38,38,65,65,65,65,65,65,65,65,65,65,65,61,61,61,61,61,61,65,65,65,65,65,65,65,65,65,65,65,65,65,65,65,65,65],"gold":75,"neow_bonus":"","is_daily":false,"chose_seed":false,"campfire_upgraded":8,"win_rate":0.0,"timestamp":1611903710,"path_taken":["M","?","M","?","$","E","E","$","T","R","?","E","E","E","R","BOSS","M","?","?","$","?","E","R","E","T","R","E","E","R","?","R","BOSS","M","?","?","?","?","E","?","$","T","E","R","E","$","E","R","BOSS"],"items_purchased_type":["Relic","Card","Relic","Relic","Relic","Relic","Relic","Relic"],"build_version":"2020-12-22","purchased_purges":3,"victory":true,"max_hp_per_floor":[65,65,65,65,65,65,65,65,65,65,65,65,65,65,65,65,65,65,65,65,65,65,65,65,65,65,65,65,65,65,65,65,65,65,65,65,65,65,65,65,65,65,65,65,65,65,65,65,65,65],"card_choices":[{"not_picked":["Revamp","Defy","Spin"],"picked":"SKIP","floor":1},{"not_picked":["Alleviate","Starlight"],"picked":"PendulumOfEternity","floor":2},{"not_picked":["Comet","Replace"],"picked":"Alleviate","floor":3},{"not_picked":["ShatteredReality","Deadline"],"picked":"TimeWarp","floor":6},{"not_picked":["SpecialFormula","Manipulate"],"picked":"Foresight","floor":7},{"not_picked":["ShatteredReality","Revamp"],"picked":"Dilation","floor":11},{"not_picked":["Spin","Revamp","Replace"],"picked":"SKIP","floor":12},{"not_picked":["DualDimension","Rewind"],"picked":"Advance","floor":13},{"not_picked":["TimeWarp","Shuttle","FastForward"],"picked":"SKIP","floor":14},{"not_picked":["TrueSight","LightFlow"],"picked":"TheWorld","floor":16},{"not_picked":["Rewind","Revamp","Shuttle"],"picked":"SKIP","floor":18},{"not_picked":["Duplication","TimeWarp","Rewind+1"],"picked":"SKIP","floor":23},{"not_picked":["DancingSilver","ShatteredReality","Foresight"],"picked":"SKIP","floor":25},{"not_picked":["Spin","Collapse","Revamp+1"],"picked":"SKIP","floor":28},{"not_picked":["Starlight+1","FastForward","Moondial"],"picked":"SKIP","floor":29},{"not_picked":["DancingSilver+1","Moondial+1","Barrier"],"picked":"SKIP","floor":31},{"not_picked":["Rewind","TimeTheft+1","DoubleEdge"],"picked":"SKIP","floor":35},{"not_picked":["Ricochet","FastForward","Rearm+1"],"picked":"SKIP","floor":37},{"not_picked":["Rearm+1","Hightail+1"],"picked":"BestPractice+1","floor":40},{"not_picked":["Manipulate+1","Misdirection","Foresight"],"picked":"SKIP","floor":41},{"not_picked":["DoubleEdge+1","Defy","Ricochet"],"picked":"SKIP","floor":44},{"not_picked":["Ricochet+1","TrueSight","Rearm"],"picked":"SKIP","floor":46},{"not_picked":["Barrier","Unruled","Rearm+1"],"picked":"SKIP","floor":48}],"player_experience":234546,"relics_obtained":[{"floor":2,"key":"Whetstone"},{"floor":6,"key":"Mummified Hand"},{"floor":7,"key":"Orichalcum"},{"floor":9,"key":"Pen Nib"},{"floor":12,"key":"Replay:WaspNest"},{"floor":13,"key":"Bronze Scales"},{"floor":14,"key":"Kunai"},{"floor":19,"key":"Thread and Needle"},{"floor":23,"key":"Du-Vu Doll"},{"floor":25,"key":"Oddly Smooth Stone"},{"floor":26,"key":"Happy Flower"},{"floor":28,"key":"MawBank"},{"floor":29,"key":"MealTicket"},{"floor":40,"key":"Toy Ornithopter"},{"floor":43,"key":"Sundial"},{"floor":44,"key":"Bottled Lightning"},{"floor":46,"key":"ReplayTheSpireMod:Ninjato"},{"floor":48,"key":"Gremlin Horn"}],"event_choices":[{"damage_healed":0,"gold_gain":0,"player_choice":"Ignored","damage_taken":0,"max_hp_gain":0,"max_hp_loss":0,"event_name":"Purifier","floor":4,"gold_loss":0},{"damage_healed":0,"gold_gain":0,"player_choice":"Relic","damage_taken":0,"max_hp_gain":0,"max_hp_loss":0,"event_name":"Wheel of Change","floor":19,"gold_loss":0},{"damage_healed":0,"gold_gain":0,"player_choice":"Ignored","damage_taken":0,"max_hp_gain":0,"max_hp_loss":0,"event_name":"Purifier","floor":22,"gold_loss":0},{"damage_healed":0,"gold_gain":0,"player_choice":"Gave Potion","damage_taken":0,"relics_obtained":["ReplayTheSpireMod:Lightbulb"],"max_hp_gain":0,"max_hp_loss":0,"event_name":"WeMeetAgain","floor":36,"gold_loss":0},{"damage_healed":0,"gold_gain":0,"player_choice":"Copied","damage_taken":0,"max_hp_gain":0,"max_hp_loss":0,"event_name":"Duplicator","floor":39,"gold_loss":0,"cards_obtained":["TheWorld"]}],"is_beta":false,"boss_relics":[{"not_picked":["Cursed Key","MysterySword"],"picked":"Sozu"},{"not_picked":["Replay:Drink Me","Velvet Choker"],"picked":"Replay:Grab Bag"},{"not_picked":["ChewingGum","Replay:Wanted Poster"],"picked":"Philosopher\u0027s Stone"},{"not_picked":["Abe\u0027s Treasure","Busted Crown"],"picked":"ReplayTheSpireMod:DimensionalGlitch"},{"not_picked":["Snecko Heart","Snecko Eye"],"picked":"Kintsugi"}],"items_purged_floors":[38,42,47],"is_endless":false,"potions_floor_spawned":[6,7,12,16,18,23,29,33,35,37,40],"ascension_level":1}}