{"host":"fuszjwm6fqgjjp4d","time":1611899347,"event":{"mods":["BaseMod","Bestiary","Colored Map","DeckTracker","Minty Spire (QoL Compilation)","Permanent Neow","Relic Sorter","Relic Stats","StSLib"],"gold_per_floor":[115,265,340,340,358,383,383,383,445,490,519,544,556,587,599,611,611],"floor_reached":16,"language":"ENG","playtime":357,"items_purged":[],"score":220,"play_id":"25afad63-16c4-4f6d-b4ad-7efc509818e4","local_time":"20210128234907","is_ascension_mode":true,"campfire_choices":[{"data":"Eruption","floor":7.0,"key":"SMITH"},{"floor":13,"key":"REST"},{"data":"Swivel","floor":15,"key":"SMITH"}],"circlet_count":0,"master_deck":["AscendersBane","Strike_P","Strike_P","Strike_P","Strike_P","Defend_P","Defend_P","Defend_P","Defend_P","Eruption+1","Vigilance","Tantrum","LikeWater","SpiritShield","Swivel+1","WheelKick","LikeWater","PathToVictory","FollowUp"],"relics":["Runic Dome","Dream Catcher","MawBank","Vajra","Tiny Chest"],"acts_visited":["Exordium"],"potions_floor_usage":[16],"damage_taken":[{"damage":6.0,"enemies":"2 Louse","floor":1.0,"turns":4.0},{"damage":0.0,"enemies":"Small Slimes","floor":5.0,"turns":3.0},{"damage":14.0,"enemies":"Lagavulin","floor":6.0,"turns":5.0},{"damage":16.0,"enemies":"Gremlin Nob","floor":10.0,"turns":3.0},{"damage":0.0,"enemies":"Cultist","floor":11.0,"turns":3.0},{"damage":5,"enemies":"Blue Slaver","floor":12,"turns":3},{"damage":4,"enemies":"2 Fungi Beasts","floor":14,"turns":3},{"damage":23,"enemies":"Hexaghost","floor":16,"turns":9}],"seed_played":"8112455857172475778","potions_obtained":[{"floor":5.0,"key":"Strength Potion"},{"floor":6.0,"key":"Fire Potion"},{"floor":10.0,"key":"Explosive Potion"},{"floor":11,"key":"SpeedPotion"},{"floor":12,"key":"DuplicationPotion"}],"is_trial":false,"path_per_floor":["M","?","?","?","M","E","R","?","T","E","M","M","R","M","R","B"],"character_chosen":"WATCHER","items_purchased":[],"campfire_rested":1,"item_purchase_floors":[],"current_hp_per_floor":[55,55,44,37,37,23,23,23,23,7,7,2,22,18,18,0,0],"gold":611,"neow_bonus":"BOSS_RELIC","is_daily":false,"chose_seed":false,"campfire_upgraded":2,"win_rate":0.0,"timestamp":1611899347,"path_taken":["M","?","?","?","M","E","R","?","T","E","M","?","R","M","R","BOSS"],"items_purchased_type":[],"build_version":"2020-12-22","purchased_purges":0,"victory":false,"max_hp_per_floor":[68,68,68,68,68,68,68,68,68,68,68,68,68,68,68,68,68],"relic_stats":{"Dream Catcher":1,"counters":[8,33],"Tiny Chest":0,"MawBank":96,"obtain_stats":[{"Runic Dome":0,"Dream Catcher":6,"Vajra":9,"Tiny Chest":10,"PureWater":0,"MawBank":8},{"Runic Dome":0,"Dream Catcher":3,"Vajra":3,"Tiny Chest":4,"PureWater":0,"MawBank":3},{"Runic Dome":0,"Dream Catcher":12,"Vajra":12,"Tiny Chest":15,"PureWater":0,"MawBank":12}]},"card_choices":[{"not_picked":["Evaluate","Protect"],"picked":"Tantrum","floor":1.0},{"not_picked":["SashWhip","ClearTheMind"],"picked":"LikeWater","floor":5.0},{"not_picked":["Wireheading","Evaluate"],"picked":"SpiritShield","floor":6.0},{"not_picked":["Consecrate","Prostrate"],"picked":"Swivel","floor":10.0},{"not_picked":["Prostrate","EmptyFist"],"picked":"WheelKick","floor":11},{"not_picked":["Sanctity","FlyingSleeves"],"picked":"LikeWater","floor":12},{"not_picked":["CrushJoints","FlurryOfBlows"],"picked":"PathToVictory","floor":13},{"not_picked":["FlyingSleeves","EmptyBody"],"picked":"FollowUp","floor":14}],"player_experience":1402509,"relics_obtained":[{"floor":6.0,"key":"Dream Catcher"},{"floor":9.0,"key":"Vajra"},{"floor":10.0,"key":"Tiny Chest"}],"event_choices":[{"damage_healed":0.0,"max_hp_gain":0.0,"max_hp_loss":0.0,"gold_gain":150.0,"event_name":"Liars Game","player_choice":"AGREE","floor":2.0,"gold_loss":0.0,"damage_taken":0.0,"cards_obtained":["Doubt"]},{"damage_healed":0.0,"max_hp_gain":0.0,"max_hp_loss":0.0,"gold_gain":75.0,"event_name":"World of Goop","player_choice":"Gather Gold","floor":3.0,"gold_loss":0.0,"damage_taken":11.0},{"cards_removed":["Doubt"],"damage_healed":0.0,"max_hp_gain":0.0,"max_hp_loss":0.0,"gold_gain":0.0,"event_name":"Golden Wing","player_choice":"Card Removal","floor":4.0,"gold_loss":0.0,"damage_taken":7.0},{"damage_healed":0.0,"max_hp_gain":0.0,"max_hp_loss":0.0,"gold_gain":0.0,"event_name":"WeMeetAgain","player_choice":"Gave Potion","floor":8.0,"gold_loss":0.0,"damage_taken":0.0,"relics_obtained":["MawBank"]}],"is_beta":false,"boss_relics":[],"items_purged_floors":[],"is_endless":false,"potions_floor_spawned":[5,6,10,11,12],"killed_by":"Hexaghost","ascension_level":20}}