{"host":"n605f8gctjc87d7h","time":1611903562,"event":{"mods":["Aspiration","Bard","BaseMod","Better Match","Better Note","Better Skull","Better Third Choice","Conspire","Downfall","Halation","Hermit","Infinite Spire","Minty Spire (QoL Compilation)","Replay The Spire","Retaliation","Shade Mod","Spicy Shops","StSLib","The IronCluck","The Jungle"],"gold_per_floor":[99,117,117,117,130,157,180,180,195,295,321,237,237,307,324,425,425,425,436,453,472,522,522,522,584,601,621,671,646,696,746,758,863,863,863,877,891,891,904,954,954,294,294,313,381,397,397,447,462,462,462,462],"floor_reached":50,"language":"ENG","playtime":4221,"items_purged":["bronze:Defend","downfall:Icky","bronze:Strike"],"score":533,"play_id":"b415b8b6-8886-4b8c-a05c-4032e9c39abd","local_time":"20210128225922","is_ascension_mode":false,"campfire_choices":[{"data":"bronze:Replicate","floor":1.0,"key":"SMITH"},{"floor":13.0,"key":"REST"},{"data":"bronze:Verify","floor":18.0,"key":"SMITH"},{"floor":23.0,"key":"REST"},{"data":"bronze:Optimize","floor":35,"key":"SMITH"},{"floor":43,"key":"REST"},{"floor":47,"key":"REST"}],"circlet_count":0,"master_deck":["bronze:Strike","bronze:Strike+1","bronze:Strike","bronze:Defend+1","bronze:Defend","bronze:Defend","bronze:Replicate+1","bronze:Goto+1","bronze:Iterate+1","bronze:Return+1","bronze:ClassDefault","bronze:SpaghettiCode+1","bronze:FineTuning+1","bronze:Optimize+1","bronze:FineTuning+1","bronze:DelayedSlice+1","bronze:Verify+1","bronze:BronzeOrb+1","bronze:ForceShield+1","bronze:ChildClass+1","bronze:Deprecate+1","bronze:WhirlingStrike+1","bronze:SpaghettiCode+1","ReplayTheSpireMod:Stacked+1","bronze:RecursiveStrike+1","bronze:DelayedSlice+1"],"relics":["bronze:BronzeCore","Toxic Egg 2","conspire:Flyswatter","aspiration:StickyExplosives_weak","Replay:Mystery Machine","downfall:CloakOfManyFaces","CultistMask","FaceOfCleric","NlothsMask","GremlinMask","SsserpentHead","Letter Opener","conspire:SpecialSausage","halation:EternalFortune","Black Star","infinitespire:WardingShard","ReplayTheSpireMod:CursedCoin","Mirror","White Beast Statue"],"acts_visited":["Exordium","TheCity","TheBeyond"],"potions_floor_usage":[39,46,49,50,50,50,50,50,50],"damage_taken":[{"damage":7.0,"enemies":"Small Slimes","floor":2.0,"turns":4.0},{"damage":0.0,"enemies":"2 Louse","floor":5.0,"turns":2.0},{"damage":25.0,"enemies":"3 Sentries","floor":6.0,"turns":10.0},{"damage":2.0,"enemies":"conspire:RoseBush","floor":9.0,"turns":4.0},{"damage":13.0,"enemies":"downfall:FaceTrader","floor":10.0,"turns":9.0},{"damage":0.0,"enemies":"Replay:BlueRogue","floor":11.0,"turns":4.0},{"damage":10.0,"enemies":"downfall:FleeingMerchant","floor":12.0,"turns":4.0},{"damage":3.0,"enemies":"Gremlin Gang","floor":14.0,"turns":3.0},{"damage":4.0,"enemies":"Exordium Thugs","floor":15.0,"turns":3.0},{"damage":4.0,"enemies":"WA_ARCHETYPE_RETAIN","floor":16.0,"turns":4.0},{"damage":13.0,"enemies":"3 Byrds","floor":19.0,"turns":4.0},{"damage":7.0,"enemies":"Shell Parasite","floor":20.0,"turns":3.0},{"damage":3.0,"enemies":"Snecko","floor":21.0,"turns":4.0},{"damage":0.0,"enemies":"3 Cultists","floor":25.0,"turns":5.0},{"damage":0.0,"enemies":"Centurion and Healer","floor":26.0,"turns":4.0},{"damage":14.0,"enemies":"Chosen and Byrds","floor":27.0,"turns":6.0},{"damage":5.0,"enemies":"Shelled Parasite and Fungi","floor":32.0,"turns":2.0},{"damage":11.0,"enemies":"DF_ARCHETYPE_CLAW","floor":33.0,"turns":7.0},{"damage":8,"enemies":"3 Shapes","floor":36,"turns":5},{"damage":24,"enemies":"3 Darklings","floor":37,"turns":4},{"damage":33,"enemies":"Transient","floor":39,"turns":5},{"damage":0,"enemies":"downfall:FleeingMerchant","floor":42,"turns":4},{"damage":10,"enemies":"4 Shapes","floor":44,"turns":5},{"damage":8,"enemies":"3 Darklings","floor":45,"turns":2},{"damage":5,"enemies":"Sphere and 2 Shapes","floor":46,"turns":3},{"damage":0,"enemies":"Jaw Worm Horde","floor":49,"turns":2},{"damage":100,"enemies":"SI_POISON_ARCHETYPE","floor":50,"turns":5}],"seed_played":"-3770323621670331002","potions_obtained":[{"floor":6.0,"key":"Strength Potion"},{"floor":10.0,"key":"PowerPotion"},{"floor":14.0,"key":"SteroidPotion"},{"floor":15.0,"key":"EssenceOfSteel"},{"floor":20.0,"key":"Dexterity Potion"},{"floor":25.0,"key":"Swift Potion"},{"floor":39,"key":"bronze:FreeFunctionsPotion"},{"floor":44,"key":"Guardian:BlockOnCardUsePotion"},{"floor":45,"key":"EssenceOfSteel"},{"floor":46,"key":"Languid Potion"},{"floor":49,"key":"EntropicBrew"}],"is_trial":false,"path_per_floor":["R","M","?","?","M","E","T","?","M","?","E","$","R","M","M","B",null,"R","M","M","M","?","R","T","M","M","M","?","?","?","?","M","B",null,"R","M","M","AVR","M","?","T","$","R","M","M","M","R","?","M","B"],"character_chosen":"THE_AUTOMATON","items_purchased":["bronze:Optimize","ReplayTheSpireMod:CursedCoin","bronze:RecursiveStrike+1","Mirror","White Beast Statue"],"campfire_rested":4,"item_purchase_floors":[12,42,42,42,42],"current_hp_per_floor":[77,70,70,70,70,45,45,45,43,30,31,22,45,43,40,37,82,82,70,64,62,54,79,79,80,81,68,68,68,68,71,67,57,93,93,86,63,63,31,31,31,32,61,52,45,44,74,90,91,0,0,0],"gold":462,"neow_bonus":"TEN_PERCENT_HP_BONUS","is_daily":false,"chose_seed":false,"campfire_upgraded":3,"win_rate":0.0,"timestamp":1611903562,"path_taken":["R","M","?","?","M","E","T","?","M","?","E","$","R","?","M","BOSS","R","M","M","M","?","R","T","?","M","M","?","?","?","?","M","BOSS","R","M","M","AVR","M","?","T","$","R","M","?","M","R","?","M","BOSS"],"items_purchased_type":["Card","Relic","Card","Relic","Relic"],"build_version":"2020-12-22","purchased_purges":3,"victory":false,"max_hp_per_floor":[77,77,77,77,77,77,77,77,77,77,78,79,79,80,81,82,82,82,83,84,85,85,85,85,86,87,88,88,88,88,91,92,93,93,93,94,95,95,96,96,96,97,97,98,99,103,103,90,91,91,91,91],"card_choices":[{"not_picked":["bronze:OilSpill","bronze:BugBarrage"],"picked":"bronze:Iterate","floor":2.0},{"not_picked":["bronze:WildBeam","bronze:WhirlingStrike"],"picked":"bronze:Return+1","floor":5.0},{"not_picked":["bronze:FollowUp","bronze:Fortify"],"picked":"bronze:ClassDefault","floor":6.0},{"not_picked":["bronze:Shield+1","bronze:Fortify","bronze:Overheat"],"picked":"SKIP","floor":9.0},{"not_picked":["bronze:WildBeam","bronze:ChosenStrike"],"picked":"bronze:SpaghettiCode+1","floor":10.0},{"not_picked":["bronze:Overheat","bronze:Turbo+1"],"picked":"bronze:FineTuning+1","floor":11.0},{"not_picked":["bronze:OilSpill","bronze:Turbo+1","bronze:ClassDefault"],"picked":"SKIP","floor":12.0},{"not_picked":["bronze:ClassDefault","bronze:FindAndReplace+1"],"picked":"bronze:FineTuning+1","floor":14.0},{"not_picked":["bronze:Branch","bronze:Return+1"],"picked":"bronze:DelayedSlice","floor":15.0},{"not_picked":["bronze:HardenedForm","bronze:AlphaBuild"],"picked":"bronze:Verify","floor":16.0},{"not_picked":["bronze:Invalidate+1","bronze:Iterate","bronze:Overheat"],"picked":"SKIP","floor":19.0},{"not_picked":["bronze:DigitalCarnage","bronze:Overheat"],"picked":"bronze:BronzeOrb+1","floor":20.0},{"not_picked":["bronze:BitShift+1","bronze:CleanCode"],"picked":"bronze:ForceShield+1","floor":21.0},{"not_picked":["bronze:Branch","bronze:CutThrough","bronze:BugBarrage+1"],"picked":"SKIP","floor":25.0},{"not_picked":["bronze:DelayedSlice","bronze:CutThrough","bronze:NullPointer"],"picked":"SKIP","floor":26.0},{"not_picked":["bronze:Frontload+1","bronze:BuggyMess+1"],"picked":"bronze:ChildClass+1","floor":27.0},{"not_picked":["bronze:BuggyMess+1","bronze:ForceShield+1"],"picked":"bronze:Deprecate+1","floor":32.0},{"not_picked":["bronze:FineTuning+1","bronze:Shield+1","bronze:Repulsor"],"picked":"SKIP","floor":36},{"not_picked":["bronze:BuggyMess+1","bronze:Frontload+1"],"picked":"bronze:WhirlingStrike+1","floor":37},{"not_picked":["bronze:DelayedSlice","bronze:Branch"],"picked":"bronze:SpaghettiCode+1","floor":39},{"not_picked":["bronze:Fortify","bronze:ItsAFeature+1","bronze:Branch"],"picked":"SKIP","floor":42},{"not_picked":["bronze:Branch","bronze:WildBeam","bronze:BronzeOrb"],"picked":"SKIP","floor":44},{"not_picked":["bronze:OilSpill+1","bronze:Shell+1"],"picked":"bronze:DelayedSlice+1","floor":45},{"not_picked":["bronze:OilSpill","bronze:Frontload+1","bronze:CloningBeam"],"picked":"SKIP","floor":46},{"not_picked":["bronze:Fortify+1","bronze:ItsAFeature","bronze:FineTuning+1"],"picked":"SKIP","floor":49}],"player_experience":784143,"relics_obtained":[{"floor":6.0,"key":"aspiration:StickyExplosives_weak"},{"floor":7.0,"key":"Replay:Mystery Machine"},{"floor":10.0,"key":"downfall:CloakOfManyFaces"},{"floor":11.0,"key":"Letter Opener"},{"floor":41,"key":"infinitespire:WardingShard"},{"floor":46,"key":"halation:EternalFortune"}],"event_choices":[{"damage_healed":0.0,"max_hp_gain":0.0,"max_hp_loss":0.0,"gold_gain":0.0,"event_name":"betterMatch:BetterMatch","player_choice":"2","floor":29.0,"gold_loss":0.0,"damage_taken":0.0,"cards_obtained":["betterMatch:UncommonCard"]},{"cards_removed":["bronze:Replicate"],"damage_healed":0,"gold_gain":0,"player_choice":"Take \u0026 Give","damage_taken":0,"max_hp_gain":0,"max_hp_loss":0,"event_name":"betterNote:BetterNote","floor":40,"gold_loss":0,"cards_obtained":["ReplayTheSpireMod:Stacked"]}],"is_beta":false,"boss_relics":[{"not_picked":["Tiny House","Kintsugi"],"picked":"conspire:SpecialSausage"},{"not_picked":["halation:PlatinumPhoenix","aspiration:SecretTechniqueScroll"],"picked":"Black Star"}],"items_purged_floors":[38,42,42],"is_endless":false,"potions_floor_spawned":[6,10,14,15,20,25,39,44,45,46,49],"killed_by":"SI_POISON_ARCHETYPE","ascension_level":0}}