{"host":"gj3450u0c4def4mj","time":1611961104,"event":{"mods":["Act Like it!","BaseMod","Gensokyo","Koishi","Minty Spire (QoL Compilation)","StSLib"],"gold_per_floor":[113,123,137,137,137,162,162,172,197,197,3,3,17,31,31,129,129,147,157,157,168,182,182,213,213,294,294,314,331,359,379,379,477,477,492,504,518,533,533,215,249,259,259,288,300,145,145,157,157,157],"floor_reached":51,"language":"ENG","playtime":4889,"items_purged":["Koishi:BasicDefend"],"score":1098,"play_id":"436be737-a435-456f-95ce-7fc829101c89","local_time":"20210129175824","is_ascension_mode":true,"campfire_choices":[{"floor":7,"key":"REST"},{"data":"Koishi:ConfinedInnocent","floor":12,"key":"SMITH"},{"floor":15,"key":"REST"},{"floor":23,"key":"REST"},{"data":"Koishi:UnconsciousUrges","floor":25,"key":"SMITH"},{"floor":27,"key":"REST"},{"data":"Koishi:UnseenTerror","floor":32,"key":"SMITH"},{"data":"Koishi:ConfinedInnocent","floor":47,"key":"SMITH"},{"data":"Koishi:Untouchable","floor":49,"key":"SMITH"}],"circlet_count":0,"master_deck":["Koishi:BasicDefend","Koishi:BasicDefend","Koishi:BasicDefend","Koishi:Provoke","Koishi:HauntingSlash","Koishi:HeartfeltFancy","Koishi:HeartfeltFancy","Koishi:StingingMind","Koishi:UnconsciousUrges+1","Koishi:MassHysteria+1","Koishi:ConfinedInnocent+1","Koishi:PhantomBarrier","Koishi:UnseenTerror+1","Koishi:SilentAndRestless","Koishi:VengefulSpirit","Koishi:HeartfeltFancy","Koishi:DanmakuParanoia","Koishi:HeartfeltFancy","Koishi:ConfinedInnocent+1","Koishi:DNAsFlaw+1","Koishi:Jaunt+1","Koishi:SpiritedAway","Koishi:UnansweredLove+1","Master of Strategy","Koishi:SpiritedAway","Koishi:Untouchable+1","Koishi:Untouchable+1","Koishi:SilentAndRestless","Koishi:StrangeCloudFist+1"],"relics":["Koishi:ImaginaryFriend","Oddly Smooth Stone","Philosopher\u0027s Stone","Strawberry","White Beast Statue","Calipers","SacredBark","Happy Flower","Bottled Lightning","Girya","DollysMirror"],"acts_visited":["Gensokyo:Gensokyo","Gensokyo:Gensokyoer","Gensokyo:Gensokyoest"],"potions_floor_usage":[6,6,18,30,36,44,50,50,50],"damage_taken":[{"damage":6,"enemies":"Gensokyo:Gryphon","floor":1,"turns":6},{"damage":0,"enemies":"Gensokyo:Python","floor":2,"turns":4},{"damage":1,"enemies":"Gensokyo:3_Fairies","floor":3,"turns":6},{"damage":29,"enemies":"Gensokyo:Aya","floor":6,"turns":10},{"damage":19,"enemies":"Gensokyo:3_Kodama","floor":8,"turns":8},{"damage":2,"enemies":"Gensokyo:Python_and_Kodama","floor":13,"turns":5},{"damage":6,"enemies":"Gensokyo:CorruptedTreant","floor":14,"turns":8},{"damage":22,"enemies":"Gensokyo:Yukari","floor":16,"turns":13},{"damage":10,"enemies":"Gensokyo:3_Dogs","floor":18,"turns":4},{"damage":5,"enemies":"Gensokyo:AngelMirror","floor":19,"turns":4},{"damage":32,"enemies":"Gensokyo:Slime_Group","floor":21,"turns":6},{"damage":11,"enemies":"Gensokyo:Mirror_and_Dog","floor":22,"turns":6},{"damage":25,"enemies":"Gensokyo:Reisen","floor":24,"turns":12},{"damage":20,"enemies":"Gensokyo:Wraith","floor":28,"turns":5},{"damage":16,"enemies":"Gensokyo:Slime_Group","floor":29,"turns":5},{"damage":7,"enemies":"Gensokyo:Tenshi","floor":30,"turns":9},{"damage":20,"enemies":"Gensokyo:Mirror_and_Dog","floor":31,"turns":6},{"damage":42,"enemies":"Gensokyo:Kaguya","floor":33,"turns":20},{"damage":9,"enemies":"Gensokyo:3_Bats","floor":35,"turns":7},{"damage":14,"enemies":"Gensokyo:3_Boulders","floor":36,"turns":6},{"damage":14,"enemies":"Gensokyo:SeedOfUnknown","floor":37,"turns":8},{"damage":6,"enemies":"Gensokyo:AtlasGolem","floor":38,"turns":6},{"damage":11,"enemies":"Gensokyo:Doremy","floor":41,"turns":8},{"damage":8,"enemies":"Gensokyo:4_Bats","floor":42,"turns":6},{"damage":4,"enemies":"Gensokyo:Kasen","floor":44,"turns":11},{"damage":6,"enemies":"Gensokyo:Dusk_and_Dawn","floor":45,"turns":6},{"damage":0,"enemies":"Gensokyo:SeedOfUnknown","floor":48,"turns":7},{"damage":0,"enemies":"Gensokyo:Scarlet_Devils","floor":50,"turns":8}],"seed_played":"7276230616115768205","potions_obtained":[{"floor":1,"key":"Block Potion"},{"floor":2,"key":"BlessingOfTheForge"},{"floor":6,"key":"Regen Potion"},{"floor":13,"key":"FearPotion"},{"floor":14,"key":"Regen Potion"},{"floor":22,"key":"Dexterity Potion"},{"floor":28,"key":"DistilledChaos"},{"floor":29,"key":"SteroidPotion"},{"floor":30,"key":"SkillPotion"},{"floor":31,"key":"LiquidMemories"},{"floor":36,"key":"CultistPotion"},{"floor":41,"key":"PowerPotion"},{"floor":44,"key":"PowerPotion"}],"is_trial":false,"path_per_floor":["M","M","M","?","?","E","R","M","T","?","$","R","M","M","R","B",null,"M","M","?","M","M","R","E","R","T","R","M","M","E","M","R","B",null,"M","M","M","M","?","$","E","M","T","E","M","$","R","M","R","B",null],"character_chosen":"KOISHI","items_purchased":["Koishi:ConfinedInnocent","Koishi:PhantomBarrier","Koishi:ParalyzingFear","Master of Strategy","DollysMirror"],"campfire_rested":4,"item_purchase_floors":[11,11,40,40,46],"current_hp_per_floor":[48,50,50,43,43,21,42,32,32,32,32,32,34,35,56,54,68,63,61,61,38,29,50,47,47,47,70,66,58,66,52,52,36,68,78,70,77,79,79,79,79,77,77,79,79,79,79,79,79,79],"gold":157,"neow_bonus":"TWENTY_PERCENT_HP_BONUS","is_daily":false,"chose_seed":false,"campfire_upgraded":5,"win_rate":0.0,"timestamp":1611961104,"path_taken":["M","M","M","?","?","E","R","M","T","?","$","R","?","M","R","BOSS","M","M","?","M","M","R","E","R","T","R","M","?","E","M","R","BOSS","M","?","M","M","?","$","E","M","T","E","M","?","R","M","R","BOSS"],"items_purchased_type":["Card","Card","Card","Card","Relic"],"build_version":"2020-12-22","purchased_purges":1,"victory":true,"max_hp_per_floor":[72,72,72,72,72,72,72,72,72,72,72,72,72,72,72,72,72,72,72,72,72,72,72,79,79,79,79,79,79,79,79,79,79,79,79,79,79,79,79,79,79,79,79,79,79,79,79,79,79,79],"card_choices":[{"not_picked":["Koishi:PhilosophyOfTheDespised","Koishi:SpiritedAway"],"picked":"Koishi:HeartfeltFancy","floor":1},{"not_picked":["Koishi:DreadfulBlow","Koishi:SubconsciousSweep","Koishi:SubterraneanRose"],"picked":"SKIP","floor":2},{"not_picked":["Koishi:JumpScare","Koishi:ReflexRadar"],"picked":"Koishi:HeartfeltFancy","floor":3},{"not_picked":["Koishi:FleetingPhantom","Koishi:UnconsciousUprising"],"picked":"Koishi:StingingMind","floor":6},{"not_picked":["Koishi:EmbryosDream","Koishi:Prune"],"picked":"Koishi:UnconsciousUrges","floor":8},{"not_picked":["Koishi:LastRemote","Koishi:Prune"],"picked":"Koishi:UnseenTerror","floor":13},{"not_picked":["Koishi:ParalyzingFear","Koishi:StingingMind","Koishi:GeneticsOfTheUnconscious"],"picked":"SKIP","floor":14},{"not_picked":["Koishi:PerfectMindControl","Koishi:GrowingPain"],"picked":"Koishi:SilentAndRestless","floor":16},{"not_picked":["Koishi:EmbersOfLove","Koishi:ParalyzingFear","Koishi:SubterraneanRose"],"picked":"SKIP","floor":18},{"not_picked":["Koishi:ReflexRadar","Koishi:Catatonia","Koishi:Possession"],"picked":"SKIP","floor":19},{"not_picked":["Koishi:FidgetySnatcher","Koishi:Catatonia","Koishi:EmbersOfLove"],"picked":"SKIP","floor":21},{"not_picked":["Koishi:DreadfulBlow+1","Koishi:SubterraneanRose"],"picked":"Koishi:VengefulSpirit","floor":22},{"not_picked":["Koishi:VengefulSpirit","Koishi:Whimsy","Koishi:FidgetySnatcher+1"],"picked":"SKIP","floor":24},{"not_picked":["Koishi:Jaunt","Koishi:EmbersOfLove"],"picked":"Koishi:HeartfeltFancy","floor":28},{"not_picked":["Koishi:VengefulSpirit","Koishi:Whimsy"],"picked":"Koishi:DanmakuParanoia","floor":29},{"not_picked":["Koishi:SubconsciousSweep","Koishi:ParalyzingFear","Koishi:UnconsciousUprising"],"picked":"SKIP","floor":30},{"not_picked":["Koishi:SuperEgo","Koishi:SubconsciousSweep"],"picked":"Koishi:HeartfeltFancy","floor":31},{"not_picked":["Koishi:RuptureMind","Koishi:SilentAndRestless"],"picked":"Koishi:ConfinedInnocent","floor":33},{"not_picked":["Koishi:UnconsciousUprising","Koishi:UnansweredLove+1"],"picked":"Koishi:DNAsFlaw+1","floor":35},{"not_picked":["Koishi:PhantomStrike+1","Koishi:MassHysteria"],"picked":"Koishi:Jaunt+1","floor":36},{"not_picked":["Koishi:UnconsciousUrges","Koishi:HeartAttack"],"picked":"Koishi:SpiritedAway","floor":37},{"not_picked":["Koishi:StingingMind+1","Koishi:Prune+1"],"picked":"Koishi:UnansweredLove+1","floor":38},{"not_picked":["Koishi:SubterraneanRose","Koishi:PhantomStrike"],"picked":"Koishi:SpiritedAway","floor":41},{"not_picked":["Koishi:UnseenTerror+1","Koishi:ReflexRadar+1"],"picked":"Koishi:Untouchable+1","floor":42},{"not_picked":["Koishi:Bloodlust+1","Koishi:YoukaiPolygraph"],"picked":"Koishi:Untouchable","floor":44},{"not_picked":["Koishi:LastRemote+1","Koishi:RorschachInDanmaku+1","Koishi:ReleaseOfTheId+1"],"picked":"SKIP","floor":45},{"not_picked":["Koishi:UnseenTerror+1","Koishi:Possession"],"picked":"Koishi:StrangeCloudFist+1","floor":48}],"player_experience":83528,"relics_obtained":[{"floor":6,"key":"Oddly Smooth Stone"},{"floor":9,"key":"Potion Belt"},{"floor":24,"key":"Strawberry"},{"floor":26,"key":"White Beast Statue"},{"floor":30,"key":"Calipers"},{"floor":41,"key":"Happy Flower"},{"floor":43,"key":"Bottled Lightning"},{"floor":44,"key":"Girya"}],"event_choices":[],"is_beta":false,"boss_relics":[{"not_picked":["Koishi:ColorfulDays","Pandora\u0027s Box"],"picked":"Philosopher\u0027s Stone"},{"not_picked":["SlaversCollar","Tiny House"],"picked":"SacredBark"}],"items_purged_floors":[40],"is_endless":false,"potions_floor_spawned":[1,2,6,13,14,22,28,29,30,31,33,35,36,37,38,41,42,44,45,48],"ascension_level":7}}