{"host":"ty7uytdfitsmf36k","time":1611934647,"event":{"mods":["AchievementEnabler","BaseMod","Colored Map","Colored Powertips","DeckTracker","Downfall","Infinite Spire","Minty Spire (QoL Compilation)","Relic Stats","Replay The Spire","Spire Arcade","StSLib","SuperFastMode","The Jungle","Wandering Minibosses"],"gold_per_floor":[0,17,36,36,55,82,82,82,109,119,119,133,185,213,226,226,226,226],"floor_reached":16,"language":"ENG","playtime":699,"items_purged":[],"score":128,"play_id":"5ae607e1-e829-4d4c-aa95-9e464904bc92","local_time":"20210129103727","is_ascension_mode":true,"campfire_choices":[{"data":"hexamod:Float","floor":1,"key":"SMITH"},{"data":"hexamod:ThermalTransfer","floor":8,"key":"SMITH"},{"data":"hexamod:SwordOfDarkness","floor":11,"key":"SMITH"}],"circlet_count":0,"master_deck":["hexamod:Strike","hexamod:Strike","hexamod:Strike","hexamod:Defend","hexamod:Defend","hexamod:Defend","hexamod:Defend","hexamod:Sear","hexamod:Float+1","hexamod:ChargedBarrage","hexamod:ThermalTransfer+1","hexamod:SwordOfDarkness+1","hexamod:NightmareGuise","hexamod:PhantomCloak","hexamod:NightmareStrike","hexamod:AdvancingGuard","hexamod:EmpoweredFlame","hexamod:FirstSeal"],"relics":["hexamod:SpiritBrand","Matryoshka","Potion Belt","Replay:WaspNest","Orichalcum","ReplayFunnel","Omamori","Bottled Flame"],"acts_visited":["Exordium"],"potions_floor_usage":[],"damage_taken":[{"damage":0,"enemies":"Small Slimes","floor":2,"turns":3},{"damage":0,"enemies":"Cultist","floor":3,"turns":3},{"damage":3,"enemies":"2 Louse","floor":5,"turns":3},{"damage":15,"enemies":"3 Sentries","floor":6,"turns":10},{"damage":8,"enemies":"Lagavulin","floor":9,"turns":6},{"damage":0,"enemies":"Blue Slaver","floor":10,"turns":4},{"damage":9,"enemies":"Large Slime","floor":12,"turns":6},{"damage":14,"enemies":"3 Sentries","floor":14,"turns":7},{"damage":11,"enemies":"Exordium Wildlife","floor":15,"turns":4},{"damage":24,"enemies":"WA_ARCHETYPE_RETAIN","floor":16,"turns":6}],"seed_played":"-4392093119495863106","potions_obtained":[{"floor":2,"key":"Dexterity Potion"},{"floor":9,"key":"Toxic Potion"},{"floor":10,"key":"Ancient Potion"}],"is_trial":false,"path_per_floor":["R_BF","M","M","?","M","E","T","R","E","M","R","M","T","E","M","B"],"character_chosen":"THE_SPIRIT","items_purchased":[],"campfire_rested":0,"item_purchase_floors":[],"current_hp_per_floor":[84,84,84,84,81,66,66,66,58,58,58,49,49,35,24,0,0,0],"gold":226,"neow_bonus":"TWENTY_PERCENT_HP_BONUS","is_daily":false,"chose_seed":false,"campfire_upgraded":3,"win_rate":0.0,"timestamp":1611934647,"path_taken":["R_BF","M","M","?","M","E","T","R","E","M","R","?","?","E","M","BOSS"],"items_purchased_type":[],"build_version":"2020-12-22","purchased_purges":0,"victory":false,"max_hp_per_floor":[84,84,84,84,84,84,84,84,84,84,84,84,84,84,84,84,84,84],"relic_stats":{"counters":[10,52],"Orichalcum":[6],"obtain_stats":[{"Potion Belt":7,"ReplayFunnel":13,"Bottled Flame":14,"Matryoshka":6,"Replay:WaspNest":7,"Omamori":13,"Orichalcum":9,"hexamod:SpiritBrand":0},{"Potion Belt":4,"ReplayFunnel":7,"Bottled Flame":8,"Matryoshka":4,"Replay:WaspNest":4,"Omamori":7,"Orichalcum":5,"hexamod:SpiritBrand":0},{"Potion Belt":19,"ReplayFunnel":35,"Bottled Flame":42,"Matryoshka":19,"Replay:WaspNest":19,"Omamori":35,"Orichalcum":25,"hexamod:SpiritBrand":0}]},"card_choices":[{"not_picked":["hexamod:GhostLash","hexamod:Firestarter"],"picked":"hexamod:ChargedBarrage","floor":2},{"not_picked":["hexamod:SuperheatedStrike","hexamod:BacktrackSmack"],"picked":"hexamod:ThermalTransfer","floor":3},{"not_picked":["hexamod:FlamesFromBeyond","hexamod:CatchUp"],"picked":"hexamod:SwordOfDarkness","floor":5},{"not_picked":["hexamod:NightmareStrike","hexamod:HeatCrush"],"picked":"hexamod:NightmareGuise","floor":6},{"not_picked":["hexamod:BacktrackSmack","hexamod:HeatMetal"],"picked":"hexamod:PhantomCloak","floor":9},{"not_picked":["hexamod:RetreatToShadows","hexamod:HauntingEcho"],"picked":"hexamod:NightmareStrike","floor":10},{"not_picked":["hexamod:BacktrackSmack","hexamod:HauntingEcho"],"picked":"hexamod:AdvancingGuard","floor":12},{"not_picked":["hexamod:BurningTouch","hexamod:Firestarter"],"picked":"hexamod:EmpoweredFlame","floor":14},{"not_picked":["hexamod:Haunt","hexamod:Again"],"picked":"hexamod:FirstSeal","floor":15}],"player_experience":201790,"relics_obtained":[{"floor":6,"key":"Matryoshka"},{"floor":7,"key":"Potion Belt"},{"floor":7,"key":"Replay:WaspNest"},{"floor":9,"key":"Orichalcum"},{"floor":13,"key":"ReplayFunnel"},{"floor":13,"key":"Omamori"},{"floor":14,"key":"Bottled Flame"}],"event_choices":[{"cards_removed":["hexamod:Strike"],"damage_healed":0,"gold_gain":0,"player_choice":"Offered Basic","damage_taken":0,"max_hp_gain":0,"max_hp_loss":0,"event_name":"Bonfire Elementals","floor":4,"gold_loss":0}],"is_beta":false,"boss_relics":[],"items_purged_floors":[],"is_endless":false,"potions_floor_spawned":[2,9,10],"killed_by":"WA_ARCHETYPE_RETAIN","ascension_level":1}}