{"host":"k7udt7atmcuzf6l0","time":1611885635,"event":{"mods":["AchievementEnabler","BaseMod","BetterRewards","Colored Map","Colored Powertips","Highlight Path","Minty Spire (QoL Compilation)","Quick Restart","Rare Cards Sparkle","Relic Stats","StSLib","UnlockEverythingMod"],"gold_per_floor":[116,127,6,6,6,6,24,56,80,95,95,108,138,38,38,133,133,150,167,178,188,188,188,213,213,213,229,229,229,21,35,35,139,139,152,168,168,188,188,216,216,246,246,55,55,55,55,74,74,74],"floor_reached":51,"language":"ZHS","playtime":1059,"items_purged":[],"score":810,"play_id":"d056a37e-fd6c-44be-b743-a853957d9356","local_time":"20210129100035","is_ascension_mode":false,"campfire_choices":[{"data":"Flex","floor":6.0,"key":"SMITH"},{"data":"Inflame","floor":11.0,"key":"SMITH"},{"data":"Armaments","floor":15.0,"key":"SMITH"},{"data":"Body Slam","floor":23,"key":"SMITH"},{"data":"Limit Break","floor":25,"key":"SMITH"},{"data":"Dual Wield","floor":28,"key":"SMITH"},{"data":"Shockwave","floor":32,"key":"SMITH"},{"data":"Whirlwind","floor":41,"key":"SMITH"},{"data":"Clash","floor":45,"key":"SMITH"},{"data":"Bash","floor":49,"key":"SMITH"}],"circlet_count":0,"master_deck":["Strike_R","Strike_R","Strike_R","Strike_R","Strike_R","Defend_R","Defend_R","Defend_R","Bash+1","Inflame+1","Shockwave+1","Flex+1","Whirlwind+1","Dropkick","Clash+1","Dual Wield+1","Armaments+1","Reaper","Limit Break+1","Clash+1","Armaments+1","Havoc+1","Feed","Clash+1","Clash+1","Uppercut+1","Warcry+1","Blind+1","Rage+1"],"relics":["Burning Blood","NeowsBlessing","Blood Vial","Omamori","TungstenRod","Coffee Dripper","Regal Pillow","Paper Frog","Toxic Egg 2","Necronomicon","Red Skull","Sozu","Oddly Smooth Stone","FossilizedHelix","InkBottle","Happy Flower","Bottled Flame"],"acts_visited":["Exordium","TheCity","TheBeyond"],"potions_floor_usage":[19,21,24,24,24,31],"damage_taken":[{"damage":0.0,"enemies":"Jaw Worm","floor":1.0,"turns":1.0},{"damage":0.0,"enemies":"Cultist","floor":2.0,"turns":1.0},{"damage":0.0,"enemies":"2 Louse","floor":7.0,"turns":1.0},{"damage":0.0,"enemies":"Gremlin Nob","floor":8.0,"turns":2.0},{"damage":3.0,"enemies":"Large Slime","floor":10.0,"turns":3.0},{"damage":11.0,"enemies":"Exordium Wildlife","floor":12.0,"turns":3.0},{"damage":0.0,"enemies":"Lagavulin","floor":13.0,"turns":4.0},{"damage":34.0,"enemies":"Slime Boss","floor":16.0,"turns":7.0},{"damage":27.0,"enemies":"Shell Parasite","floor":18.0,"turns":4.0},{"damage":25,"enemies":"2 Thieves","floor":19,"turns":3},{"damage":12,"enemies":"Centurion and Healer","floor":20,"turns":4},{"damage":13,"enemies":"Snecko","floor":21,"turns":4},{"damage":15,"enemies":"Gremlin Leader","floor":24,"turns":5},{"damage":0,"enemies":"Snake Plant","floor":27,"turns":2},{"damage":5,"enemies":"3 Cultists","floor":31,"turns":3},{"damage":33,"enemies":"Collector","floor":33,"turns":4},{"damage":20,"enemies":"3 Shapes","floor":35,"turns":1},{"damage":9,"enemies":"Orb Walker","floor":36,"turns":2},{"damage":1,"enemies":"Maw","floor":38,"turns":4},{"damage":33,"enemies":"Giant Head","floor":40,"turns":6},{"damage":41,"enemies":"Nemesis","floor":42,"turns":5},{"damage":19,"enemies":"Writhing Mass","floor":48,"turns":3},{"damage":60,"enemies":"Time Eater","floor":50,"turns":5}],"seed_played":"-1486067928998835335","potions_obtained":[{"floor":1.0,"key":"DistilledChaos"},{"floor":7.0,"key":"ElixirPotion"},{"floor":8.0,"key":"Weak Potion"},{"floor":12.0,"key":"SneckoOil"},{"floor":18.0,"key":"EntropicBrew"},{"floor":20,"key":"SkillPotion"},{"floor":24,"key":"Explosive Potion"}],"is_trial":false,"path_per_floor":["M","M","$","?","$","R","M","E","T","M","R","M","E","$","R","B",null,"M","M","M","M","?","R","E","R","T","M","R","?","$","M","R","B",null,"M","M","?","M","$","E","R","E","T","$","R","T","?","M","R","B",null],"character_chosen":"IRONCLAD","items_purchased":["Flex","Whirlwind","FairyPotion","Red Skull","Havoc+1","Happy Flower","Warcry+1"],"campfire_rested":0,"item_purchase_floors":[3,3,14,30,30,44,44],"current_hp_per_floor":[80,80,80,80,80,80,80,80,80,80,80,75,80,80,80,73,80,74,57,53,48,48,48,68,68,68,76,76,64,64,67,67,42,80,66,65,65,72,72,65,65,60,60,60,60,60,60,49,49,42],"gold":74,"neow_bonus":"THREE_ENEMY_KILL","is_daily":false,"chose_seed":false,"campfire_upgraded":10,"win_rate":0.0,"timestamp":1611885635,"path_taken":["M","M","$","?","?","R","M","E","T","M","R","M","E","$","R","BOSS","M","M","M","M","?","R","E","R","T","M","R","?","?","M","R","BOSS","M","M","?","M","$","E","R","E","T","$","R","?","?","M","R","BOSS"],"items_purchased_type":["Card","Card","Potion","Relic","Card","Relic","Card"],"build_version":"2020-12-22","purchased_purges":0,"victory":true,"max_hp_per_floor":[80,80,80,80,80,80,80,80,80,80,80,80,80,80,80,80,80,80,80,80,80,80,80,80,80,80,80,80,80,80,80,80,80,80,80,80,80,80,80,80,80,80,80,80,80,80,80,80,80,80],"relic_stats":{"Blood Vial":28,"Sozu":4,"Regal Pillow":0,"Happy Flower":[2],"counters":[23,77],"Necronomicon":[17],"obtain_stats":[{"Regal Pillow":22,"NeowsBlessing":0,"Happy Flower":44,"Oddly Smooth Stone":40,"Omamori":9,"Burning Blood":0,"Blood Vial":8,"Sozu":34,"Bottled Flame":46,"Coffee Dripper":17,"Necronomicon":29,"Toxic Egg 2":26,"TungstenRod":13,"Red Skull":30,"FossilizedHelix":42,"InkBottle":43,"Paper Frog":24},{"Regal Pillow":12,"NeowsBlessing":0,"Happy Flower":21,"Oddly Smooth Stone":20,"Omamori":4,"Burning Blood":0,"Blood Vial":4,"Sozu":16,"Bottled Flame":21,"Coffee Dripper":8,"Necronomicon":14,"Toxic Egg 2":13,"TungstenRod":7,"Red Skull":14,"FossilizedHelix":21,"InkBottle":21,"Paper Frog":13},{"Regal Pillow":37,"NeowsBlessing":0,"Happy Flower":69,"Oddly Smooth Stone":64,"Omamori":5,"Burning Blood":0,"Blood Vial":5,"Sozu":51,"Bottled Flame":69,"Coffee Dripper":22,"Necronomicon":44,"Toxic Egg 2":42,"TungstenRod":15,"Red Skull":44,"FossilizedHelix":69,"InkBottle":69,"Paper Frog":42}],"Burning Blood":108,"TungstenRod":59,"InkBottle":[3]},"card_choices":[{"not_picked":["Iron Wave","Whirlwind"],"picked":"Inflame","floor":1.0},{"not_picked":["Armaments","Pommel Strike"],"picked":"Shockwave","floor":2.0},{"not_picked":["Flex","Twin Strike"],"picked":"Clash","floor":7.0},{"not_picked":["Searing Blow","Dark Embrace"],"picked":"Dual Wield","floor":8.0},{"not_picked":["Iron Wave","Havoc","Metallicize"],"picked":"SKIP","floor":10.0},{"not_picked":["Iron Wave","Havoc","Metallicize"],"picked":"SKIP","floor":10.0},{"not_picked":["Thunderclap","Clothesline"],"picked":"Armaments","floor":12.0},{"not_picked":["Intimidate","Hemokinesis"],"picked":"Reaper","floor":13.0},{"not_picked":["Juggernaut","Fiend Fire"],"picked":"Limit Break","floor":16.0},{"not_picked":["Clothesline","Shrug It Off","Flex"],"picked":"SKIP","floor":18.0},{"not_picked":["Flame Barrier","Pommel Strike+1"],"picked":"Body Slam","floor":19},{"not_picked":["Headbutt+1","Pummel"],"picked":"Clash+1","floor":20},{"not_picked":["Searing Blow","Armaments","Thunderclap"],"picked":"SKIP","floor":21},{"not_picked":["Wild Strike","Inflame","Sentinel+1"],"picked":"SKIP","floor":24},{"not_picked":["Headbutt","Wild Strike"],"picked":"Armaments+1","floor":27},{"not_picked":["Ghostly Armor+1","Rampage","Reckless Charge"],"picked":"SKIP","floor":31},{"not_picked":["Demon Form","Bludgeon"],"picked":"Feed","floor":33},{"not_picked":["Clothesline","Inflame"],"picked":"Clash+1","floor":35},{"not_picked":["Reckless Charge","Searing Blow+1"],"picked":"Clash+1","floor":36},{"not_picked":["Wild Strike+1","Heavy Blade","Anger+1"],"picked":"SKIP","floor":38},{"not_picked":["Armaments+1","Fiend Fire","Shrug It Off+1"],"picked":"SKIP","floor":40},{"not_picked":["Shrug It Off+1","Iron Wave"],"picked":"Uppercut+1","floor":42},{"not_picked":["Heavy Blade","Wild Strike+1"],"picked":"Rage+1","floor":48}],"player_experience":17101,"relics_obtained":[{"floor":8.0,"key":"Blood Vial"},{"floor":9.0,"key":"Omamori"},{"floor":13.0,"key":"TungstenRod"},{"floor":24,"key":"Paper Frog"},{"floor":26,"key":"Toxic Egg 2"},{"floor":29,"key":"Necronomicon"},{"floor":40,"key":"Oddly Smooth Stone"},{"floor":42,"key":"FossilizedHelix"},{"floor":43,"key":"InkBottle"},{"floor":46,"key":"Bottled Flame"}],"event_choices":[{"damage_healed":0.0,"max_hp_gain":0.0,"max_hp_loss":0.0,"gold_gain":0.0,"cards_transformed":["Defend_R"],"event_name":"Transmorgrifier","player_choice":"Transformed","floor":4.0,"gold_loss":0.0,"damage_taken":0.0,"cards_obtained":["Dropkick"]},{"damage_healed":0,"gold_gain":0,"player_choice":"Opened","damage_taken":0,"relics_obtained":["Regal Pillow"],"max_hp_gain":0,"max_hp_loss":0,"event_name":"The Mausoleum","floor":22,"gold_loss":0},{"damage_healed":0,"gold_gain":0,"player_choice":"Obtained Book","damage_taken":16,"max_hp_gain":0,"max_hp_loss":0,"event_name":"Cursed Tome","floor":29,"gold_loss":0},{"cards_removed":["Body Slam"],"damage_healed":0,"gold_gain":0,"player_choice":"Removed Attack","damage_taken":0,"max_hp_gain":0,"max_hp_loss":0,"event_name":"Falling","floor":37,"gold_loss":0},{"damage_healed":0,"gold_gain":0,"player_choice":"1 cards matched","damage_taken":0,"max_hp_gain":0,"max_hp_loss":0,"event_name":"Match and Keep!","floor":47,"gold_loss":0,"cards_obtained":["Blind"]}],"is_beta":false,"boss_relics":[{"not_picked":["Runic Dome","Ectoplasm"],"picked":"Coffee Dripper"},{"not_picked":["Runic Cube","Black Blood"],"picked":"Sozu"}],"items_purged_floors":[],"is_endless":false,"potions_floor_spawned":[1,7,8,12,18,20,24,35,36,40,42],"ascension_level":0}}