{"host":"5nrsd95zehlinljn","time":1611963947,"event":{"mods":["2.2 Compatiblity","BaseMod","Beaked The Cultist","Better Note","Friendly Minions","GifTheSpireLib","Mad Scientist","Minty Spire (QoL Compilation)","StS++","StSLib","The Construct","The Disciple","everything is the same but u backflip on backflip","thorton"],"gold_per_floor":[110,121,90,108,123,123,141,141,165,145,145,155,182,182,182,285,285,299,314,28,28,28],"floor_reached":21,"language":"ENG","playtime":4142,"items_purged":[],"score":181,"play_id":"a76ea2d8-1aba-4779-a2cb-3e73e51d0573","local_time":"20210129234547","is_ascension_mode":false,"campfire_choices":[{"data":"beaked:Ceremony","floor":6.0,"key":"SMITH"},{"data":"beaked:Ceremony","floor":8.0,"key":"SMITH"},{"data":"beaked:Ceremony","floor":11.0,"key":"SMITH"},{"floor":15,"key":"REST"}],"circlet_count":0,"master_deck":["beaked:Strike_Y","beaked:Strike_Y","beaked:Strike_Y","beaked:Strike_Y","beaked:Strike_Y","beaked:Strike_Y","beaked:Defend_Y","beaked:Defend_Y","beaked:Defend_Y","beaked:Defend_Y","beaked:Ceremony+1","beaked:Ceremony+1","beaked:Ceremony+1","beaked:BraceForImpact","beaked:Brace","beaked:Brace","beaked:Roost","beaked:Brace","beaked:ScreechingChant","beaked:MachineEssence"],"relics":["beaked:MendingPlumage","Prayer Wheel","Nunchaku","Bag of Preparation","beaked:SacrificeDoll","Mango"],"acts_visited":["Exordium","TheCity"],"potions_floor_usage":[13,18,19,21],"damage_taken":[{"damage":12.0,"enemies":"Jaw Worm","floor":1.0,"turns":6.0},{"damage":14.0,"enemies":"2 Louse","floor":2.0,"turns":5.0},{"damage":7.0,"enemies":"Cultist","floor":4.0,"turns":5.0},{"damage":23.0,"enemies":"Blue Slaver","floor":5.0,"turns":6.0},{"damage":13.0,"enemies":"Exordium Wildlife","floor":7.0,"turns":7.0},{"damage":0.0,"enemies":"Lots of Slimes","floor":12.0,"turns":1.0},{"damage":43,"enemies":"Gremlin Nob","floor":13,"turns":7},{"damage":24,"enemies":"Hexaghost","floor":16,"turns":11},{"damage":0,"enemies":"3 Byrds","floor":18,"turns":5},{"damage":15,"enemies":"Shell Parasite","floor":19,"turns":7},{"damage":104,"enemies":"3 Cultists","floor":21,"turns":5}],"seed_played":"2401526071878418703","potions_obtained":[{"floor":1.0,"key":"FairyPotion"},{"floor":2.0,"key":"Explosive Potion"},{"floor":10.0,"key":"SkillPotion"},{"floor":12,"key":"SpeedPotion"},{"floor":13,"key":"AttackPotion"},{"floor":16,"key":"PowerPotion"},{"floor":18,"key":"SpeedPotion"}],"is_trial":false,"path_per_floor":["M","M","?","M","M","R","M","R","T","?","R","M","E","?","R","B",null,"M","M","$","M"],"character_chosen":"BEAKED_THE_CULTIST","items_purchased":["Mango"],"campfire_rested":1,"item_purchase_floors":[20],"current_hp_per_floor":[38,36,36,44,39,39,47,47,47,47,47,50,23,23,38,47,50,50,50,64,0,0],"gold":28,"neow_bonus":"ONE_RARE_RELIC","is_daily":false,"chose_seed":false,"campfire_upgraded":3,"win_rate":0.0,"timestamp":1611963947,"path_taken":["M","M","?","M","M","R","M","R","T","?","R","?","E","?","R","BOSS","M","M","$","M"],"items_purchased_type":["Relic"],"build_version":"2020-12-22","purchased_purges":0,"victory":false,"max_hp_per_floor":[50,50,50,50,50,50,50,50,50,50,50,50,50,50,50,50,50,50,50,64,64,64],"card_choices":[{"not_picked":["beaked:HuntressSpirit","beaked:MimicWarrior"],"picked":"beaked:BraceForImpact","floor":1.0},{"not_picked":["beaked:Tradeoff","beaked:BarbedWire","beaked:Resilience"],"picked":"SKIP","floor":1.0},{"not_picked":["beaked:Poke","beaked:TuckingFeathers"],"picked":"beaked:Brace","floor":2.0},{"not_picked":["beaked:SacrificialAttack","beaked:FeelMyPain","beaked:StickSmack"],"picked":"SKIP","floor":2.0},{"not_picked":["beaked:CursingBlood","beaked:FeelMyPain"],"picked":"beaked:Brace","floor":4.0},{"not_picked":["beaked:Overpower","beaked:Molting","beaked:Cower"],"picked":"SKIP","floor":4.0},{"not_picked":["beaked:Flinch","beaked:Overexert","beaked:DigDeep"],"picked":"SKIP","floor":5.0},{"not_picked":["beaked:BounceBack","beaked:MimicWarrior","beaked:HuntressEssence"],"picked":"SKIP","floor":5.0},{"not_picked":["beaked:WarriorEssence","beaked:RitualOfBody"],"picked":"beaked:Roost","floor":7.0},{"not_picked":["beaked:CrazyRituals","beaked:CursingBlood"],"picked":"beaked:Brace","floor":7.0},{"not_picked":["beaked:SacrificialDive","beaked:Tweet","beaked:CrazyRituals"],"picked":"SKIP","floor":12},{"not_picked":["beaked:Struggle","beaked:Poke","beaked:Cower"],"picked":"SKIP","floor":12},{"not_picked":["beaked:Daydream","beaked:MimicMachine","beaked:DarkPact"],"picked":"SKIP","floor":13},{"not_picked":["beaked:LiftOff","beaked:WildInstinct"],"picked":"beaked:ScreechingChant","floor":16},{"not_picked":["beaked:Windmill","beaked:Negation","beaked:StunningBlow"],"picked":"SKIP","floor":18},{"not_picked":["beaked:Tradeoff+1","beaked:Redirect","beaked:CursingBlood"],"picked":"SKIP","floor":18},{"not_picked":["beaked:Evade+1","beaked:Poke+1"],"picked":"beaked:MachineEssence","floor":19},{"not_picked":["beaked:TuckingFeathers","beaked:Roost","beaked:SacrificialAttack"],"picked":"SKIP","floor":19}],"player_experience":3208164,"relics_obtained":[{"floor":9.0,"key":"Nunchaku"},{"floor":13,"key":"Bag of Preparation"}],"event_choices":[{"damage_healed":0.0,"max_hp_gain":0.0,"max_hp_loss":0.0,"gold_gain":0.0,"event_name":"World of Goop","player_choice":"Left Gold","floor":3.0,"gold_loss":31.0,"damage_taken":0.0},{"damage_healed":0.0,"max_hp_gain":0.0,"max_hp_loss":0.0,"gold_gain":0.0,"event_name":"The Woman in Blue","player_choice":"Bought 1 Potion","floor":10.0,"gold_loss":0.0,"damage_taken":0.0},{"damage_healed":0,"gold_gain":0,"player_choice":"Ignored","damage_taken":0,"max_hp_gain":0,"max_hp_loss":0,"event_name":"Liars Game","floor":14,"gold_loss":0}],"is_beta":false,"boss_relics":[{"not_picked":["SacredBark","Fusion Hammer"],"picked":"beaked:SacrificeDoll"}],"items_purged_floors":[],"is_endless":false,"potions_floor_spawned":[1,2,12,13,16,18],"killed_by":"3 Cultists","ascension_level":0}}