{"host":"qnxnem68q7ulahas","time":1611931237,"event":{"mods":["100% Spire Juice","ATMod(阿瑾Mod)","Act Like it!","Arknights The Spire","BaseMod","Better Vampires","Challenge The Spire","Decade(王小明)","GungeonMod","Highlight Path","Minty Spire (QoL Compilation)","Replay The Spire","Robot Space Explorer","RumiaBox-露米娅的神秘盒子","SOS（斯巴达之子）","Spicy Shops","StSLib","The Animator","[IsaacMod]以撒尖塔","【功能Mod】混沌之环修复补丁","【遗物卡牌】REMEMod"],"gold_per_floor":[110,121,136,149,149,174,26,53,53,53,53,53,64,64,64,169,169,184,198,213,213,213,213,229,117,117,117,135,187,210,220,220,316,316,334,334,334,363,363,363,396,396,396,430,430,430],"floor_reached":48,"language":"ZHS","playtime":1709,"items_purged":["RobotSpaceExplorer:Strike","RobotSpaceExplorer:Strike","RobotSpaceExplorer:Strike+1","AT_BreakingExtremeWeapon"],"score":574,"play_id":"efca158f-8edc-4391-ae1e-090d269c7cd0","local_time":"20210129224037","is_ascension_mode":false,"campfire_choices":[{"data":"RobotSpaceExplorer:Multitool","floor":11.0,"key":"SMITH"},{"data":"RobotSpaceExplorer:ChargingLaser","floor":15.0,"key":"SMITH"},{"data":"RobotSpaceExplorer:HighVoltage","floor":23.0,"key":"SMITH"},{"data":"RobotSpaceExplorer:Discharger","floor":27.0,"key":"SMITH"},{"data":"RobotSpaceExplorer:MetalStrike","floor":32.0,"key":"SMITH"},{"data":"RobotSpaceExplorer:Scanner","floor":36,"key":"SMITH"},{"data":"RobotSpaceExplorer:SelfCleaning","floor":40,"key":"SMITH"},{"data":"RobotSpaceExplorer:Electropulse","floor":44,"key":"SMITH"}],"circlet_count":0,"master_deck":["RobotSpaceExplorer:Defend","RobotSpaceExplorer:Defend","RobotSpaceExplorer:Defend","RobotSpaceExplorer:Defend","RobotSpaceExplorer:Scan","RobotSpaceExplorer:MiniLasers","RobotSpaceExplorer:SelfCleaning+1","RobotSpaceExplorer:FreezeRay+1","RobotSpaceExplorer:Discharger+1","RobotSpaceExplorer:ChargingLaser+1","RobotSpaceExplorer:ShockKick","RobotSpaceExplorer:Multitool+1","RobotSpaceExplorer:ChargingLaser+1","RobotSpaceExplorer:MetalStrike+1","RobotSpaceExplorer:HighVoltage+1","RobotSpaceExplorer:FranticSearch+1","RobotSpaceExplorer:MiniBoosters+1","RobotSpaceExplorer:Scanner+1","RobotSpaceExplorer:ShockKick+1","RobotSpaceExplorer:Electropulse+1"],"relics":["RobotSpaceExplorer:RoboCore","HushsDoor","REME_ComplimentaryCards","AT_ATBox","YumHeart","NeowsBlessing","Orichalcum","SteamSale","Odd Mushroom","AT_EbonyIvory","AT_TrinityForce","AT_SunfireAegis","Onion Ring","GodSword3","DemoMod:PoisonVial","Replay:Bronze Core","AT_GuinsooRageblade","Potion Belt","NineLifeCat","AT_BladeRuinedKing"],"acts_visited":["Exordium","TheCity","TheBeyond","TheEnding","TheEnding","TheEnding","TheEnding","TheEnding","TheEnding","TheEnding","TheEnding","TheEnding","TheEnding"],"potions_floor_usage":[39,47,48],"damage_taken":[{"damage":0.0,"enemies":"Cultist","floor":1.0,"turns":1.0},{"damage":0.0,"enemies":"Small Slimes","floor":2.0,"turns":1.0},{"damage":0.0,"enemies":"Jaw Worm","floor":3.0,"turns":1.0},{"damage":0.0,"enemies":"Looter","floor":4.0,"turns":5.0},{"damage":11.0,"enemies":"Gremlin Nob","floor":6.0,"turns":4.0},{"damage":8.0,"enemies":"The Mushroom Lair","floor":8.0,"turns":4.0},{"damage":9.0,"enemies":"3 Louse","floor":13.0,"turns":4.0},{"damage":9.0,"enemies":"Fading Forest","floor":16.0,"turns":11.0},{"damage":11.0,"enemies":"2 Thieves","floor":18.0,"turns":3.0},{"damage":0.0,"enemies":"Chosen","floor":19.0,"turns":3.0},{"damage":17.0,"enemies":"Shelled Parasite and Fungi","floor":20.0,"turns":3.0},{"damage":0.0,"enemies":"Centurion and Healer","floor":24.0,"turns":2.0},{"damage":0.0,"enemies":"Sentry and Sphere","floor":28.0,"turns":3.0},{"damage":0.0,"enemies":"Chosen and Byrds","floor":31.0,"turns":2.0},{"damage":9.0,"enemies":"Pondfish","floor":33.0,"turns":6.0},{"damage":0,"enemies":"Orb Walker","floor":35,"turns":1},{"damage":34,"enemies":"Shield and Spear","floor":39,"turns":4},{"damage":37,"enemies":"Shield and Spear","floor":43,"turns":3},{"damage":47,"enemies":"Shield and Spear","floor":47,"turns":4},{"damage":47,"enemies":"The Heart","floor":48,"turns":5}],"seed_played":"7221716564143481206","potions_obtained":[{"floor":2.0,"key":"Energy Potion"},{"floor":3.0,"key":"AttackPotion"},{"floor":6.0,"key":"Block Potion"},{"floor":8.0,"key":"Reflective Coating"},{"floor":19.0,"key":"FearPotion"}],"is_trial":false,"path_per_floor":["M","M","M","M","?","E","$","?","T","?","R","?","M","?","R","B",null,"M","M","M","?","?","R","M","$","T","R","M","?","T","M","R","B",null,"M","R","$","E","R","$","E","R","$","E","B"],"character_chosen":"RobotSpaceExplorer","items_purchased":["SteamSale","AT_SunfireAegis","RobotSpaceExplorer:Electropulse","NineLifeCat"],"campfire_rested":0,"item_purchase_floors":[7,25,42,46],"current_hp_per_floor":[75,75,75,75,60,49,49,66,66,66,66,66,57,62,62,53,80,69,69,52,52,52,52,52,52,52,52,52,52,52,52,52,43,80,80,80,75,75,75,65,65,65,4,4,2,2],"gold":430,"neow_bonus":"THREE_ENEMY_KILL","is_daily":false,"chose_seed":false,"campfire_upgraded":8,"win_rate":0.0,"timestamp":1611931237,"path_taken":["M","M","M","M","?","E","$","?","T","?","R","?","M","?","R","BOSS","M","M","M","?","?","R","M","$","T","R","?","?","?","M","R","BOSS","M","R","$","E","R","$","E","R","$","E","BOSS"],"items_purchased_type":["Relic","Relic","Card","Relic"],"build_version":"2020-12-22","purchased_purges":4,"victory":false,"max_hp_per_floor":[75,75,75,75,75,75,75,75,75,75,75,75,75,80,80,80,80,80,80,80,80,80,80,80,80,80,80,80,80,80,80,80,80,80,80,80,75,75,75,65,65,65,4,4,4,4],"card_choices":[{"not_picked":["RobotSpaceExplorer:GlueShot","RobotSpaceExplorer:MiniDrones"],"picked":"RobotSpaceExplorer:SelfCleaning","floor":1.0},{"not_picked":["RobotSpaceExplorer:MiniBoosters","RobotSpaceExplorer:MetalStrike"],"picked":"RobotSpaceExplorer:FreezeRay","floor":2.0},{"not_picked":["RobotSpaceExplorer:ExhaustFan","RobotSpaceExplorer:GlueShot"],"picked":"RobotSpaceExplorer:Discharger","floor":3.0},{"not_picked":["RobotSpaceExplorer:DoubleBlock","RobotSpaceExplorer:Discharger"],"picked":"RobotSpaceExplorer:ChargingLaser","floor":4.0},{"not_picked":["RobotSpaceExplorer:ShovelStrike","RobotSpaceExplorer:Pulsar"],"picked":"RobotSpaceExplorer:ShockKick","floor":6.0},{"not_picked":["RobotSpaceExplorer:Reload","RobotSpaceExplorer:ShovelStrike"],"picked":"RobotSpaceExplorer:Multitool","floor":8.0},{"not_picked":["RobotSpaceExplorer:FrostMissile","RobotSpaceExplorer:Counterblock"],"picked":"RobotSpaceExplorer:MetalStrike","floor":13.0},{"not_picked":["RobotSpaceExplorer:Comet","RobotSpaceExplorer:Accelerator"],"picked":"RobotSpaceExplorer:HighVoltage","floor":16.0},{"not_picked":["RobotSpaceExplorer:ImprovisedAttack","RobotSpaceExplorer:PowerGlove+1","RobotSpaceExplorer:MiniDrones"],"picked":"SKIP","floor":18.0},{"not_picked":["RobotSpaceExplorer:MiniDrones+1","RobotSpaceExplorer:ShovelStrike","RobotSpaceExplorer:StarDust"],"picked":"SKIP","floor":19.0},{"not_picked":["RobotSpaceExplorer:MiniBoosters","RobotSpaceExplorer:SwiftStep"],"picked":"RobotSpaceExplorer:FranticSearch+1","floor":20.0},{"not_picked":["RobotSpaceExplorer:SurgingStrike","RobotSpaceExplorer:Jetpack+1"],"picked":"RobotSpaceExplorer:MiniBoosters+1","floor":24.0},{"not_picked":["RobotSpaceExplorer:PlasmaMissile","RobotSpaceExplorer:SurgingShield","RobotSpaceExplorer:IronShell"],"picked":"SKIP","floor":28.0},{"not_picked":["RobotSpaceExplorer:FreezeRay","RobotSpaceExplorer:MiniDrones","RobotSpaceExplorer:TurboDodge"],"picked":"SKIP","floor":31.0},{"not_picked":["RobotSpaceExplorer:Explosion","RobotSpaceExplorer:TrailblazerForm"],"picked":"RobotSpaceExplorer:Scanner","floor":33.0},{"not_picked":["RobotSpaceExplorer:Electropulse","RobotSpaceExplorer:ShovelStrike","RobotSpaceExplorer:SwiftStep"],"picked":"SKIP","floor":35},{"not_picked":["RobotSpaceExplorer:IronShell","RobotSpaceExplorer:Pulsar+1"],"picked":"RobotSpaceExplorer:ShockKick+1","floor":39},{"not_picked":["RobotSpaceExplorer:ShockKick+1","RobotSpaceExplorer:Multitool","RobotSpaceExplorer:MetalStrike"],"picked":"SKIP","floor":43},{"not_picked":["RobotSpaceExplorer:SurgingStrike","RobotSpaceExplorer:BlastShield","RobotSpaceExplorer:LaserBurst"],"picked":"SKIP","floor":47}],"player_experience":452500,"relics_obtained":[{"floor":6.0,"key":"Orichalcum"},{"floor":8.0,"key":"Odd Mushroom"},{"floor":9.0,"key":"DemoMod:WeirdEgg"},{"floor":26.0,"key":"Onion Ring"},{"floor":29.0,"key":"GodSword3"},{"floor":30.0,"key":"DemoMod:PoisonVial"},{"floor":39,"key":"AT_GuinsooRageblade"},{"floor":43,"key":"Potion Belt"},{"floor":47,"key":"AT_BladeRuinedKing"}],"event_choices":[{"damage_healed":0.0,"max_hp_gain":0.0,"max_hp_loss":0.0,"gold_gain":0.0,"event_name":"Shining Light","player_choice":"Entered Light","floor":5.0,"gold_loss":0.0,"damage_taken":15.0,"cards_upgraded":["RobotSpaceExplorer:FreezeRay","RobotSpaceExplorer:Strike"]},{"damage_healed":0.0,"max_hp_gain":0.0,"max_hp_loss":0.0,"gold_gain":0.0,"event_name":"Mushrooms","player_choice":"Fought Mushrooms","floor":8.0,"gold_loss":0.0,"damage_taken":0.0},{"damage_healed":0.0,"max_hp_gain":5.0,"max_hp_loss":0.0,"gold_gain":0.0,"event_name":"Big Fish","player_choice":"Donut","floor":14.0,"gold_loss":0.0,"damage_taken":0.0},{"damage_healed":0.0,"max_hp_gain":0.0,"max_hp_loss":0.0,"gold_gain":0.0,"event_name":"Ghosts","player_choice":"Ignored","floor":21.0,"gold_loss":0.0,"damage_taken":0.0}],"is_beta":false,"boss_relics":[{"not_picked":["DemoMod:RiddleOfLead","DemoMod:WaxWing"],"picked":"AT_TrinityForce"},{"not_picked":[]},{"not_picked":["REME_LowDesire","Replay:Grab Bag"],"picked":"Replay:Bronze Core"},{"not_picked":[]},{"not_picked":[]},{"not_picked":[]},{"not_picked":[]},{"not_picked":[]},{"not_picked":[]},{"not_picked":[]},{"not_picked":[]},{"not_picked":[]},{"not_picked":[]},{"not_picked":[]},{"not_picked":[]}],"items_purged_floors":[25,38,42,46],"is_endless":false,"potions_floor_spawned":[2,3,6,8,19,20,24,33,35],"killed_by":"The Heart","ascension_level":0}}