{"host":"4ag909k4xupnj24b","time":1611929384,"event":{"mods":["BaseMod","Minty Spire (QoL Compilation)","StSLib"],"gold_per_floor":[117,18,36,49,49,49,81,81,81,81,107,126,138,149,149,149,149],"floor_reached":16,"language":"ENG","playtime":573,"items_purged":["Strike_R"],"score":196,"play_id":"ed99fae3-ff58-4799-8bdf-416d5d9c1293","local_time":"20210129060944","is_ascension_mode":true,"campfire_choices":[{"data":"Whirlwind","floor":6,"key":"SMITH"},{"data":"Rupture","floor":10,"key":"SMITH"},{"data":"Flame Barrier","floor":15,"key":"SMITH"}],"circlet_count":0,"master_deck":["AscendersBane","Strike_R","Defend_R","Defend_R","Defend_R","Bash","Shrug It Off+1","Thunderclap+1","Bloodletting+1","Whirlwind+1","Flex","Rupture","Flame Barrier+1","Rupture+1","Evolve","Battle Trance","Headbutt","Pommel Strike"],"relics":["Astrolabe","Singing Bowl","Calipers"],"acts_visited":["Exordium"],"potions_floor_usage":[16],"damage_taken":[{"damage":2,"enemies":"Jaw Worm","floor":1,"turns":5},{"damage":0,"enemies":"2 Louse","floor":3,"turns":1},{"damage":4,"enemies":"Cultist","floor":4,"turns":4},{"damage":12,"enemies":"3 Sentries","floor":7,"turns":5},{"damage":15,"enemies":"Gremlin Nob","floor":11,"turns":4},{"damage":1,"enemies":"Blue Slaver","floor":12,"turns":7},{"damage":11,"enemies":"2 Fungi Beasts","floor":13,"turns":3},{"damage":0,"enemies":"Exordium Wildlife","floor":14,"turns":3},{"damage":34,"enemies":"The Guardian","floor":16,"turns":5}],"seed_played":"-3439490747007036317","potions_obtained":[{"floor":4,"key":"Ancient Potion"},{"floor":11,"key":"Fire Potion"}],"is_trial":false,"path_per_floor":["M","$","M","M","?","R","E","?","T","R","E","M","M","M","R","B"],"character_chosen":"IRONCLAD","items_purchased":["Flex"],"campfire_rested":0,"item_purchase_floors":[2],"current_hp_per_floor":[66,66,66,62,67,67,55,55,55,55,40,41,30,30,30,0,0],"gold":149,"neow_bonus":"BOSS_RELIC","is_daily":false,"chose_seed":false,"campfire_upgraded":3,"win_rate":0.0,"timestamp":1611929384,"path_taken":["M","$","M","M","?","R","E","?","T","R","E","?","M","M","R","BOSS"],"items_purchased_type":["Card"],"build_version":"2020-12-22","purchased_purges":1,"victory":false,"max_hp_per_floor":[75,75,75,75,80,80,80,80,80,80,80,82,82,82,82,82,82],"card_choices":[{"not_picked":["Sword Boomerang","True Grit"],"picked":"Whirlwind","floor":1},{"not_picked":["Armaments","Dropkick"],"picked":"Rupture","floor":3},{"not_picked":["Armaments","Havoc"],"picked":"Flame Barrier","floor":4},{"not_picked":["Perfected Strike","Rage"],"picked":"Rupture","floor":7},{"not_picked":["Pummel","Sword Boomerang"],"picked":"Battle Trance","floor":11},{"not_picked":["Battle Trance","Clothesline","Clash"],"picked":"Singing Bowl","floor":12},{"not_picked":["Searing Blow","Pommel Strike"],"picked":"Headbutt","floor":13},{"not_picked":["Flame Barrier","Warcry"],"picked":"Pommel Strike","floor":14}],"player_experience":887543,"relics_obtained":[{"floor":7,"key":"Singing Bowl"},{"floor":11,"key":"Calipers"}],"event_choices":[{"damage_healed":0,"gold_gain":0,"player_choice":"Donut","damage_taken":0,"max_hp_gain":5,"max_hp_loss":0,"event_name":"Big Fish","floor":5,"gold_loss":0},{"damage_healed":0,"gold_gain":0,"cards_transformed":["Strike_R"],"player_choice":"Transformed","damage_taken":0,"max_hp_gain":0,"max_hp_loss":0,"event_name":"Transmorgrifier","floor":8,"gold_loss":0,"cards_obtained":["Evolve"]}],"is_beta":false,"boss_relics":[],"items_purged_floors":[2],"is_endless":false,"potions_floor_spawned":[4,11],"killed_by":"The Guardian","ascension_level":15}}