{"host":"3xls0xm49ftugio7","time":1611930252,"event":{"mods":["2.2 Compatiblity","A Magickal Journey","AchievementEnabler","Act Like it!","BaseMod","Bestiary","Colored Powertips","Downfall","GifTheSpireLib","Minty Spire (QoL Compilation)","Quick Restart","Relic Stats","StSLib","slay the spire mod where everything is the same but ironclad has a cowboy hat"],"gold_per_floor":[99,114,130,305,316,166,166,191,191,220,238,254,254,280,293,393,393,393,434,434,434,434,434],"floor_reached":21,"language":"ENG","playtime":1025,"items_purged":[],"score":284,"play_id":"90508f34-5f81-440f-b1a3-40e023769007","local_time":"20210129162412","is_ascension_mode":true,"campfire_choices":[{"data":"sneckomod:TailWhip","floor":1.0,"key":"SMITH"},{"data":"sneckomod:SerpentIdol","floor":9.0,"key":"SMITH"},{"floor":13.0,"key":"REST"}],"circlet_count":0,"master_deck":["sneckomod:TailWhip+1","sneckomod:SnekBite","sneckomod:Unknown","sneckomod:Unknown","sneckomod:IronFang","sneckomod:SerpentIdol+1","sneckomod:WideSting","sneckomod:UnknownDraw","sneckomod:SerpentMind","sneckomod:UnknownWeak","sneckomod:UnknownColorless","sneckomod:UnknownClassTHE_BRONZE_AUTOMATON","sneckomod:GlitteringGambit","sneckomod:DiceCrush","sneckomod:Mudshield","sneckomod:UnknownCommonAttack","sneckomod:Unknown1Cost","sneckomod:Unknown3Cost","sneckomod:Memorize","Echo Form","sneckomod:UnknownStrength"],"relics":["sneckomod:SneckoSoul","Ginger","Matryoshka","InkBottle","PreservedInsect","Pandora\u0027s Box"],"acts_visited":["Exordium","TheCity"],"potions_floor_usage":[16,21,21],"damage_taken":[{"damage":4.0,"enemies":"Jaw Worm","floor":2.0,"turns":4.0},{"damage":0.0,"enemies":"Cultist","floor":3.0,"turns":3.0},{"damage":1.0,"enemies":"Small Slimes","floor":5.0,"turns":3.0},{"damage":14.0,"enemies":"Gremlin Nob","floor":8.0,"turns":3.0},{"damage":25.0,"enemies":"3 Sentries","floor":10.0,"turns":7.0},{"damage":4.0,"enemies":"Blue Slaver","floor":11.0,"turns":2.0},{"damage":23.0,"enemies":"Exordium Thugs","floor":12.0,"turns":4.0},{"damage":17,"enemies":"Gremlin Nob","floor":14,"turns":4},{"damage":12,"enemies":"Large Slime","floor":15,"turns":8},{"damage":27,"enemies":"WA_ARCHETYPE_RETAIN","floor":16,"turns":7},{"damage":44,"enemies":"Shell Parasite","floor":19,"turns":7},{"damage":46,"enemies":"Colosseum Nobs","floor":21,"turns":3}],"seed_played":"1190895166376374617","potions_obtained":[{"floor":3.0,"key":"bronze:BurnAndBuffPotion"},{"floor":11.0,"key":"GamblersBrew"},{"floor":14,"key":"bronze:BurnAndBuffPotion"},{"floor":19,"key":"champ:CounterPotion"}],"is_trial":false,"path_per_floor":["R","M","M","?","M","?","T","E","R","E","M","M","R","E","M","B",null,"R","M","?","?"],"character_chosen":"THE_SNECKO","items_purchased":[],"campfire_rested":1,"item_purchase_floors":[],"current_hp_per_floor":[90,86,93,93,92,109,109,95,95,70,66,43,75,58,46,34,90,90,46,46,0,0,0],"gold":434,"neow_bonus":"TEN_PERCENT_HP_BONUS","is_daily":false,"chose_seed":false,"campfire_upgraded":2,"win_rate":0.0,"timestamp":1611930252,"path_taken":["R","M","M","?","M","?","T","E","R","E","M","?","R","E","M","BOSS","R","M","?","?"],"items_purchased_type":[],"build_version":"2020-12-22","purchased_purges":0,"victory":false,"max_hp_per_floor":[99,99,99,99,99,109,109,109,109,109,109,109,109,109,109,109,109,109,109,109,109,109,109],"relic_stats":{"counters":[12,55],"Pandora\u0027s Box":["sneckomod:DiceCrush","sneckomod:Mudshield","sneckomod:UnknownCommonAttack","sneckomod:Unknown1Cost","sneckomod:Unknown3Cost","sneckomod:Memorize"],"PreservedInsect":36,"Ginger":[16],"obtain_stats":[{"Matryoshka":8,"Pandora\u0027s Box":17,"PreservedInsect":14,"Ginger":7,"sneckomod:SneckoSoul":0,"InkBottle":10},{"Matryoshka":4,"Pandora\u0027s Box":10,"PreservedInsect":8,"Ginger":3,"sneckomod:SneckoSoul":0,"InkBottle":5},{"Matryoshka":13,"Pandora\u0027s Box":45,"PreservedInsect":30,"Ginger":10,"sneckomod:SneckoSoul":0,"InkBottle":20}],"InkBottle":[12]},"card_choices":[{"not_picked":["sneckomod:UnknownDraw","sneckomod:Unknown1Cost"],"picked":"sneckomod:IronFang","floor":2.0},{"not_picked":["sneckomod:UnknownDraw","sneckomod:SoulDraw"],"picked":"sneckomod:SerpentIdol","floor":3.0},{"not_picked":["sneckomod:SoulRoll","sneckomod:ImprovisedAttack"],"picked":"sneckomod:UnknownRarePower","floor":5.0},{"not_picked":["sneckomod:UnknownUncommonSkill","sneckomod:SnekBeam"],"picked":"sneckomod:WideSting","floor":8.0},{"not_picked":["sneckomod:QuickMove","sneckomod:Nope"],"picked":"sneckomod:UnknownDraw","floor":10.0},{"not_picked":["sneckomod:UnknownDraw","sneckomod:Nope"],"picked":"sneckomod:SerpentMind","floor":11.0},{"not_picked":["sneckomod:UnknownCommonAttack","sneckomod:SoulDraw"],"picked":"sneckomod:UnknownWeak","floor":12.0},{"not_picked":["sneckomod:QuickBite","sneckomod:QuickMove"],"picked":"sneckomod:UnknownColorless","floor":14},{"not_picked":["sneckomod:SoulCleanse","sneckomod:IronFang"],"picked":"sneckomod:UnknownClassTHE_BRONZE_AUTOMATON","floor":15},{"not_picked":["sneckomod:Unknown3Cost","sneckomod:SerpentMind"],"picked":"sneckomod:GlitteringGambit","floor":16},{"not_picked":["sneckomod:UnknownDraw","sneckomod:SoulRoll+1"],"picked":"sneckomod:UnknownStrength","floor":19}],"player_experience":1016533,"relics_obtained":[{"floor":7.0,"key":"Ginger"},{"floor":8.0,"key":"Matryoshka"},{"floor":10.0,"key":"InkBottle"},{"floor":14,"key":"PreservedInsect"}],"event_choices":[],"is_beta":false,"boss_relics":[{"not_picked":["Astrolabe","Calling Bell"],"picked":"Pandora\u0027s Box"}],"items_purged_floors":[],"is_endless":false,"potions_floor_spawned":[3,11,14,15,19],"killed_by":"Colosseum Nobs","ascension_level":6}}