{"host":"36t3qd3wjvajtu1z","time":1611892792,"event":{"mods":["AchievementEnabler","BaseMod","Block Reminder","Colored Powertips","Minty Spire (QoL Compilation)","Permanent Neow","Quick Restart","Random Character Button","Rare Cards Sparkle","Relic Stats","Slay-I","StSLib"],"gold_per_floor":[112,130,148,198,7,35,35,69,69,69,69,80,115,127,127,205,205,215,215,140,47,66,66,66],"floor_reached":23,"language":"ENG","playtime":1255,"items_purged":[],"score":421,"play_id":"9b0e0d20-4b68-4e83-8855-95c9e82dfc11","local_time":"20210128195952","is_ascension_mode":true,"campfire_choices":[{"data":"Armaments","floor":7,"key":"SMITH"},{"data":"Barricade","floor":10,"key":"SMITH"},{"data":"True Grit","floor":15,"key":"SMITH"}],"circlet_count":0,"master_deck":["AscendersBane","Strike_R","Strike_R","Strike_R","Strike_R","Defend_R","Defend_R","Defend_R","Defend_R","Bash+1","Rage","Power Through","Inflame","Purity","Inflame","Armaments+1","Barricade+1","Shrug It Off","True Grit+1","Sentinel","Juggernaut","Body Slam+1","Uppercut+1","Sever Soul+1"],"relics":["Burning Blood","White Beast Statue","Tiny Chest","Molten Egg 2","Paper Frog","Oddly Smooth Stone","Busted Crown"],"acts_visited":["Exordium","TheCity"],"potions_floor_usage":[6,16,22,23,23],"damage_taken":[{"damage":6,"enemies":"2 Louse","floor":1,"turns":3},{"damage":3,"enemies":"Jaw Worm","floor":2,"turns":4},{"damage":9,"enemies":"Small Slimes","floor":3,"turns":4},{"damage":24,"enemies":"Gremlin Nob","floor":6,"turns":5},{"damage":29,"enemies":"3 Sentries","floor":8,"turns":11},{"damage":21,"enemies":"3 Louse","floor":12,"turns":5},{"damage":0,"enemies":"Lagavulin","floor":13,"turns":8},{"damage":0,"enemies":"2 Fungi Beasts","floor":14,"turns":5},{"damage":35,"enemies":"The Guardian","floor":16,"turns":14},{"damage":3,"enemies":"Spheric Guardian","floor":18,"turns":6},{"damage":3,"enemies":"3 Byrds","floor":22,"turns":4},{"damage":83,"enemies":"Slavers","floor":23,"turns":5}],"seed_played":"7946415522538358909","potions_obtained":[{"floor":1,"key":"FairyPotion"},{"floor":2,"key":"BlessingOfTheForge"},{"floor":6,"key":"Ancient Potion"},{"floor":8,"key":"ElixirPotion"},{"floor":12,"key":"FearPotion"},{"floor":16,"key":"SkillPotion"},{"floor":18,"key":"SpeedPotion"},{"floor":22,"key":"Regen Potion"}],"is_trial":false,"path_per_floor":["M","M","M","?","$","E","R","E","T","R","T","M","E","M","R","B",null,"M","?","?","$","M","E"],"character_chosen":"IRONCLAD","items_purchased":["Purity","Inflame","Body Slam+1","Uppercut+1"],"campfire_rested":0,"item_purchase_floors":[5,5,21,21],"current_hp_per_floor":[68,71,68,68,68,50,50,27,27,27,27,12,18,24,24,23,62,65,65,65,65,68,0,0],"gold":66,"neow_bonus":"UPGRADE_CARD","is_daily":false,"chose_seed":false,"campfire_upgraded":3,"win_rate":0.0,"timestamp":1611892792,"path_taken":["M","M","M","?","$","E","R","E","T","R","?","M","E","M","R","BOSS","M","?","?","$","M","E"],"items_purchased_type":["Card","Card","Card","Card"],"build_version":"2020-12-22","purchased_purges":0,"victory":false,"max_hp_per_floor":[75,75,75,75,75,75,75,75,75,75,75,75,75,75,75,75,75,75,75,75,75,75,75,75],"relic_stats":{"Busted Crown":4,"counters":[12,74],"Tiny Chest":0,"obtain_stats":[{"Busted Crown":17,"Oddly Smooth Stone":13,"Tiny Chest":8,"Molten Egg 2":9,"Burning Blood":0,"White Beast Statue":6,"Paper Frog":11},{"Busted Crown":9,"Oddly Smooth Stone":7,"Tiny Chest":5,"Molten Egg 2":5,"Burning Blood":0,"White Beast Statue":4,"Paper Frog":5},{"Busted Crown":59,"Oddly Smooth Stone":40,"Tiny Chest":27,"Molten Egg 2":27,"Burning Blood":0,"White Beast Statue":16,"Paper Frog":27}],"Burning Blood":66},"card_choices":[{"not_picked":["Sword Boomerang","Perfected Strike"],"picked":"Rage","floor":1},{"not_picked":["Thunderclap","Twin Strike"],"picked":"Power Through","floor":2},{"not_picked":["Disarm","Battle Trance"],"picked":"Inflame","floor":3},{"not_picked":["Perfected Strike","Shockwave"],"picked":"Armaments","floor":6},{"not_picked":["Seeing Red","Bloodletting"],"picked":"Barricade","floor":8},{"not_picked":["Iron Wave+1","Heavy Blade+1"],"picked":"Shrug It Off","floor":12},{"not_picked":["Uppercut+1","Twin Strike+1"],"picked":"True Grit","floor":13},{"not_picked":["Sword Boomerang+1","True Grit"],"picked":"Sentinel","floor":14},{"not_picked":["Berserk","Offering"],"picked":"Juggernaut","floor":16},{"not_picked":["Perfected Strike+1"],"picked":"SKIP","floor":18},{"not_picked":[],"picked":"Sever Soul+1","floor":22}],"player_experience":367007,"relics_obtained":[{"floor":6,"key":"White Beast Statue"},{"floor":8,"key":"Tiny Chest"},{"floor":9,"key":"Molten Egg 2"},{"floor":11,"key":"Paper Frog"},{"floor":13,"key":"Oddly Smooth Stone"}],"event_choices":[{"damage_healed":0,"gold_gain":50,"player_choice":"Gained Gold","damage_taken":0,"max_hp_gain":0,"max_hp_loss":0,"event_name":"Golden Wing","floor":4,"gold_loss":0},{"damage_healed":0,"gold_gain":0,"player_choice":"Ignored","damage_taken":0,"max_hp_gain":0,"max_hp_loss":0,"event_name":"Ghosts","floor":19,"gold_loss":0},{"cards_removed":["Strike_R"],"damage_healed":0,"gold_gain":0,"player_choice":"Gave Gold","damage_taken":0,"max_hp_gain":0,"max_hp_loss":0,"event_name":"Beggar","floor":20,"gold_loss":75}],"is_beta":false,"boss_relics":[{"not_picked":["Runic Dome","Black Blood"],"picked":"Busted Crown"}],"items_purged_floors":[],"is_endless":false,"potions_floor_spawned":[1,2,6,8,12,13,14,16,18,22],"killed_by":"Slavers","ascension_level":16}}