{"host":"q9sqrn60n8lvmavn","time":1611942932,"event":{"mods":["AchievementEnabler","AlwaysNeverKeys","BaseMod","Better Third Choice","Better Vampires","Block Reminder","Colored Powertips","Curses Come First","DNKmod","Friendly Minions","Minty Spire (QoL Compilation)","Permanent Neow","Relic Filter Mod","StSLib","Weighted Paths"],"gold_per_floor":[1110,629,646,389,404,404,435,435,481,515,515,515,541,555,555,655,655,665,665,676,676,691,724,724,754,829,489,489,502,502,534,546,658,670,694,706,718,753,776,788,829,841,898,910,992,1033,744,794,794,794,794,794,158,190,190],"floor_reached":56,"language":"ENG","playtime":2676,"items_purged":["Strike_P","Strike_P","CutThroughFate","Eruption+1","EmptyFist+1"],"score":1811,"play_id":"3351617c-aba7-4bd0-8605-8d33f8fac08d","local_time":"20210129095532","is_ascension_mode":true,"campfire_choices":[{"data":"EmptyFist","floor":6,"key":"SMITH"},{"data":"Vigilance","floor":12,"key":"SMITH"},{"data":"Evaluate","floor":15,"key":"SMITH"},{"data":"Eruption","floor":24,"key":"SMITH"},{"data":"Halt","floor":28,"key":"SMITH"},{"data":"CutThroughFate","floor":30,"key":"SMITH"},{"data":"EmptyBody","floor":32,"key":"SMITH"},{"floor":40,"key":"REST"},{"floor":42,"key":"REST"},{"floor":49,"key":"REST"},{"floor":52,"key":"REST"}],"circlet_count":0,"master_deck":["Vigilance+1","Halt+1","CutThroughFate+1","EmptyMind+1","Nirvana+1","PathToVictory+1","MentalFortress+1","Tantrum+1"],"relics":["PureWater","PreservedInsect","Frozen Egg 2","Juzu Bracelet","Oddly Smooth Stone","Vajra","Mummified Hand","Boot","Gremlin Horn","Runic Pyramid","Orichalcum","Damaru","Pantograph","Question Card","Sling","MawBank","Empty Cage","Bird Faced Urn","Happy Flower","Omamori","Dream Catcher","Eternal Feather","Lizard Tail","TheAbacus","Pocketwatch","Bag of Marbles","Bottled Flame","Strawberry"],"acts_visited":["Exordium","TheCity","TheBeyond","TheEnding"],"potions_floor_usage":[13,16,16,33,33,41,50,55,55],"damage_taken":[{"damage":0,"enemies":"Cultist","floor":1,"turns":3},{"damage":3,"enemies":"2 Louse","floor":3,"turns":2},{"damage":2,"enemies":"Small Slimes","floor":5,"turns":4},{"damage":22,"enemies":"Lagavulin","floor":7,"turns":8},{"damage":3,"enemies":"Gremlin Nob","floor":10,"turns":3},{"damage":14,"enemies":"3 Sentries","floor":13,"turns":4},{"damage":0,"enemies":"Gremlin Gang","floor":14,"turns":3},{"damage":5,"enemies":"Hexaghost","floor":16,"turns":4},{"damage":1,"enemies":"Shell Parasite","floor":18,"turns":3},{"damage":0,"enemies":"Chosen","floor":20,"turns":3},{"damage":14,"enemies":"Shelled Parasite and Fungi","floor":22,"turns":3},{"damage":0,"enemies":"Book of Stabbing","floor":23,"turns":4},{"damage":0,"enemies":"Slavers","floor":25,"turns":3},{"damage":0,"enemies":"Cultist and Chosen","floor":29,"turns":4},{"damage":0,"enemies":"Gremlin Leader","floor":31,"turns":2},{"damage":40,"enemies":"Collector","floor":33,"turns":4},{"damage":0,"enemies":"3 Shapes","floor":35,"turns":2},{"damage":0,"enemies":"Orb Walker","floor":39,"turns":2},{"damage":58,"enemies":"Reptomancer","floor":41,"turns":3},{"damage":0,"enemies":"Nemesis","floor":46,"turns":3},{"damage":0,"enemies":"Mind Bloom Boss Battle","floor":48,"turns":3},{"damage":5,"enemies":"Awakened One","floor":50,"turns":9},{"damage":0,"enemies":"Shield and Spear","floor":54,"turns":3},{"damage":95,"enemies":"The Heart","floor":55,"turns":7}],"seed_played":"19796328952554617","potions_obtained":[{"floor":3,"key":"Regen Potion"},{"floor":7,"key":"FearPotion"},{"floor":13,"key":"BlessingOfTheForge"},{"floor":14,"key":"Ancient Potion"},{"floor":18,"key":"SpeedPotion"},{"floor":29,"key":"SkillPotion"},{"floor":33,"key":"SpeedPotion"},{"floor":36,"key":"Strength Potion"},{"floor":36,"key":"SkillPotion"},{"floor":46,"key":"GamblersBrew"}],"is_trial":false,"path_per_floor":["M","$","M","$","M","R","E","?","T","E","?","R","E","M","R","B",null,"M","?","M","?","M","E","R","E","T","$","R","M","R","E","R","B",null,"M","?","?","T","M","R","E","R","T","?","T","E","$","?","R","B",null,"R","$","E","B",null],"character_chosen":"WATCHER","items_purchased":["PreservedInsect","Frozen Egg 2","Juzu Bracelet","Sling","Nirvana+1","TheAbacus","Bag of Marbles","Bottled Flame","Strength Potion"],"campfire_rested":4,"item_purchase_floors":[2,2,4,27,27,47,53,53,53],"current_hp_per_floor":[100,100,97,97,95,95,73,73,73,70,58,58,56,56,56,51,100,99,99,99,99,85,85,85,85,85,85,85,85,85,85,85,60,100,100,100,100,100,100,100,42,72,72,72,72,76,76,100,100,95,100,100,100,107,13],"gold":190,"neow_bonus":"HUNDRED_GOLD","is_daily":false,"chose_seed":false,"campfire_upgraded":7,"win_rate":0.0,"timestamp":1611942932,"path_taken":["M","$","M","?","M","R","E","?","T","E","?","R","E","M","R","BOSS","M","?","M","?","M","E","R","E","T","$","R","M","R","E","R","BOSS","M","?","?","?","M","R","E","R","T","?","?","E","$","?","R","BOSS","R","$","E","BOSS"],"items_purchased_type":["Relic","Relic","Relic","Relic","Card","Relic","Relic","Relic","Potion"],"build_version":"2020-12-22","purchased_purges":5,"victory":true,"max_hp_per_floor":[100,100,100,100,100,100,100,100,100,100,100,100,100,100,100,100,100,100,100,100,100,100,100,100,100,100,100,100,100,100,100,100,100,100,100,100,100,100,100,100,100,100,100,100,100,100,100,100,100,100,100,100,100,107,107],"card_choices":[{"not_picked":["FlyingSleeves","Crescendo"],"picked":"EmptyFist","floor":1},{"not_picked":["Fasting2+1","CrushJoints"],"picked":"Halt","floor":3},{"not_picked":["Prostrate","Brilliance"],"picked":"EmptyBody","floor":5},{"not_picked":["Collect","Nirvana+1"],"picked":"CutThroughFate","floor":7},{"not_picked":["Blasphemy","Conclude"],"picked":"CutThroughFate","floor":10},{"not_picked":["Consecrate","FlyingSleeves"],"picked":"Evaluate","floor":13},{"not_picked":["CrushJoints","EmptyFist"],"picked":"Consecrate","floor":14},{"not_picked":["EmptyFist","Prostrate+1","FlyingSleeves+1"],"picked":"SKIP","floor":18},{"not_picked":["CrushJoints","EmptyBody+1"],"picked":"EmptyMind+1","floor":20},{"not_picked":["FlurryOfBlows","JustLucky+1","Evaluate+1"],"picked":"SKIP","floor":22},{"not_picked":["Judgement","Pray","Consecrate"],"picked":"SKIP","floor":23},{"not_picked":["BowlingBash","CutThroughFate","Fasting2+1"],"picked":"SKIP","floor":25},{"not_picked":["JustLucky","BattleHymn+1","BowlingBash"],"picked":"PathToVictory+1","floor":29},{"not_picked":["Study+1","SignatureMove","Halt","Nirvana+1"],"picked":"SKIP","floor":31},{"not_picked":["FearNoEvil","FlurryOfBlows","DeceiveReality","FollowUp"],"picked":"SKIP","floor":35},{"not_picked":["ThirdEye","SashWhip+1","Pray+1","ClearTheMind"],"picked":"SKIP","floor":39},{"not_picked":["Consecrate","CutThroughFate+1","Crescendo"],"picked":"MentalFortress+1","floor":41},{"not_picked":["Crescendo","Sanctity","CrushJoints+1"],"picked":"Tantrum+1","floor":46},{"not_picked":["EmptyBody+1","FlurryOfBlows+1","LessonLearned","BowlingBash+1"],"picked":"SKIP","floor":54}],"player_experience":174357,"relics_obtained":[{"floor":7,"key":"Oddly Smooth Stone"},{"floor":9,"key":"Vajra"},{"floor":10,"key":"Mummified Hand"},{"floor":13,"key":"Gremlin Horn"},{"floor":23,"key":"Damaru"},{"floor":25,"key":"Pantograph"},{"floor":26,"key":"Question Card"},{"floor":31,"key":"MawBank"},{"floor":37,"key":"Bird Faced Urn"},{"floor":38,"key":"Happy Flower"},{"floor":41,"key":"Omamori"},{"floor":43,"key":"Dream Catcher"},{"floor":45,"key":"Eternal Feather"},{"floor":46,"key":"Lizard Tail"},{"floor":48,"key":"Pocketwatch"},{"floor":54,"key":"Strawberry"}],"event_choices":[{"damage_healed":0,"gold_gain":0,"player_choice":"Ignored","damage_taken":435,"max_hp_gain":0,"max_hp_loss":0,"event_name":"betterThird:BetterSerpent","floor":8,"gold_loss":0},{"damage_healed":0,"gold_gain":0,"player_choice":"Relic ","damage_taken":12,"max_hp_gain":0,"max_hp_loss":0,"event_name":"betterThird:BetterScrap","floor":11,"gold_loss":0,"cards_obtained":["Crippling Poison"]},{"cards_removed":["Consecrate"],"damage_healed":0,"gold_gain":0,"player_choice":"Gave Card","damage_taken":0,"relics_obtained":["Orichalcum"],"max_hp_gain":0,"max_hp_loss":0,"event_name":"WeMeetAgain","floor":19,"gold_loss":0},{"damage_healed":0,"gold_gain":0,"player_choice":"Materialism","damage_taken":0,"max_hp_gain":0,"max_hp_loss":6,"event_name":"betterThird:BetterWriting","floor":21,"gold_loss":0},{"damage_healed":0,"gold_gain":0,"player_choice":"Got Potions","damage_taken":0,"max_hp_gain":0,"max_hp_loss":0,"event_name":"Lab","floor":36,"gold_loss":0},{"damage_healed":0,"gold_gain":0,"player_choice":"Relic","damage_taken":0,"max_hp_gain":0,"max_hp_loss":0,"event_name":"Wheel of Change","floor":37,"gold_loss":0},{"damage_healed":0,"gold_gain":0,"player_choice":"Ignored","damage_taken":0,"max_hp_gain":0,"max_hp_loss":0,"event_name":"Tomb of Lord Red Mask","floor":44,"gold_loss":0},{"damage_healed":0,"gold_gain":0,"player_choice":"Fight","damage_taken":0,"max_hp_gain":0,"max_hp_loss":0,"event_name":"MindBloom","floor":48,"gold_loss":0}],"is_beta":false,"boss_relics":[{"not_picked":["SlaversCollar","VioletLotus"],"picked":"Runic Pyramid"},{"not_picked":["Philosopher\u0027s Stone","Coffee Dripper"],"picked":"Empty Cage"}],"items_purged_floors":[2,4,27,47,53],"is_endless":false,"potions_floor_spawned":[3,7,13,14,18,29,31,33,46,48],"ascension_level":3}}