{"host":"p62uqwu04pp7leh9","time":1611893365,"event":{"mods":["BaseMod","Block Reminder","Colored Map","Colored Powertips","Minty Spire (QoL Compilation)","Relic Stats"],"gold_per_floor":[117,117,117,192,62,89,89,121,121,148,73,83,83,98,98,195,195,214,43,43,43,61,93,93,93],"floor_reached":24,"language":"ENG","playtime":1059,"items_purged":["Regret","Defend_G"],"score":253,"play_id":"0d3928c5-820c-4be5-b3d5-46fe64f7792e","local_time":"20210128220925","is_ascension_mode":true,"campfire_choices":[{"data":"Bouncing Flask","floor":7,"key":"SMITH"},{"data":"Noxious Fumes","floor":15,"key":"SMITH"}],"circlet_count":0,"master_deck":["Strike_G+1","Strike_G+1","Strike_G","Strike_G","Strike_G","Defend_G","Defend_G","Defend_G","Defend_G","Survivor","Neutralize","Bouncing Flask+1","Bandage Up+1","Poisoned Stab","Noxious Fumes+1","Poisoned Stab","A Thousand Cuts","Poisoned Stab+1","A Thousand Cuts","Bandage Up+1"],"relics":["Coffee Dripper","Snake Skull","Tiny Chest","Omamori","Whetstone","Shuriken","White Beast Statue","Runic Pyramid","CaptainsWheel","The Specimen"],"acts_visited":["Exordium","TheCity"],"potions_floor_usage":[8,16,16,16,23,24,24,24],"damage_taken":[{"damage":0,"enemies":"2 Louse","floor":1,"turns":3},{"damage":18,"enemies":"3 Sentries","floor":6,"turns":9},{"damage":12,"enemies":"Gremlin Nob","floor":8,"turns":3},{"damage":24,"enemies":"3 Sentries","floor":10,"turns":8},{"damage":4,"enemies":"Jaw Worm","floor":12,"turns":2},{"damage":0,"enemies":"Small Slimes","floor":14,"turns":2},{"damage":1,"enemies":"Slime Boss","floor":16,"turns":6},{"damage":19,"enemies":"Chosen","floor":18,"turns":4},{"damage":13,"enemies":"3 Byrds","floor":22,"turns":4},{"damage":54,"enemies":"Gremlin Leader","floor":23,"turns":5},{"damage":15,"enemies":"Snake Plant","floor":24,"turns":2}],"seed_played":"-446440698014485846","potions_obtained":[{"floor":1,"key":"Fire Potion"},{"floor":10,"key":"Dexterity Potion"},{"floor":12,"key":"FearPotion"},{"floor":14,"key":"DistilledChaos"},{"floor":16,"key":"FearPotion"},{"floor":18,"key":"DuplicationPotion"},{"floor":22,"key":"SteroidPotion"},{"floor":23,"key":"Ancient Potion"}],"is_trial":false,"path_per_floor":["M","?","?","?","$","E","R","E","T","E","$","M","?","M","R","B",null,"M","$","?","T","M","E","M"],"character_chosen":"THE_SILENT","items_purchased":["Bandage Up","Poisoned Stab","A Thousand Cuts"],"campfire_rested":0,"item_purchase_floors":[5,5,19],"current_hp_per_floor":[70,58,58,47,47,33,33,25,25,5,5,5,5,11,11,16,70,57,57,57,57,56,14,0,0],"gold":93,"neow_bonus":"BOSS_RELIC","is_daily":false,"chose_seed":false,"campfire_upgraded":2,"win_rate":0.0,"timestamp":1611893365,"path_taken":["M","?","?","?","$","E","R","E","T","E","$","M","?","M","R","BOSS","M","$","?","?","M","E","M"],"items_purchased_type":["Card","Card","Card"],"build_version":"2020-12-22","purchased_purges":2,"victory":false,"max_hp_per_floor":[70,70,70,70,70,70,70,70,70,70,70,70,70,70,70,70,70,70,70,70,70,70,70,70,70],"relic_stats":{"counters":[11,48],"Shuriken":[10],"Tiny Chest":1,"Snake Skull":[89],"Whetstone":["Strike_G","Strike_G"],"obtain_stats":[{"CaptainsWheel":21,"The Specimen":23,"Shuriken":9,"Tiny Chest":3,"Snake Skull":2,"Coffee Dripper":0,"Omamori":6,"Whetstone":8,"White Beast Statue":10,"Ring of the Snake":0,"Runic Pyramid":17},{"CaptainsWheel":8,"The Specimen":10,"Shuriken":3,"Tiny Chest":1,"Snake Skull":1,"Coffee Dripper":0,"Omamori":2,"Whetstone":3,"White Beast Statue":4,"Ring of the Snake":0,"Runic Pyramid":7},{"CaptainsWheel":37,"The Specimen":46,"Shuriken":15,"Tiny Chest":3,"Snake Skull":3,"Coffee Dripper":0,"Omamori":12,"Whetstone":15,"White Beast Statue":23,"Ring of the Snake":0,"Runic Pyramid":33}]},"card_choices":[{"not_picked":["Outmaneuver","PiercingWail"],"picked":"Bouncing Flask","floor":1},{"not_picked":["Sucker Punch","Masterful Stab","Dagger Throw"],"picked":"SKIP","floor":6},{"not_picked":["Skewer","PiercingWail","Cloak And Dagger"],"picked":"SKIP","floor":8},{"not_picked":["Backstab","Dodge and Roll","Dagger Throw"],"picked":"SKIP","floor":10},{"not_picked":["Blade Dance","Outmaneuver"],"picked":"Noxious Fumes","floor":12},{"not_picked":["Deflect","Flechettes"],"picked":"Poisoned Stab","floor":14},{"not_picked":["Doppelganger","Die Die Die"],"picked":"A Thousand Cuts","floor":16},{"not_picked":["Blade Dance+1","Deflect"],"picked":"Poisoned Stab+1","floor":18},{"not_picked":["Masterful Stab","Sucker Punch","Dagger Spray+1"],"picked":"SKIP","floor":22},{"not_picked":["Dagger Throw","Concentrate","PiercingWail+1"],"picked":"SKIP","floor":23}],"player_experience":385330,"relics_obtained":[{"floor":6,"key":"Omamori"},{"floor":8,"key":"Whetstone"},{"floor":9,"key":"Shuriken"},{"floor":10,"key":"White Beast Statue"},{"floor":21,"key":"CaptainsWheel"},{"floor":23,"key":"The Specimen"}],"event_choices":[{"damage_healed":0,"gold_gain":0,"player_choice":"Success","damage_taken":12,"relics_obtained":["Snake Skull"],"max_hp_gain":0,"max_hp_loss":0,"event_name":"Scrap Ooze","floor":2,"gold_loss":0},{"damage_healed":0,"gold_gain":0,"player_choice":"Box","damage_taken":0,"relics_obtained":["Tiny Chest"],"max_hp_gain":0,"max_hp_loss":0,"event_name":"Big Fish","floor":3,"gold_loss":0,"cards_obtained":["Regret"]},{"damage_healed":0,"gold_gain":75,"player_choice":"Gather Gold","damage_taken":11,"max_hp_gain":0,"max_hp_loss":0,"event_name":"World of Goop","floor":4,"gold_loss":0},{"damage_healed":0,"gold_gain":0,"player_choice":"Grow","damage_taken":0,"max_hp_gain":0,"max_hp_loss":0,"event_name":"Living Wall","floor":13,"gold_loss":0,"cards_upgraded":["Bandage Up"]},{"damage_healed":0,"gold_gain":0,"player_choice":"Copied","damage_taken":0,"max_hp_gain":0,"max_hp_loss":0,"event_name":"Duplicator","floor":20,"gold_loss":0,"cards_obtained":["Bandage Up"]}],"is_beta":false,"boss_relics":[{"not_picked":["Velvet Choker","HoveringKite"],"picked":"Runic Pyramid"}],"items_purged_floors":[11,19],"is_endless":false,"potions_floor_spawned":[1,10,12,14,16,18,22,23],"killed_by":"Snake Plant","ascension_level":2}}