{"host":"gfxjwtol062e9znw","time":1611909042,"event":{"mods":["BaseMod","Colored Map","Minty Spire (QoL Compilation)"],"gold_per_floor":[111,121,121,121,121,148,148,181,228,228,239,251,269,298,298,399,399,414,69,85,0,18,18,47,47,100,113,28,40,40,40,40,40],"floor_reached":32,"language":"ENG","playtime":887,"items_purged":["Defend_B"],"score":390,"play_id":"ca45ff45-cf2c-41c5-9882-dc16411acd4a","local_time":"20210129193042","is_ascension_mode":true,"campfire_choices":[{"data":"Dualcast","floor":7.0,"key":"SMITH"},{"floor":10.0,"key":"REST"},{"data":"Zap","floor":15.0,"key":"SMITH"},{"data":"Defragment","floor":23.0,"key":"SMITH"},{"data":"Biased Cognition","floor":25.0,"key":"SMITH"}],"circlet_count":0,"master_deck":["Strike_B","Strike_B","Strike_B","Strike_B","Defend_B","Defend_B","Defend_B","Zap+1","Dualcast+1","Sweeping Beam","Reboot","Conserve Battery","Ball Lightning","Melter","Coolheaded","Melter","Biased Cognition+1","CurseOfTheBell","Conserve Battery","Defragment+1","All For One","Chill"],"relics":["Cracked Core","NeowsBlessing","Juzu Bracelet","Art of War","CaptainsWheel","Orichalcum","Mummified Hand","Calling Bell","Bag of Preparation","Pantograph","Unceasing Top","Meat on the Bone","Matryoshka","StrikeDummy","Nunchaku","Happy Flower"],"acts_visited":["Exordium","TheCity"],"potions_floor_usage":[],"damage_taken":[{"damage":0.0,"enemies":"2 Louse","floor":1.0,"turns":1.0},{"damage":0.0,"enemies":"Small Slimes","floor":2.0,"turns":1.0},{"damage":0.0,"enemies":"3 Sentries","floor":6.0,"turns":1.0},{"damage":30.0,"enemies":"Lagavulin","floor":8.0,"turns":5.0},{"damage":7.0,"enemies":"Jaw Worm","floor":11.0,"turns":3.0},{"damage":0.0,"enemies":"3 Louse","floor":12.0,"turns":2.0},{"damage":8.0,"enemies":"Large Slime","floor":13.0,"turns":5.0},{"damage":2.0,"enemies":"Gremlin Nob","floor":14.0,"turns":3.0},{"damage":38.0,"enemies":"The Guardian","floor":16.0,"turns":11.0},{"damage":0.0,"enemies":"Spheric Guardian","floor":18.0,"turns":1.0},{"damage":0.0,"enemies":"Chosen","floor":20.0,"turns":4.0},{"damage":1.0,"enemies":"Sentry and Sphere","floor":22.0,"turns":3.0},{"damage":19.0,"enemies":"Book of Stabbing","floor":24.0,"turns":5.0},{"damage":6.0,"enemies":"Chosen and Byrds","floor":27.0,"turns":5.0},{"damage":0.0,"enemies":"Snecko","floor":29.0,"turns":3.0},{"damage":0.0,"enemies":"Gremlin Leader","floor":31.0,"turns":2.0}],"seed_played":"-5208293907033910605","potions_obtained":[{"floor":2.0,"key":"Regen Potion"},{"floor":8.0,"key":"SteroidPotion"},{"floor":11.0,"key":"LiquidMemories"},{"floor":13.0,"key":"GamblersBrew"},{"floor":16.0,"key":"Block Potion"},{"floor":20.0,"key":"SkillPotion"},{"floor":27.0,"key":"BlessingOfTheForge"},{"floor":30.0,"key":"SmokeBomb"}],"is_trial":false,"path_per_floor":["M","M","?","?","?","E","R","E","T","R","M","M","M","E","R","B",null,"M","$","M","?","M","R","E","R","T","M","?","M","?","E","R"],"character_chosen":"DEFECT","items_purchased":["Conserve Battery","Meat on the Bone"],"campfire_rested":1,"item_purchase_floors":[19,19],"current_hp_per_floor":[75,75,75,80,77,77,77,57,57,80,73,73,65,63,63,25,80,80,80,80,80,79,79,60,60,60,54,54,54,54,54,54,54],"gold":40,"neow_bonus":"THREE_ENEMY_KILL","is_daily":false,"chose_seed":false,"campfire_upgraded":4,"win_rate":0.0,"timestamp":1611909042,"path_taken":["M","M","?","?","?","E","R","E","T","R","M","M","M","E","R","BOSS","M","$","M","?","M","R","E","R","T","M","?","M","?","E","R"],"items_purchased_type":["Card","Relic"],"build_version":"2020-12-22","purchased_purges":1,"victory":false,"max_hp_per_floor":[75,75,75,80,80,80,80,80,80,80,80,80,80,80,80,80,80,80,80,80,80,80,80,80,80,80,80,80,80,80,80,80,80],"card_choices":[{"not_picked":["Streamline","Compile Driver","Hologram"],"picked":"SKIP","floor":1.0},{"not_picked":["Streamline","White Noise"],"picked":"Sweeping Beam","floor":2.0},{"not_picked":["Compile Driver","Go for the Eyes"],"picked":"Reboot","floor":6.0},{"not_picked":["Cold Snap","All For One"],"picked":"Conserve Battery","floor":8.0},{"not_picked":["Scrape","Skim"],"picked":"Ball Lightning","floor":11.0},{"not_picked":["Leap","Rebound"],"picked":"Melter","floor":12.0},{"not_picked":["Scrape","Storm"],"picked":"Coolheaded","floor":13.0},{"not_picked":["Steam","Core Surge"],"picked":"Melter","floor":14.0},{"not_picked":["Amplify","Multi-Cast"],"picked":"Biased Cognition","floor":16.0},{"not_picked":["Stack","Go for the Eyes","Barrage+1"],"picked":"SKIP","floor":18.0},{"not_picked":["Sweeping Beam","Coolheaded+1"],"picked":"Defragment","floor":20.0},{"not_picked":["Hello World+1","Genetic Algorithm"],"picked":"All For One","floor":22.0},{"not_picked":["Leap+1","Recycle+1"],"picked":"Chill","floor":24.0},{"not_picked":["Sweeping Beam+1","Ball Lightning","Steam+1"],"picked":"SKIP","floor":27.0},{"not_picked":["Compile Driver","All For One","Genetic Algorithm+1"],"picked":"SKIP","floor":29.0}],"player_experience":19640,"relics_obtained":[{"floor":6.0,"key":"Art of War"},{"floor":8.0,"key":"CaptainsWheel"},{"floor":9.0,"key":"Orichalcum"},{"floor":14.0,"key":"Mummified Hand"},{"floor":17.0,"key":"Bag of Preparation"},{"floor":17.0,"key":"Pantograph"},{"floor":17.0,"key":"Unceasing Top"},{"floor":24.0,"key":"Matryoshka"},{"floor":26.0,"key":"StrikeDummy"},{"floor":26.0,"key":"Nunchaku"}],"event_choices":[{"damage_healed":0.0,"max_hp_gain":0.0,"max_hp_loss":0.0,"gold_gain":0.0,"event_name":"The Cleric","player_choice":"Leave","floor":3.0,"gold_loss":0.0,"damage_taken":0.0},{"damage_healed":0.0,"max_hp_gain":5.0,"max_hp_loss":0.0,"gold_gain":0.0,"event_name":"Big Fish","player_choice":"Donut","floor":4.0,"gold_loss":0.0,"damage_taken":0.0},{"damage_healed":0.0,"max_hp_gain":0.0,"max_hp_loss":0.0,"gold_gain":0.0,"event_name":"Scrap Ooze","player_choice":"Success","floor":5.0,"gold_loss":0.0,"damage_taken":3.0,"relics_obtained":["Juzu Bracelet"]},{"damage_healed":0.0,"max_hp_gain":0.0,"max_hp_loss":0.0,"gold_gain":0.0,"event_name":"Masked Bandits","player_choice":"Paid Fearfully","floor":21.0,"gold_loss":85.0,"damage_taken":0.0},{"damage_healed":0.0,"max_hp_gain":0.0,"max_hp_loss":0.0,"gold_gain":0.0,"event_name":"Addict","player_choice":"Obtained Relic","floor":28.0,"gold_loss":85.0,"damage_taken":0.0,"relics_obtained":["Happy Flower"]},{"damage_healed":0.0,"max_hp_gain":0.0,"max_hp_loss":0.0,"gold_gain":0.0,"event_name":"Lab","player_choice":"Got Potions","floor":30.0,"gold_loss":0.0,"damage_taken":0.0}],"is_beta":false,"boss_relics":[{"not_picked":["Empty Cage","Fusion Hammer"],"picked":"Calling Bell"}],"items_purged_floors":[19],"is_endless":false,"potions_floor_spawned":[2,8,11,13,16,20,22,27],"ascension_level":4}}