{"host":"u499vgr0907g2fby","time":1611884913,"event":{"mods":["BaseMod","Downfall","Googly Eyes","Minty Spire (QoL Compilation)","StSLib"],"gold_per_floor":[99,99,99,24,24,124,150,175,194,208,308,324,335,335,335,335],"floor_reached":14,"language":"ENG","playtime":1088,"items_purged":[],"score":78,"play_id":"689f03cc-a1ab-4fb4-bbf6-cd64e0cd8981","local_time":"20210128214833","is_ascension_mode":false,"campfire_choices":[{"floor":1.0,"key":"RECALL"}],"circlet_count":0,"master_deck":["bronze:Strike","bronze:Strike","bronze:Strike","bronze:Strike","bronze:Defend","bronze:Defend","bronze:Replicate+1","bronze:Goto+1","bronze:DarkDash+1","bronze:Shield","bronze:ClassDefault+1","bronze:Turbo","bronze:Shield","bronze:ForLoop","bronze:BuggyMess","bronze:MaxOutput","bronze:WildBeam","bronze:ChosenStrike","bronze:FindAndReplace"],"relics":["bronze:BronzeCore","downfall:HeartsMalice","Blood Vial","Odd Mushroom"],"acts_visited":["Exordium"],"potions_floor_usage":[],"damage_taken":[{"damage":0.0,"enemies":"Small Slimes","floor":2.0,"turns":1.0},{"damage":0.0,"enemies":"downfall:FleeingMerchant","floor":4.0,"turns":1.0},{"damage":0.0,"enemies":"downfall:FleeingMerchant","floor":5.0,"turns":1.0},{"damage":44.0,"enemies":"downfall:Heads","floor":6.0,"turns":8.0},{"damage":10.0,"enemies":"The Mushroom Lair","floor":8.0,"turns":4.0},{"damage":0,"enemies":"2 Louse","floor":9,"turns":1},{"damage":0,"enemies":"Large Slime","floor":10,"turns":6},{"damage":0,"enemies":"Exordium Wildlife","floor":12,"turns":3},{"damage":0,"enemies":"Gremlin Gang","floor":13,"turns":3},{"damage":29,"enemies":"Gremlin Nob","floor":14,"turns":3}],"seed_played":"-5863796827325411541","potions_obtained":[{"floor":6.0,"key":"Swift Potion"},{"floor":10,"key":"Swift Potion"},{"floor":12,"key":"bronze:CleanCodePotion"},{"floor":13,"key":"PowerPotion"}],"is_trial":false,"path_per_floor":["R","M","?","$","$","?","T","?","M","M","?","M","M","E"],"character_chosen":"THE_AUTOMATON","items_purchased":["bronze:ClassDefault"],"campfire_rested":0,"item_purchase_floors":[4],"current_hp_per_floor":[70,70,70,70,70,26,26,18,20,22,22,24,26,0,0,0],"gold":335,"neow_bonus":"THREE_ENEMY_KILL","is_daily":false,"chose_seed":false,"campfire_upgraded":0,"win_rate":0.0,"timestamp":1611884913,"path_taken":["R","M","?","?","$","?","T","?","M","M","?","M","M","E"],"items_purchased_type":["Card"],"build_version":"2020-12-22","purchased_purges":0,"victory":false,"max_hp_per_floor":[70,70,70,70,70,70,70,70,70,70,70,70,70,70,70,70],"card_choices":[{"not_picked":["bronze:ChildClass","bronze:BronzeOrb"],"picked":"bronze:DarkDash","floor":2.0},{"not_picked":["bronze:BugBarrage","bronze:Boost"],"picked":"bronze:Shield","floor":4.0},{"not_picked":["bronze:DelayedSlice","bronze:OilSpill"],"picked":"bronze:Turbo","floor":5.0},{"not_picked":["bronze:DelayedSlice","bronze:Overheat"],"picked":"bronze:Shield","floor":6.0},{"not_picked":["bronze:OilSpill","bronze:Return"],"picked":"bronze:BuggyMess","floor":8},{"not_picked":["bronze:Boost","bronze:WildBeam"],"picked":"bronze:MaxOutput","floor":9},{"not_picked":["bronze:Invalidate","bronze:Frontload"],"picked":"bronze:WildBeam","floor":10},{"not_picked":["bronze:Shield","bronze:Invalidate"],"picked":"bronze:ChosenStrike","floor":12},{"not_picked":["bronze:Frontload","bronze:Deprecate"],"picked":"bronze:FindAndReplace","floor":13}],"player_experience":1987127,"relics_obtained":[{"floor":7.0,"key":"Blood Vial"},{"floor":8,"key":"Odd Mushroom"}],"event_choices":[{"damage_healed":0.0,"max_hp_gain":0.0,"max_hp_loss":0.0,"gold_gain":0.0,"event_name":"Mushrooms","player_choice":"Fought Mushrooms","floor":8.0,"gold_loss":0.0,"damage_taken":0.0}],"is_beta":false,"boss_relics":[],"items_purged_floors":[],"is_endless":false,"potions_floor_spawned":[6,10,12,13],"killed_by":"Gremlin Nob","ascension_level":0}}