{"host":"bd3tl98ed0kk4173","time":1611917621,"event":{"mods":["Aspiration","BaseMod","Beaked The Cultist","Better Altar","Better Match","Better Note","Better Sensory Stone","Better Skull","Better Third Choice","BetterRewards","CapriCore","Colored Map","Colored Powertips","Conspire","Emptier Cage","Energized Spire","GifTheSpireLib","GungeonMod","Halation","HexUI Lib","Highlight Path","Hubris","Infinite Spire","Jorbs\u0027s Wanderer Trilogy","Keyboard Shortcuts","Mad Scientist","Minty Spire (QoL Compilation)","Permanent Neow","Quick Restart","Rare Cards Sparkle","Reliquary","Replay The Spire","SacredBarkPlus","Spicy Shops","StSLib","The Animator","The Blue Laboratory","The Hayseed","The Hierophant","The Runesmith","TheVacant","??????REMEMod"],"gold_per_floor":[114,114,134,134,3,3,3,17,62,97,113,113,113,130,130,240,240,255,116,134,146,146,146,146,146],"floor_reached":24,"language":"ENG","playtime":2252,"items_purged":[],"score":221,"play_id":"9f5c2e3c-bdf8-4a6d-b15d-88398636e173","local_time":"20210129055341","is_ascension_mode":false,"campfire_choices":[{"data":"beaked:CrazyRituals","floor":6,"key":"SMITH"},{"data":"beaked:BraceForImpact","floor":13,"key":"SMITH"},{"data":"beaked:BraceForImpact","floor":15,"key":"SMITH"},{"floor":23,"key":"REST"}],"circlet_count":0,"master_deck":["beaked:Strike_Y","beaked:Strike_Y","beaked:Strike_Y+1","beaked:Strike_Y","beaked:Strike_Y","beaked:Strike_Y","beaked:Defend_Y","beaked:Defend_Y","beaked:Defend_Y","beaked:Defend_Y","beaked:Ceremony+1","beaked:Ceremony+1","beaked:Foresight","beaked:CrazyRituals+1","beaked:Flinch","stsjorbsmod:GatherPower","beaked:DigDeep","beaked:BraceForImpact+1","beaked:BraceForImpact+1","beaked:Sacrifice","beaked:Daydream"],"relics":["beaked:MendingPlumage","REME_ComplimentaryCards","NeowsBlessing","Torii","reliquary:IridiumChain","reliquary:Buckler","reliquary:HotPoker","conspire:RunicOctahedron","reliquary:PorcupineQuills","halation:BottledHappiness"],"acts_visited":["Exordium","TheCity"],"potions_floor_usage":[14,18],"damage_taken":[{"damage":0,"enemies":"Jaw Worm","floor":1,"turns":1},{"damage":0,"enemies":"Cultist","floor":3,"turns":1},{"damage":2,"enemies":"conspire:RoseBush","floor":8,"turns":1},{"damage":7,"enemies":"Lagavulin","floor":10,"turns":6},{"damage":15,"enemies":"Looter","floor":11,"turns":4},{"damage":27,"enemies":"Gremlin Gang","floor":14,"turns":5},{"damage":1,"enemies":"Slime Boss","floor":16,"turns":11},{"damage":33,"enemies":"Shell Parasite","floor":18,"turns":8},{"damage":24,"enemies":"Chosen","floor":20,"turns":7},{"damage":46,"enemies":"3 Cultists","floor":21,"turns":7}],"seed_played":"6376755318276603205","potions_obtained":[{"floor":3,"key":"SteroidPotion"},{"floor":11,"key":"blueLaboratory:FrostheartPotion"},{"floor":20,"key":"blueLaboratory:LouseDecoction"}],"is_trial":false,"path_per_floor":["M","?","M","?","$","R","T","M","T","E","M","?","R","M","R","B",null,"M","?","M","M","?","R","AVR"],"character_chosen":"BEAKED_THE_CULTIST","items_purchased":["Torii","ColorlessPotion"],"campfire_rested":1,"item_purchase_floors":[5,5],"current_hp_per_floor":[50,50,50,43,43,43,43,42,42,50,50,50,50,48,48,50,50,48,48,47,28,28,44,44,44],"gold":146,"neow_bonus":"THREE_ENEMY_KILL","is_daily":false,"chose_seed":false,"campfire_upgraded":3,"win_rate":0.0,"timestamp":1611917621,"path_taken":["M","?","M","?","$","R","?","M","T","E","?","?","R","?","R","BOSS","M","?","?","M","?","R","AVR"],"items_purchased_type":["Relic","Potion"],"build_version":"2020-12-22","purchased_purges":0,"victory":false,"max_hp_per_floor":[50,50,50,50,50,50,50,50,50,50,50,50,50,50,50,50,50,50,50,53,56,56,56,56,56],"card_choices":[{"not_picked":["beaked:Daydream","beaked:DigDeeper"],"picked":"beaked:Foresight","floor":1},{"not_picked":["beaked:SurvivalInstinct","beaked:Negation"],"picked":"beaked:CrazyRituals","floor":3},{"not_picked":["beaked:FeelMyPain","beaked:MachineSpirit"],"picked":"beaked:Flinch","floor":8},{"not_picked":["beaked:Poke","beaked:Molting"],"picked":"beaked:DigDeep","floor":10},{"not_picked":["beaked:DesperateSwing","beaked:Daydream"],"picked":"beaked:BraceForImpact","floor":11},{"not_picked":["beaked:Tweet","beaked:FeelMyPain"],"picked":"beaked:BraceForImpact","floor":14},{"not_picked":["beaked:ShadowFade","beaked:SacrificialScars"],"picked":"beaked:Sacrifice","floor":16},{"not_picked":["beaked:Resilience+1","ReplayTheSpireMod:RavenHex","beaked:Poke"],"picked":"SKIP","floor":18},{"not_picked":["beaked:Tradeoff","beaked:SacrificialDive+1","beaked:MimicWarrior"],"picked":"SKIP","floor":20},{"not_picked":["beaked:WarriorEssence","beaked:Resilience+1"],"picked":"beaked:Daydream","floor":21}],"player_experience":101575,"relics_obtained":[{"floor":7,"key":"reliquary:IridiumChain"},{"floor":9,"key":"reliquary:Buckler"},{"floor":10,"key":"reliquary:HotPoker"}],"event_choices":[{"cards_removed":["beaked:Ceremony"],"damage_healed":0,"gold_gain":0,"player_choice":"Card Removal","damage_taken":7,"max_hp_gain":0,"max_hp_loss":0,"event_name":"Golden Wing","floor":4,"gold_loss":0},{"damage_healed":0,"gold_gain":0,"player_choice":"Full Heal","damage_taken":0,"max_hp_gain":0,"max_hp_loss":0,"event_name":"Wheel of Change","floor":12,"gold_loss":0},{"damage_healed":0,"gold_gain":0,"player_choice":"Paid Gold","damage_taken":0,"relics_obtained":["reliquary:PorcupineQuills"],"max_hp_gain":0,"max_hp_loss":0,"event_name":"WeMeetAgain","floor":19,"gold_loss":139},{"damage_healed":0,"gold_gain":0,"player_choice":"Ignored","damage_taken":0,"max_hp_gain":0,"max_hp_loss":0,"event_name":"betterNote:BetterNote","floor":22,"gold_loss":0,"cards_obtained":["Defend_R"]}],"is_beta":false,"boss_relics":[{"not_picked":["Honey Jar","aspiration:RunicSpoon"],"picked":"conspire:RunicOctahedron"}],"items_purged_floors":[],"is_endless":false,"potions_floor_spawned":[3,11,20],"ascension_level":0}}