{"host":"gobyjzz6xbwq9f9i","time":1611909659,"event":{"mods":["AchievementEnabler","BaseMod","Bestiary","Colored Map","Minty Spire (QoL Compilation)","Relic Stats"],"gold_per_floor":[110,120,120,131,143,143,173,191,191,210,210,239,251,270,270,374,374,385,395,405,422,422,422,28,45,45,55,55,83,83,115,115,210,210,221,240,39,52,52,52,79,79,79,107,119,69,69,82,82,82],"floor_reached":51,"language":"ENG","playtime":2029,"items_purged":["Strike_R","Regret"],"score":1145,"play_id":"bd8f01fb-8a63-4ce7-84c1-3584f6c4f96d","local_time":"20210129004059","is_ascension_mode":true,"campfire_choices":[{"data":"Whirlwind","floor":6,"key":"SMITH"},{"data":"Wild Strike","floor":11,"key":"SMITH"},{"data":"Bash","floor":15,"key":"SMITH"},{"floor":23,"key":"REST"},{"data":"Double Tap","floor":28,"key":"SMITH"},{"floor":30,"key":"REST"},{"data":"Inflame","floor":32,"key":"SMITH"},{"data":"Fiend Fire","floor":40,"key":"SMITH"},{"data":"Bloodletting","floor":42,"key":"SMITH"},{"data":"Battle Trance","floor":49,"key":"SMITH"}],"circlet_count":0,"master_deck":["AscendersBane","Strike_R","Strike_R","Strike_R","Strike_R","Defend_R","Defend_R","Defend_R","Bash+1","Wild Strike+1","Clothesline+1","Whirlwind+1","Shrug It Off","Rampage","Offering+1","Battle Trance","Double Tap+1","Pummel+1","Armaments+1","Shrug It Off+1","Bloodletting+1","Inflame+1","Master of Strategy","Dual Wield+1","Battle Trance+1","Fiend Fire+1","Headbutt","Flex+1","Heavy Blade+1"],"relics":["Burning Blood","The Courier","Mummified Hand","Pantograph","Cursed Key","Bag of Marbles","Pear","Smiling Mask","Runic Pyramid","Eternal Feather","Art of War","Darkstone Periapt","Anchor"],"acts_visited":["Exordium","TheCity","TheBeyond"],"potions_floor_usage":[12,12,21,29,33,50],"damage_taken":[{"damage":6,"enemies":"Cultist","floor":1,"turns":4},{"damage":10,"enemies":"Small Slimes","floor":2,"turns":4},{"damage":4,"enemies":"2 Louse","floor":4,"turns":2},{"damage":32,"enemies":"Exordium Thugs","floor":5,"turns":5},{"damage":21,"enemies":"Gremlin Nob","floor":7,"turns":4},{"damage":26,"enemies":"Gremlin Gang","floor":8,"turns":5},{"damage":0,"enemies":"3 Louse","floor":10,"turns":4},{"damage":15,"enemies":"3 Sentries","floor":12,"turns":3},{"damage":4,"enemies":"Blue Slaver","floor":13,"turns":4},{"damage":0,"enemies":"Gremlin Gang","floor":14,"turns":1},{"damage":19,"enemies":"Slime Boss","floor":16,"turns":7},{"damage":6,"enemies":"3 Byrds","floor":18,"turns":4},{"damage":16,"enemies":"Chosen","floor":19,"turns":5},{"damage":28,"enemies":"Sentry and Sphere","floor":20,"turns":4},{"damage":21,"enemies":"Snake Plant","floor":21,"turns":3},{"damage":21,"enemies":"Shelled Parasite and Fungi","floor":25,"turns":4},{"damage":6,"enemies":"Snecko","floor":27,"turns":3},{"damage":19,"enemies":"Gremlin Leader","floor":29,"turns":4},{"damage":20,"enemies":"Book of Stabbing","floor":31,"turns":4},{"damage":63,"enemies":"Champ","floor":33,"turns":16},{"damage":3,"enemies":"Orb Walker","floor":35,"turns":3},{"damage":25,"enemies":"3 Shapes","floor":36,"turns":5},{"damage":6,"enemies":"Maw","floor":38,"turns":6},{"damage":13,"enemies":"Giant Head","floor":41,"turns":5},{"damage":26,"enemies":"Nemesis","floor":44,"turns":4},{"damage":9,"enemies":"3 Darklings","floor":45,"turns":2},{"damage":0,"enemies":"Sphere and 2 Shapes","floor":48,"turns":2},{"damage":58,"enemies":"Donu and Deca","floor":50,"turns":5}],"seed_played":"6065732197310220981","potions_obtained":[{"floor":7,"key":"Strength Potion"},{"floor":10,"key":"Swift Potion"},{"floor":13,"key":"BlessingOfTheForge"},{"floor":16,"key":"FearPotion"},{"floor":18,"key":"Block Potion"},{"floor":21,"key":"Strength Potion"},{"floor":29,"key":"Dexterity Potion"},{"floor":33,"key":"Fire Potion"},{"floor":41,"key":"GamblersBrew"}],"is_trial":false,"path_per_floor":["M","M","?","M","M","R","E","M","T","M","R","E","M","M","R","B",null,"M","M","M","M","?","R","$","M","T","M","R","E","R","E","R","B",null,"M","M","$","M","?","R","E","R","T","E","M","$","?","M","R","B",null],"character_chosen":"IRONCLAD","items_purchased":["Bag of Marbles","Inflame","Master of Strategy","Eternal Feather"],"campfire_rested":2,"item_purchase_floors":[24,24,24,37],"current_hp_per_floor":[80,76,76,78,52,52,37,17,17,23,23,14,16,22,22,34,75,75,65,43,28,22,48,48,33,33,33,33,30,59,45,45,13,77,80,61,61,61,61,76,69,84,84,64,61,61,61,67,82,46],"gold":82,"neow_bonus":"TEN_PERCENT_HP_BONUS","is_daily":false,"chose_seed":false,"campfire_upgraded":8,"win_rate":0.0,"timestamp":1611909659,"path_taken":["M","?","?","M","M","R","E","M","T","M","R","E","?","M","R","BOSS","M","M","M","M","?","R","?","?","T","M","R","E","R","E","R","BOSS","M","M","$","M","?","R","E","R","T","E","M","$","?","M","R","BOSS"],"items_purchased_type":["Relic","Card","Card","Relic"],"build_version":"2020-12-22","purchased_purges":2,"victory":true,"max_hp_per_floor":[88,88,88,88,88,88,88,88,88,88,88,88,88,88,88,88,88,88,88,88,88,88,88,88,88,88,88,88,98,98,98,98,98,98,98,98,98,98,98,98,98,98,98,98,98,98,98,98,98,98],"relic_stats":{"Darkstone Periapt":0,"counters":[28,122],"Mummified Hand":[22],"Pantograph":66,"Eternal Feather":45,"Art of War":[0],"Cursed Key":1,"Smiling Mask":30,"obtain_stats":[{"Darkstone Periapt":43,"Pear":29,"Eternal Feather":37,"The Courier":7,"Cursed Key":17,"Smiling Mask":31,"Burning Blood":0,"Anchor":44,"Mummified Hand":9,"Pantograph":12,"Bag of Marbles":24,"Art of War":41,"Runic Pyramid":34},{"Darkstone Periapt":24,"Pear":18,"Eternal Feather":22,"The Courier":5,"Cursed Key":11,"Smiling Mask":19,"Burning Blood":0,"Anchor":25,"Mummified Hand":6,"Pantograph":8,"Bag of Marbles":15,"Art of War":24,"Runic Pyramid":20},{"Darkstone Periapt":109,"Pear":70,"Eternal Feather":98,"The Courier":19,"Cursed Key":43,"Smiling Mask":74,"Burning Blood":0,"Anchor":113,"Mummified Hand":24,"Pantograph":31,"Bag of Marbles":59,"Art of War":109,"Runic Pyramid":90}],"Burning Blood":168},"card_choices":[{"not_picked":["Havoc","Burning Pact"],"picked":"Wild Strike","floor":1},{"not_picked":["True Grit","Perfected Strike"],"picked":"Clothesline","floor":2},{"not_picked":["Burning Pact","Blood for Blood"],"picked":"Whirlwind","floor":4},{"not_picked":["Cleave","Warcry"],"picked":"Shrug It Off","floor":5},{"not_picked":["Flex","Wild Strike"],"picked":"Rampage","floor":7},{"not_picked":["Dropkick","Perfected Strike","Iron Wave"],"picked":"SKIP","floor":8},{"not_picked":["Heavy Blade","Evolve"],"picked":"Offering","floor":10},{"not_picked":["Heavy Blade","Clash","Rampage"],"picked":"SKIP","floor":12},{"not_picked":["Wild Strike","Pummel"],"picked":"Battle Trance","floor":13},{"not_picked":["Sword Boomerang","Iron Wave","Warcry"],"picked":"SKIP","floor":14},{"not_picked":["Immolate","Offering"],"picked":"Double Tap","floor":16},{"not_picked":["Hemokinesis","Second Wind"],"picked":"Pummel+1","floor":18},{"not_picked":["Sever Soul","Perfected Strike"],"picked":"Armaments+1","floor":19},{"not_picked":["Cleave+1","Dark Embrace"],"picked":"Shrug It Off+1","floor":20},{"not_picked":["Dropkick","Hemokinesis"],"picked":"Bloodletting","floor":21},{"not_picked":["Carnage+1","Sentinel","Headbutt"],"picked":"SKIP","floor":25},{"not_picked":["Anger","Brutality"],"picked":"Dual Wield+1","floor":27},{"not_picked":["Cleave+1","Perfected Strike"],"picked":"Battle Trance","floor":29},{"not_picked":["Brutality","Clash","Perfected Strike"],"picked":"SKIP","floor":31},{"not_picked":["Impervious","Feed"],"picked":"Fiend Fire","floor":33},{"not_picked":["Havoc+1","Sentinel+1","Body Slam"],"picked":"SKIP","floor":35},{"not_picked":["Clash","Pommel Strike","Brutality"],"picked":"SKIP","floor":36},{"not_picked":["Warcry+1","Armaments+1"],"picked":"Headbutt","floor":38},{"not_picked":["Hemokinesis","Perfected Strike+1"],"picked":"Flex+1","floor":41},{"not_picked":["Pommel Strike","Wild Strike"],"picked":"Heavy Blade+1","floor":44},{"not_picked":["Blood for Blood","Rupture","Anger+1"],"picked":"SKIP","floor":45},{"not_picked":["Heavy Blade","Wild Strike","Dropkick"],"picked":"SKIP","floor":48}],"player_experience":1202939,"relics_obtained":[{"floor":7,"key":"The Courier"},{"floor":9,"key":"Mummified Hand"},{"floor":12,"key":"Pantograph"},{"floor":29,"key":"Pear"},{"floor":31,"key":"Smiling Mask"},{"floor":41,"key":"Art of War"},{"floor":43,"key":"Darkstone Periapt"},{"floor":44,"key":"Anchor"}],"event_choices":[{"damage_healed":0,"gold_gain":0,"player_choice":"Upgraded","damage_taken":0,"max_hp_gain":0,"max_hp_loss":0,"event_name":"Upgrade Shrine","floor":3,"gold_loss":0,"cards_upgraded":["Clothesline"]},{"damage_healed":0,"gold_gain":0,"player_choice":"","damage_taken":6,"max_hp_gain":0,"max_hp_loss":0,"event_name":"Knowing Skull","floor":22,"potions_obtained":[],"gold_loss":0,"cards_obtained":[]},{"cards_removed":["Defend_R"],"damage_healed":0,"gold_gain":0,"player_choice":"Removed Skill","damage_taken":0,"max_hp_gain":0,"max_hp_loss":0,"event_name":"Falling","floor":39,"gold_loss":0},{"damage_healed":0,"gold_gain":0,"player_choice":"Upgraded","damage_taken":0,"max_hp_gain":0,"max_hp_loss":0,"event_name":"Upgrade Shrine","floor":47,"gold_loss":0,"cards_upgraded":["Offering"]}],"is_beta":false,"boss_relics":[{"not_picked":["Fusion Hammer","Sozu"],"picked":"Cursed Key"},{"not_picked":["Mark of Pain","Philosopher\u0027s Stone"],"picked":"Runic Pyramid"}],"items_purged_floors":[24,46],"is_endless":false,"potions_floor_spawned":[7,10,13,16,18,21,25,29,33,36,41,44],"ascension_level":10}}