{"host":"4evnc443c98ww2zl","time":1611880968,"event":{"mods":["BaseMod","Better Third Choice","Hermit","Koishi","Luminous","Minty Spire (QoL Compilation)","Remilia??????","Robot Space Explorer","StSLib","The Administrix","The Bug Knight","The Cursed","TheSwordswoman"],"gold_per_floor":[118,118,118,136,136,136,151,165,165,125,155,165,192,223,223,318,318,318,318,318,318,318,318,318,318,318,318,318,318,268,268,268,268,268,268,114,114,114,114,114,114,114,114,114,114,114,114,114,114,114,114,114,64,64,64,64],"floor_reached":55,"language":"ENG","playtime":3397,"items_purged":["Normality"],"score":860,"play_id":"696511d4-6d67-464b-8963-0c72531e645c","local_time":"20210128184248","daily_mods":["SealedDeck","Diverse","Colorless Cards","Heirloom","DeadlyEvents","Cursed Run"],"is_ascension_mode":false,"campfire_choices":[{"data":"Iron Wave","floor":6,"key":"SMITH"},{"floor":15,"key":"RECALL"},{"data":"1","floor":23,"key":"LIFT"},{"data":"2","floor":25,"key":"LIFT"},{"data":"3","floor":29,"key":"LIFT"},{"data":"RobotSpaceExplorer:StarLightning","floor":32,"key":"SMITH"},{"data":"Cloak And Dagger","floor":41,"key":"SMITH"},{"data":"Recycle","floor":49,"key":"SMITH"},{"data":"Mayhem","floor":52,"key":"SMITH"}],"circlet_count":0,"master_deck":["EmptyBody","AdministrixMod:CenturiesAscent","Cloak And Dagger+1","Koishi:StingingMind","Slice","Koishi:StingingMind","HollowMod:DashSlash+1","AdministrixMod:RebukeDesires","FTL","Iron Wave+1","Dodge and Roll+1","Cloak And Dagger+1","Swift Strike","AdministrixMod:RisingSunPrince","blazmod:Swordstorm","AdministrixMod:ExtolVirtue","AdministrixMod:BishamonBlessing+1","FollowUp","Mayhem+1","Go for the Eyes","FlyingSleeves","Recycle+1","RobotSpaceExplorer:StarLightning+1","RobotSpaceExplorer:ScrapShield","AdministrixMod:PlateOfAntiquity","Koishi:RuptureMind","Hologram+1","Koishi:StingingMind+1","AdministrixMod:Untouchable+1","TheCursedMod:Obscuration+1","SashWhip+1","Flex+1","Consecrate+1"],"relics":["Cursed Key","Darkstone Periapt","Du-Vu Doll","Dead Branch","Girya","Smiling Mask","HollowMod:LifeEnderRelic","Ectoplasm","HollowMod:QueensCombRelic","Vajra","War Paint","Letter Opener","AdministrixMod:ElixirOfImmorality","Bag of Marbles","Happy Flower","Prayer Wheel","Singing Bowl","Oddly Smooth Stone","Nunchaku"],"acts_visited":["Exordium","TheCity","TheBeyond","TheEnding"],"potions_floor_usage":[11,24,27,28,40,50,55,55],"damage_taken":[{"damage":0,"enemies":"2 Louse","floor":1,"turns":2},{"damage":0,"enemies":"Small Slimes","floor":4,"turns":2},{"damage":0,"enemies":"Jaw Worm","floor":7,"turns":2},{"damage":0,"enemies":"3 Louse","floor":8,"turns":2},{"damage":17,"enemies":"3 Sentries","floor":11,"turns":3},{"damage":8,"enemies":"Gremlin Gang","floor":12,"turns":2},{"damage":4,"enemies":"Lagavulin","floor":13,"turns":4},{"damage":15,"enemies":"HollowMod:MossKnight","floor":14,"turns":3},{"damage":17,"enemies":"Hexaghost","floor":16,"turns":6},{"damage":4,"enemies":"Chosen","floor":18,"turns":2},{"damage":3,"enemies":"3 Byrds","floor":19,"turns":2},{"damage":4,"enemies":"Gremlin Leader","floor":22,"turns":4},{"damage":19,"enemies":"Slavers","floor":24,"turns":5},{"damage":0,"enemies":"Shelled Parasite and Fungi","floor":27,"turns":2},{"damage":15,"enemies":"Book of Stabbing","floor":28,"turns":3},{"damage":1,"enemies":"3 Cultists","floor":31,"turns":2},{"damage":29,"enemies":"Collector","floor":33,"turns":5},{"damage":0,"enemies":"3 Darklings","floor":35,"turns":2},{"damage":4,"enemies":"3 Shapes","floor":37,"turns":1},{"damage":8,"enemies":"Spire Growth","floor":39,"turns":1},{"damage":21,"enemies":"Giant Head","floor":40,"turns":4},{"damage":4,"enemies":"Reptomancer","floor":42,"turns":2},{"damage":2,"enemies":"3 Darklings","floor":44,"turns":2},{"damage":2,"enemies":"Jaw Worm Horde","floor":46,"turns":2},{"damage":11,"enemies":"Spire Growth","floor":47,"turns":2},{"damage":4,"enemies":"Nemesis","floor":48,"turns":3},{"damage":29,"enemies":"Time Eater","floor":50,"turns":7},{"damage":59,"enemies":"Shield and Spear","floor":54,"turns":5},{"damage":83,"enemies":"The Heart","floor":55,"turns":3}],"seed_played":"-489028366810074814","potions_obtained":[{"floor":1,"key":"Ancient Potion"},{"floor":7,"key":"LiquidMemories"},{"floor":8,"key":"BlessingOfTheForge"},{"floor":13,"key":"Regen Potion"},{"floor":24,"key":"ColorlessPotion"},{"floor":28,"key":"Regen Potion"},{"floor":33,"key":"Strength Potion"},{"floor":47,"key":"Swift Potion"}],"is_trial":true,"path_per_floor":["M","?","?","M","?","R","M","M","T","$","E","M","E","E","R","B",null,"M","M","?","?","E","R","E","R","T","M","E","R","$","M","R","B",null,"M","$","M","?","M","E","R","E","T","M","?","M","M","E","R","B",null,"R","$","E","B"],"character_chosen":"TheAdministrix","items_purchased":["AdministrixMod:RisingSunPrince","AdministrixMod:PlateOfAntiquity","Bag of Marbles"],"campfire_rested":0,"item_purchase_floors":[10,30,36],"current_hp_per_floor":[65,65,65,65,59,59,63,63,69,69,60,57,61,54,54,55,77,73,74,74,68,50,50,47,47,53,56,49,49,49,55,55,41,62,62,62,58,58,58,58,58,58,64,70,70,70,67,76,76,67,82,82,82,39,0,0],"gold":64,"neow_bonus":"","is_daily":false,"chose_seed":false,"campfire_upgraded":5,"win_rate":0.0,"timestamp":1611880968,"path_taken":["M","?","?","M","?","R","M","M","T","$","E","?","E","?","R","BOSS","M","M","?","?","?","R","E","R","T","?","E","R","$","M","R","BOSS","M","$","M","?","M","E","R","E","T","M","?","M","M","?","R","BOSS","R","$","E","BOSS"],"items_purchased_type":["Card","Card","Relic"],"build_version":"2020-12-22","purchased_purges":1,"victory":false,"max_hp_per_floor":[65,65,65,65,65,65,65,65,71,71,71,71,71,71,71,77,77,77,77,77,77,50,50,50,50,56,56,56,56,56,56,56,62,62,62,62,62,62,62,62,62,62,68,72,72,72,74,76,76,82,82,82,82,84,84,84],"card_choices":[{"not_picked":["HollowMod:SiblingsSouls","Outmaneuver"],"picked":"Dodge and Roll","floor":1},{"not_picked":["RobotSpaceExplorer:Electropulse","HollowMod:InfectedCysts"],"picked":"hermit:Virtue","floor":4},{"not_picked":["Heatsinks","Reckless Charge"],"picked":"Cloak And Dagger","floor":7},{"not_picked":["HollowMod:SiblingsSouls","Luminous:Light_Sylvan_Lance"],"picked":"Swift Strike","floor":8},{"not_picked":["HollowMod:HowlingWraiths","RobotSpaceExplorer:JunkDive"],"picked":"blazmod:Swordstorm","floor":11},{"not_picked":["Ball Lightning","Luminous:Fast_Spell_Luminous"],"picked":"AdministrixMod:ExtolVirtue","floor":12},{"not_picked":["Dark Embrace","Backflip"],"picked":"AdministrixMod:BishamonBlessing","floor":13},{"not_picked":["Anger","Storm of Steel"],"picked":"FollowUp","floor":14},{"not_picked":["Amplify","Corpse Explosion"],"picked":"Mayhem","floor":16},{"not_picked":["Flying Knee","Skim"],"picked":"Go for the Eyes","floor":18},{"not_picked":["Uppercut","RobotSpaceExplorer:ImprovisedAttack"],"picked":"FlyingSleeves","floor":19},{"not_picked":["Force Field+1","Undo","blazmod:Contingency"],"picked":"SKIP","floor":22},{"not_picked":["blazmod:MentalFocus+1","BlasphemousPunishment"],"picked":"Recycle","floor":24},{"not_picked":["AdministrixMod:TrickOfTheLight","Koishi:DreadfulBlow"],"picked":"RobotSpaceExplorer:StarLightning","floor":27},{"not_picked":["TheCursedMod:SpitefulStrike","Luminous:Reverse_Spell_Luminous"],"picked":"RobotSpaceExplorer:ScrapShield","floor":28},{"not_picked":["blazmod:ButterFlutter","blazmod:KatanaStrike","Reinforced Body"],"picked":"SKIP","floor":31},{"not_picked":["HollowMod:MidwifesHunger","Koishi:MindStellarRelief"],"picked":"Koishi:RuptureMind","floor":33},{"not_picked":["Infernal Blade","Luminous:Light_Disperse+1"],"picked":"Hologram+1","floor":35},{"not_picked":["HollowMod:CornifersMapStart","NightDance"],"picked":"Koishi:StingingMind+1","floor":37},{"not_picked":["Koishi:ApparitionsStalkTheNight+1","Maim+1","hermit:DeadMansHand+1"],"picked":"SKIP","floor":39},{"not_picked":["Luminous:Dark_Extract+1","RobotSpaceExplorer:FreezingShield+1"],"picked":"AdministrixMod:Untouchable+1","floor":40},{"not_picked":["AdministrixMod:TrickOfTheLight","HollowMod:ElderbugsWisdom"],"picked":"TheCursedMod:Obscuration+1","floor":42},{"not_picked":["blazmod:FortifiedVigor+1","blazmod:BlindingFlash","Underhanded Strike"],"picked":"Singing Bowl","floor":44},{"not_picked":["Lockon","Body Slam","HollowMod:RecoilStrike+1"],"picked":"Singing Bowl","floor":44},{"not_picked":["Koishi:BloodcurdlingScream+1","HollowMod:DoubleDash"],"picked":"SashWhip+1","floor":46},{"not_picked":["blazmod:ButterFlutter+1","Luminous:Date_of_Light_Luminous"],"picked":"Flex+1","floor":46},{"not_picked":["Slice","EmergencyRegeneration+1"],"picked":"Consecrate+1","floor":47},{"not_picked":["blazmod:FlashRock","Armaments","HollowMod:CycloneSlash"],"picked":"Singing Bowl","floor":47},{"not_picked":["AdministrixMod:ImmortalPurity","Luminous:Date_of_Light_Luminous","Koishi:Untouchable"],"picked":"Singing Bowl","floor":48},{"not_picked":["HollowMod:WhiteLadysBlessing","Cleave+1","TheCursedMod:Torture+1"],"picked":"Singing Bowl","floor":54}],"player_experience":1131703,"relics_obtained":[{"floor":11,"key":"Girya"},{"floor":13,"key":"Smiling Mask"},{"floor":14,"key":"HollowMod:LifeEnderRelic"},{"floor":22,"key":"HollowMod:QueensCombRelic"},{"floor":24,"key":"Vajra"},{"floor":26,"key":"War Paint"},{"floor":28,"key":"Letter Opener"},{"floor":40,"key":"Happy Flower"},{"floor":42,"key":"Prayer Wheel"},{"floor":43,"key":"Singing Bowl"},{"floor":48,"key":"Oddly Smooth Stone"},{"floor":54,"key":"Nunchaku"}],"event_choices":[{"damage_healed":0,"gold_gain":0,"player_choice":"Grow","damage_taken":0,"max_hp_gain":0,"max_hp_loss":0,"event_name":"Living Wall","floor":2,"gold_loss":0,"cards_upgraded":["HollowMod:DashSlash"]},{"damage_healed":0,"gold_gain":0,"player_choice":"Ignored","damage_taken":0,"max_hp_gain":0,"max_hp_loss":0,"event_name":"Golden Wing","floor":3,"gold_loss":0},{"damage_healed":0,"gold_gain":0,"player_choice":"Ignored","damage_taken":0,"max_hp_gain":0,"max_hp_loss":0,"event_name":"Ghosts","floor":20,"gold_loss":0},{"damage_healed":0,"gold_gain":0,"player_choice":"","damage_taken":6,"max_hp_gain":0,"max_hp_loss":0,"event_name":"Knowing Skull","floor":21,"potions_obtained":[],"gold_loss":0,"cards_obtained":[]},{"damage_healed":0,"gold_gain":0,"player_choice":"Ignored","damage_taken":0,"max_hp_gain":0,"max_hp_loss":0,"event_name":"Tomb of Lord Red Mask","floor":38,"gold_loss":0},{"cards_removed":["Normality","Doubt","Pain","Decay","Pain"],"damage_healed":0,"gold_gain":0,"player_choice":"Removed Curses","damage_taken":0,"max_hp_gain":0,"max_hp_loss":0,"event_name":"Fountain of Cleansing","floor":45,"gold_loss":0}],"is_beta":false,"boss_relics":[{"not_picked":["Runic Dome","Runic Pyramid"],"picked":"Ectoplasm"},{"not_picked":["Sozu","Black Star"],"picked":"AdministrixMod:ElixirOfImmorality"}],"items_purged_floors":[53],"is_endless":false,"potions_floor_spawned":[1,7,8,13,18,24,28,33,35,39,47],"killed_by":"The Heart","ascension_level":0}}