{"host":"kj566mc1j9861y4f","time":1611894140,"event":{"mods":["AchievementEnabler","Act Like it!","BaseMod","Better Altar","Better Note","Better Vampires","BetterRewards","Colored Powertips","Downfall","Hermit","Infinite Spire","Lobotomy","Luminous","Minty Spire (QoL Compilation)","Relic Stats","Replay The Spire","Shade Mod","Shop Mod","Spicy Shops","StSLib","The Blue Laboratory","Uncapped"],"gold_per_floor":[110,165,165,184,184,184,184,203,203,231,104,104,104,115,115,271,271,288,308,356,386,1,11,11,11,11,42,42,68,68,68,68,68,68],"floor_reached":33,"language":"ENG","playtime":1868,"items_purged":["NothingThere"],"score":379,"play_id":"5b32f385-bbcd-4333-a6ad-d507f7ab541e","local_time":"20210128222220","is_ascension_mode":true,"campfire_choices":[{"data":"Eruption","floor":6,"key":"SMITH"},{"floor":12,"key":"REST"},{"data":"Prostrate","floor":15,"key":"SMITH"},{"data":"Blasphemy","floor":24,"key":"SMITH"},{"data":"ThirdEye","floor":30,"key":"SMITH"},{"data":"Replay:DivineShield","floor":32,"key":"SMITH"}],"circlet_count":0,"master_deck":["Apo_SoulSlash","Apo_Charge","Apo_Charge","Apo_Charge","Apo_Charge","Apo_Beam","Apo_Beam","Apo_Beam","Apo_Execute","Apo_Slash","Apo_Slash","Apo_SoulSlash","OldLady","Prostrate+1","WallGazer","Blasphemy+1","VoidDream","Replay:DivineShield+1","Alpha","Rudolta","PathToVictory","NakedNest","ThirdEye+1","Prostrate+1","Murderer","Protect+1","Shame","RedShoes","InnerPeace"],"relics":["PureWater","CogitoBucket","RabbitCall","Iron Hammer","Pondfish Scales","HornCleat","Replay:Wax Seal","White Beast Statue","ApostleMask","ChangeAnything","VioletLotus","AdjustmentMirror","Membership Card","Sling","Bottled Flame","Blood Vial","Onion Ring","Pet Ghost","Juzu Bracelet"],"acts_visited":["Exordium","TheCity"],"potions_floor_usage":[4,10,21,27,33,33],"damage_taken":[{"damage":7,"enemies":"2 Louse","floor":1,"turns":2},{"damage":0,"enemies":"Jaw Worm","floor":4,"turns":3},{"damage":0,"enemies":"Small Slimes","floor":8,"turns":1},{"damage":14,"enemies":"Gremlin Nob","floor":10,"turns":5},{"damage":0,"enemies":"2 Fungi Beasts","floor":14,"turns":1},{"damage":53,"enemies":"The Guardian","floor":16,"turns":7},{"damage":16,"enemies":"3 Byrds","floor":18,"turns":4},{"damage":0,"enemies":"Spheric Guardian","floor":19,"turns":1},{"damage":5,"enemies":"Centurion and Healer","floor":20,"turns":4},{"damage":15,"enemies":"Snecko","floor":21,"turns":2},{"damage":0,"enemies":"3 Cultists","floor":23,"turns":2},{"damage":38,"enemies":"Replay:Snechameleon","floor":27,"turns":6},{"damage":16,"enemies":"Book of Stabbing","floor":29,"turns":4},{"damage":71,"enemies":"Pondfish","floor":33,"turns":12}],"seed_played":"3543331615031794590","potions_obtained":[{"floor":1,"key":"blueLaboratory:FaithlessPotion"},{"floor":2,"key":"blueLaboratory:EmptyBottle"},{"floor":8,"key":"Guardian:BlockOnCardUsePotion"},{"floor":14,"key":"LiquidBronze"},{"floor":16,"key":"AttackPotion"},{"floor":18,"key":"blueLaboratory:FaithlessPotion"},{"floor":19,"key":"sneckomod:MuddlingPotion"},{"floor":21,"key":"blueLaboratory:AlphaPotion"},{"floor":27,"key":"blueLaboratory:AlphaPotion"},{"floor":31,"key":"Strength Potion"},{"floor":31,"key":"blueLaboratory:PolymorphPotion"},{"floor":31,"key":"blueLaboratory:BottleOfRum"}],"is_trial":false,"path_per_floor":["M","?","?","M","?","R","?","M","T","E","$","R","E","M","R","B",null,"M","M","M","M","$","M","R","?","T","E","?","E","R","?","R","B"],"character_chosen":"WATCHER","items_purchased":["White Beast Statue","Membership Card","Sling","Bottled Flame","Blood Vial"],"campfire_rested":1,"item_purchase_floors":[11,22,22,22,22],"current_hp_per_floor":[65,65,65,65,58,58,63,63,63,49,49,72,71,71,71,77,77,61,61,56,41,41,41,41,41,41,77,77,61,61,61,61,0,0],"gold":68,"neow_bonus":"","is_daily":false,"chose_seed":false,"campfire_upgraded":5,"win_rate":0.0,"timestamp":1611894140,"path_taken":["M","?","?","M","?","R","?","M","T","E","$","R","E","M","R","BOSS","M","M","M","M","$","M","R","?","T","E","?","E","R","?","R","BOSS"],"items_purchased_type":["Relic","Relic","Relic","Relic","Relic"],"build_version":"2020-12-22","purchased_purges":1,"victory":false,"max_hp_per_floor":[72,72,72,72,72,72,77,77,77,77,77,77,77,77,77,77,77,77,77,77,77,77,77,77,77,77,77,77,77,77,77,77,77,77],"relic_stats":{"Blood Vial":0,"counters":[17,65],"VioletLotus":[1],"Juzu Bracelet":0,"obtain_stats":[{"RabbitCall":0,"Juzu Bracelet":29,"AdjustmentMirror":21,"Sling":22,"White Beast Statue":11,"Pet Ghost":28,"Blood Vial":22,"CogitoBucket":0,"Pondfish Scales":3,"Bottled Flame":22,"HornCleat":9,"Onion Ring":27,"Iron Hammer":2,"VioletLotus":17,"Membership Card":22,"PureWater":0,"Replay:Wax Seal":10,"ChangeAnything":14,"ApostleMask":13},{"RabbitCall":0,"Juzu Bracelet":16,"AdjustmentMirror":13,"Sling":13,"White Beast Statue":4,"Pet Ghost":15,"Blood Vial":13,"CogitoBucket":0,"Pondfish Scales":1,"Bottled Flame":13,"HornCleat":3,"Onion Ring":15,"Iron Hammer":1,"VioletLotus":8,"Membership Card":13,"PureWater":0,"Replay:Wax Seal":4,"ChangeAnything":7,"ApostleMask":5},{"RabbitCall":0,"Juzu Bracelet":53,"AdjustmentMirror":41,"Sling":41,"White Beast Statue":11,"Pet Ghost":49,"Blood Vial":41,"CogitoBucket":0,"Pondfish Scales":2,"Bottled Flame":41,"HornCleat":6,"Onion Ring":49,"Iron Hammer":2,"VioletLotus":29,"Membership Card":41,"PureWater":0,"Replay:Wax Seal":11,"ChangeAnything":22,"ApostleMask":20}]},"card_choices":[{"not_picked":["Murderer","OldLady"],"picked":"BeautyBeast","floor":1},{"not_picked":["BattleHymn","Weave"],"picked":"Replay:DivineShield","floor":1},{"not_picked":["CrushJoints","ClearTheMind"],"picked":"EmptyFist","floor":2},{"not_picked":["CherryBlossoms","MeatLantern"],"picked":"SpiderBud","floor":4},{"not_picked":["Replay:Anticipation","ClearTheMind"],"picked":"Consecrate","floor":4},{"not_picked":["Woodsman","BigBadWolf"],"picked":"OldLady","floor":8},{"not_picked":["Study","Replay:DivineShield"],"picked":"PathToVictory","floor":8},{"not_picked":["Rudolta","MHz"],"picked":"PlagueDoctor","floor":10},{"not_picked":["Replay:LoomingThreat","Vengeance"],"picked":"LikeWater","floor":10},{"not_picked":["Scorched","Murderer"],"picked":"OldLady","floor":14},{"not_picked":["Study","Replay:AtTheReady"],"picked":"Prostrate","floor":14},{"not_picked":["Mercenary","Woodsman"],"picked":"WallGazer","floor":16},{"not_picked":["Scrawl","Vault"],"picked":"Blasphemy","floor":16},{"not_picked":["Bloodbath","ShyLook"],"picked":"VoidDream","floor":18},{"not_picked":["Replay:Cycle","Replay:BluntJabs+1"],"picked":"Replay:DivineShield","floor":18},{"not_picked":["BigBird","SpiderBud"],"picked":"NothingThere","floor":19},{"not_picked":["FollowUp","FlurryOfBlows"],"picked":"Alpha","floor":19},{"not_picked":["FieryBird","FairyFestival"],"picked":"Rudolta","floor":20},{"not_picked":["Alpha","ClearTheMind"],"picked":"PathToVictory","floor":20},{"not_picked":["UniverseFragment","HappyTeddy"],"picked":"NakedNest","floor":21},{"not_picked":["JustLucky+1","MasterReality"],"picked":"ThirdEye","floor":21},{"not_picked":["JustLucky","CutThroughFate+1"],"picked":"Prostrate+1","floor":23},{"not_picked":["FieryBird","UniverseFragment"],"picked":"Murderer","floor":27},{"not_picked":["Meditate","CrushJoints"],"picked":"Protect+1","floor":27},{"not_picked":["GreedKing","WhiteNight"],"picked":"RedShoes","floor":29},{"not_picked":["BowlingBash+1","Replay:BluntJabs"],"picked":"InnerPeace","floor":29}],"player_experience":174086,"relics_obtained":[{"floor":2,"key":"Iron Hammer"},{"floor":3,"key":"Pondfish Scales"},{"floor":9,"key":"HornCleat"},{"floor":10,"key":"Replay:Wax Seal"},{"floor":27,"key":"Onion Ring"},{"floor":29,"key":"Juzu Bracelet"}],"event_choices":[{"cards_removed":["Strike_P"],"damage_healed":0,"gold_gain":0,"player_choice":"Card Removal","damage_taken":7,"max_hp_gain":0,"max_hp_loss":0,"event_name":"Golden Wing","floor":5,"gold_loss":0},{"damage_healed":0,"gold_gain":0,"player_choice":"Donut","damage_taken":0,"max_hp_gain":5,"max_hp_loss":0,"event_name":"Big Fish","floor":7,"gold_loss":0},{"cards_removed":["Regret"],"damage_healed":0,"gold_gain":0,"player_choice":"Elegance","damage_taken":0,"max_hp_gain":0,"max_hp_loss":0,"event_name":"Back to Basics","floor":25,"gold_loss":0},{"damage_healed":0,"gold_gain":0,"player_choice":"Stole Relic","damage_taken":0,"relics_obtained":["Pet Ghost"],"max_hp_gain":0,"max_hp_loss":0,"event_name":"Addict","floor":28,"gold_loss":0,"cards_obtained":["Shame"]},{"damage_healed":0,"gold_gain":0,"player_choice":"Got Potions","damage_taken":0,"max_hp_gain":0,"max_hp_loss":0,"event_name":"Lab","floor":31,"gold_loss":0}],"is_beta":false,"boss_relics":[{"not_picked":["Painkiller Herb","infinitespire:Cupcake"],"picked":"VioletLotus"}],"items_purged_floors":[22],"is_endless":false,"potions_floor_spawned":[1,8,14,16,18,19,20,21,23,27,29],"killed_by":"Pondfish","ascension_level":3}}