{"host":"fflyk188z5ncxlup","time":1611924179,"event":{"mods":["AchievementEnabler","BaseMod","Bestiary","Better Third Choice","Block Reminder","Colored Map","Colored Powertips","DeckTracker","Googly Eyes","Minty Spire (QoL Compilation)","StSLib","SuperFastMode"],"gold_per_floor":[119,132,143,143,160,178,178,178],"floor_reached":7,"language":"ENG","playtime":161,"items_purged":[],"score":81,"play_id":"bf10091d-b7f9-4c3f-b87b-845cc7697a20","local_time":"20210129214259","is_ascension_mode":true,"campfire_choices":[],"circlet_count":0,"master_deck":["AscendersBane","Strike_B","Strike_B","Strike_B","Strike_B","Defend_B","Defend_B","Defend_B","Defend_B","Zap+1","Dualcast","Cold Snap","White Noise","Tempest","Storm"],"relics":["Cracked Core","NeowsBlessing"],"acts_visited":["Exordium"],"potions_floor_usage":[6],"damage_taken":[{"damage":0,"enemies":"Small Slimes","floor":1,"turns":1},{"damage":0,"enemies":"2 Louse","floor":2,"turns":1},{"damage":0,"enemies":"Cultist","floor":3,"turns":1},{"damage":13,"enemies":"Large Slime","floor":5,"turns":5},{"damage":13,"enemies":"Lots of Slimes","floor":6,"turns":3},{"damage":40,"enemies":"Lagavulin","floor":7,"turns":5}],"seed_played":"3738019395369050762","potions_obtained":[{"floor":2,"key":"Fire Potion"},{"floor":6,"key":"GamblersBrew"}],"is_trial":false,"path_per_floor":["M","M","M","?","M","M","E"],"character_chosen":"DEFECT","items_purchased":[],"campfire_rested":0,"item_purchase_floors":[],"current_hp_per_floor":[64,64,64,64,51,38,0,0],"gold":178,"neow_bonus":"THREE_ENEMY_KILL","is_daily":false,"chose_seed":false,"campfire_upgraded":0,"win_rate":0.0,"timestamp":1611924179,"path_taken":["M","M","M","?","M","M","E"],"items_purchased_type":[],"build_version":"2020-12-22","purchased_purges":0,"victory":false,"max_hp_per_floor":[71,71,71,71,71,71,71,71],"card_choices":[{"not_picked":["Coolheaded","Compile Driver","Leap"],"picked":"SKIP","floor":1},{"not_picked":["Darkness","Fusion"],"picked":"Cold Snap","floor":2},{"not_picked":["FTL","Redo"],"picked":"White Noise","floor":3},{"not_picked":["Go for the Eyes","Gash"],"picked":"Tempest","floor":5},{"not_picked":["Recycle","Coolheaded"],"picked":"Storm","floor":6}],"player_experience":408817,"relics_obtained":[],"event_choices":[{"damage_healed":0,"gold_gain":0,"player_choice":"Grow","damage_taken":0,"max_hp_gain":0,"max_hp_loss":0,"event_name":"Living Wall","floor":4,"gold_loss":0,"cards_upgraded":["Zap"]}],"is_beta":false,"boss_relics":[],"items_purged_floors":[],"is_endless":false,"potions_floor_spawned":[2,6],"killed_by":"Lagavulin","ascension_level":16}}