{"host":"qk12ohyvrq6bwjad","time":1611889774,"event":{"mods":["AchievementEnabler","BaseMod","Colored Map","Custom Start","KOR Keyword Fix","Minty Spire (QoL Compilation)","Quick Restart","StSLib","SuperFastMode"],"gold_per_floor":[117,117,117,117,140,140,164,164,191,191,46,114,114,127,127,221,221,237,56,56,236,249,249,299,299,324,324,363,395,407,419,431,536,548,574,38,56,74,105,105,140,140,140,171,189,189,189,229,229,229],"floor_reached":51,"language":"KOR","playtime":2008,"items_purged":["Strike_G"],"score":1325,"play_id":"8ef140c3-b937-42b9-ab8c-3a12dc5fcc31","local_time":"20210129120934","is_ascension_mode":true,"campfire_choices":[{"floor":6.0,"key":"REST"},{"data":"Doppelganger","floor":8.0,"key":"SMITH"},{"data":"Neutralize","floor":10.0,"key":"SMITH"},{"data":"Backstab","floor":13.0,"key":"SMITH"},{"data":"Survivor","floor":15.0,"key":"SMITH"},{"floor":23.0,"key":"REST"},{"data":"Tools of the Trade","floor":25.0,"key":"SMITH"},{"floor":27.0,"key":"REST"},{"floor":30.0,"key":"REST"},{"floor":32.0,"key":"REST"},{"data":"Storm of Steel","floor":40,"key":"SMITH"},{"floor":42,"key":"REST"},{"floor":47,"key":"REST"},{"floor":49,"key":"REST"}],"circlet_count":0,"master_deck":["AscendersBane","Strike_G","Strike_G","Strike_G","Defend_G+1","Defend_G","Defend_G","Defend_G","Defend_G","Survivor+1","Neutralize+1","Poisoned Stab+1","Injury","Backstab+1","Doppelganger+1","Backflip","Tools of the Trade+1","Predator+1","Corpse Explosion","Caltrops","PiercingWail+1","Eviscerate","Unload","Storm of Steel+1","Acrobatics+1","Dagger Throw","Panacea","Cloak And Dagger+1","Blade Dance+1","Dagger Spray+1","Concentrate","Tactician+1","Blade Dance+1"],"relics":["Ring of the Snake","Unceasing Top","Golden Idol","Lantern","Medical Kit","Gremlin Horn","HoveringKite","Enchiridion","Happy Flower","MawBank","Tough Bandages","Charon\u0027s Ashes","Tingsha","Black Star","TwistedFunnel","FossilizedHelix","Ice Cream","Omamori","Regal Pillow","Bottled Tornado","Dream Catcher","Sundial","Du-Vu Doll","Vajra"],"acts_visited":["Exordium","TheCity","TheBeyond"],"potions_floor_usage":[33,50],"damage_taken":[{"damage":8.0,"enemies":"Small Slimes","floor":1.0,"turns":6.0},{"damage":0.0,"enemies":"Jaw Worm","floor":5.0,"turns":4.0},{"damage":0.0,"enemies":"2 Louse","floor":7.0,"turns":3.0},{"damage":0.0,"enemies":"Blue Slaver","floor":14.0,"turns":3.0},{"damage":9.0,"enemies":"Hexaghost","floor":16.0,"turns":11.0},{"damage":7.0,"enemies":"3 Byrds","floor":18.0,"turns":6.0},{"damage":1.0,"enemies":"Spheric Guardian","floor":22.0,"turns":5.0},{"damage":29.0,"enemies":"Book of Stabbing","floor":28.0,"turns":6.0},{"damage":1.0,"enemies":"Centurion and Healer","floor":29.0,"turns":3.0},{"damage":0.0,"enemies":"Sentry and Sphere","floor":31.0,"turns":3.0},{"damage":32,"enemies":"Collector","floor":33,"turns":8},{"damage":28,"enemies":"3 Darklings","floor":35,"turns":4},{"damage":0,"enemies":"3 Shapes","floor":37,"turns":2},{"damage":0,"enemies":"Sphere and 2 Shapes","floor":38,"turns":2},{"damage":0,"enemies":"Mind Bloom Boss Battle","floor":39,"turns":6},{"damage":18,"enemies":"Giant Head","floor":41,"turns":6},{"damage":0,"enemies":"Reptomancer","floor":44,"turns":3},{"damage":0,"enemies":"Spire Growth","floor":45,"turns":3},{"damage":36,"enemies":"Nemesis","floor":48,"turns":5},{"damage":12,"enemies":"Awakened One","floor":50,"turns":7}],"seed_played":"7485608474049566995","potions_obtained":[{"floor":5.0,"key":"Strength Potion"},{"floor":7.0,"key":"EssenceOfSteel"},{"floor":18.0,"key":"Ancient Potion"},{"floor":22.0,"key":"SmokeBomb"},{"floor":29.0,"key":"Weak Potion"}],"is_trial":false,"path_per_floor":["M","?","?","?","M","R","M","R","T","R","$","T","R","M","R","B",null,"M","$","?","?","M","R","?","R","T","R","E","M","R","M","R","B",null,"M","$","M","M","?","R","E","R","T","E","M","T","R","E","R","B",null],"character_chosen":"THE_SILENT","items_purchased":["Medical Kit","Corpse Explosion","Caltrops","TwistedFunnel","Dagger Throw","Panacea","GhostInAJar","FairyPotion"],"campfire_rested":8,"item_purchase_floors":[11,19,19,36,36,36,36,36],"current_hp_per_floor":[36,16,9,9,9,28,28,28,28,28,28,28,28,28,28,19,54,47,47,26,7,6,25,19,19,19,38,9,8,27,27,46,14,53,25,25,25,25,25,25,7,26,26,26,26,26,60,24,58,46],"gold":229,"neow_bonus":"ONE_RARE_RELIC","is_daily":false,"chose_seed":false,"campfire_upgraded":6,"win_rate":0.0,"timestamp":1611889774,"path_taken":["M","?","?","?","M","R","M","R","T","R","$","?","R","M","R","BOSS","M","$","?","?","?","R","?","R","T","R","E","M","R","?","R","BOSS","M","$","M","M","?","R","E","R","T","E","M","?","R","E","R","BOSS"],"items_purchased_type":["Relic","Card","Card","Relic","Card","Card","Potion","Potion"],"build_version":"2020-12-22","purchased_purges":1,"victory":true,"max_hp_per_floor":[66,66,66,66,66,66,66,66,66,66,66,66,66,66,66,66,66,66,66,66,66,66,66,66,66,66,66,66,66,66,66,66,66,66,66,66,66,66,66,66,66,66,66,66,66,66,66,66,66,66],"card_choices":[{"not_picked":["Bane","Deflect"],"picked":"Poisoned Stab","floor":1.0},{"not_picked":["Tactician","Dodge and Roll"],"picked":"Backstab","floor":5.0},{"not_picked":["PiercingWail","Backflip"],"picked":"Doppelganger","floor":7.0},{"not_picked":["Blur","Backstab"],"picked":"Backflip","floor":14.0},{"not_picked":["Venomology","Night Terror"],"picked":"Tools of the Trade","floor":16.0},{"not_picked":["Accuracy","Sucker Punch"],"picked":"Predator+1","floor":18.0},{"not_picked":["Masterful Stab","Cloak And Dagger"],"picked":"PiercingWail+1","floor":22.0},{"not_picked":["Dagger Spray","Slice"],"picked":"Eviscerate","floor":28.0},{"not_picked":["Quick Slash","Backflip+1"],"picked":"Unload","floor":29.0},{"not_picked":["Night Terror","Adrenaline"],"picked":"Storm of Steel","floor":33},{"not_picked":["Crippling Poison","Infinite Blades"],"picked":"Acrobatics+1","floor":35},{"not_picked":["Outmaneuver","Flechettes+1","Slice"],"picked":"SKIP","floor":37},{"not_picked":["Deflect+1","Bane"],"picked":"Cloak And Dagger+1","floor":38},{"not_picked":["Deflect","Sucker Punch"],"picked":"Blade Dance+1","floor":39},{"not_picked":["Outmaneuver","Masterful Stab"],"picked":"Dagger Spray+1","floor":41},{"not_picked":["Predator+1","Noxious Fumes+1"],"picked":"Concentrate","floor":44},{"not_picked":["Venomology","Deadly Poison+1","Riddle With Holes"],"picked":"SKIP","floor":45},{"not_picked":["Caltrops","Deadly Poison+1"],"picked":"Tactician+1","floor":47},{"not_picked":["Backstab","Bouncing Flask"],"picked":"Blade Dance+1","floor":48}],"player_experience":1598747,"relics_obtained":[{"floor":9.0,"key":"Lantern"},{"floor":12.0,"key":"Gremlin Horn"},{"floor":20.0,"key":"Enchiridion"},{"floor":26.0,"key":"Happy Flower"},{"floor":28.0,"key":"MawBank"},{"floor":39,"key":"FossilizedHelix"},{"floor":41,"key":"Ice Cream"},{"floor":41,"key":"Omamori"},{"floor":43,"key":"Regal Pillow"},{"floor":44,"key":"Bottled Tornado"},{"floor":44,"key":"Dream Catcher"},{"floor":46,"key":"Sundial"},{"floor":48,"key":"Du-Vu Doll"},{"floor":48,"key":"Vajra"}],"event_choices":[{"damage_healed":0.0,"max_hp_gain":0.0,"max_hp_loss":0.0,"gold_gain":0.0,"event_name":"Shining Light","player_choice":"Entered Light","floor":2.0,"gold_loss":0.0,"damage_taken":20.0,"cards_upgraded":["Poisoned Stab","Defend_G"]},{"cards_removed":["Strike_G"],"damage_healed":0.0,"max_hp_gain":0.0,"max_hp_loss":0.0,"gold_gain":0.0,"event_name":"Golden Wing","player_choice":"Card Removal","floor":3.0,"gold_loss":0.0,"damage_taken":7.0},{"damage_healed":0.0,"max_hp_gain":0.0,"max_hp_loss":0.0,"gold_gain":0.0,"event_name":"Golden Idol","player_choice":"Take Wound","floor":4.0,"gold_loss":0.0,"damage_taken":0.0,"relics_obtained":["Golden Idol"],"cards_obtained":["Injury"]},{"damage_healed":0.0,"max_hp_gain":0.0,"max_hp_loss":0.0,"gold_gain":0.0,"event_name":"Cursed Tome","player_choice":"Obtained Book","floor":20.0,"gold_loss":0.0,"damage_taken":21.0},{"damage_healed":0.0,"max_hp_gain":0.0,"max_hp_loss":0.0,"gold_gain":180.0,"event_name":"Knowing Skull","player_choice":"GOLD GOLD ","floor":21.0,"potions_obtained":[],"gold_loss":0.0,"damage_taken":19.0,"cards_obtained":[]},{"damage_healed":0.0,"max_hp_gain":0.0,"max_hp_loss":0.0,"gold_gain":50.0,"event_name":"FaceTrader","player_choice":"Touch","floor":24.0,"gold_loss":0.0,"damage_taken":6.0},{"damage_healed":0,"gold_gain":0,"player_choice":"Fight","damage_taken":0,"max_hp_gain":0,"max_hp_loss":0,"event_name":"MindBloom","floor":39,"gold_loss":0}],"is_beta":false,"boss_relics":[{"not_picked":["Tiny House","Fusion Hammer"],"picked":"HoveringKite"},{"not_picked":["Runic Dome","Busted Crown"],"picked":"Black Star"}],"items_purged_floors":[36],"is_endless":false,"potions_floor_spawned":[5,7,18,22,29,39,44],"ascension_level":15}}