{"host":"i9wanet4r0ff4t9y","time":1611922446,"event":{"mods":["2.2 Compatiblity","Act Like it!","BaseMod","Bestiary","Better Altar","Better Match","Better Note","Better Sensory Stone","Better Skull","Better Third Choice","Better Vampires","BetterRewards","CapriCore","Colored Map","Curses Come First","Downfall","Hubris","Minty Spire (QoL Compilation)","Quick Restart","READ ME - Guardian Mod","READ ME - Snecko Mod","Relic Stats","Say the Spire","Spicy Shops","StSLib","The Disciple","The Poker Player","Waifu the Spire"],"gold_per_floor":[114,125,136,156,167,201,201,236,236,266,266,266,283,283,283,357,357,376,59,59,72,86,86,115,115,190,190,208,19,19,48,48,126,126,144,144,144,1,0,0,14,33,33,33,49,49,49,65,65,65],"floor_reached":51,"language":"POL","playtime":1365,"items_purged":[],"score":1345,"play_id":"e54b4a2b-c98b-4d52-a6ca-a5250f904646","local_time":"20210129131406","is_ascension_mode":true,"campfire_choices":[{"floor":7,"key":"REST"},{"floor":12,"key":"REST"},{"data":"Panache","floor":15,"key":"SMITH"},{"data":"Rupture","floor":23,"key":"SMITH"},{"data":"Seeing Red","floor":27,"key":"SMITH"},{"data":"Demon Form","floor":32,"key":"SMITH"},{"data":"Demon Form","floor":40,"key":"SMITH"},{"data":"Jack Of All Trades","floor":44,"key":"SMITH"},{"floor":46,"key":"REST"},{"floor":49,"key":"REST"}],"circlet_count":0,"master_deck":["AscendersBane","Defend_R","Defend_R","Defend_R","Defend_R","Bash","Panache+1","Clumsy","Rage","Thunderclap","Clash","Rupture+1","Sword Boomerang","Bludgeon","Disarm","Exhume","Feel No Pain","Reaper","Shrug It Off","Anger","Iron Wave","Seeing Red+1","Bite","Bite","Bite","Bite","Bite","Juggernaut","Demon Form+1","Jack Of All Trades+1","Thunderclap+1","Juggernaut","Dropkick+1","Infernal Blade","Demon Form+1","Anger+1","Heavy Blade+1","Iron Wave+1","Pain"],"relics":["Burning Blood","ClockworkSouvenir","Sling","Magic Flower","hubris:Potato","Regal Pillow","hexamod:CandleOfCauterizing","Toy Ornithopter","Omamori","Cursed Key","Incense Burner","Letter Opener","hubris:IronBody","WarpedTongs","Molten Egg 2","Black Star","Blood Vial","Red Mask","Singing Bowl","hubris:Towel"],"acts_visited":["Exordium","TheCity","TheBeyond"],"potions_floor_usage":[5,10,18,22,31,45],"damage_taken":[{"damage":17,"enemies":"Cultist","floor":1,"turns":5},{"damage":9,"enemies":"2 Louse","floor":2,"turns":4},{"damage":1,"enemies":"Small Slimes","floor":3,"turns":4},{"damage":9,"enemies":"3 Louse","floor":4,"turns":4},{"damage":2,"enemies":"Blue Slaver","floor":5,"turns":2},{"damage":24,"enemies":"Lagavulin","floor":6,"turns":7},{"damage":11,"enemies":"3 Sentries","floor":8,"turns":6},{"damage":29,"enemies":"Lagavulin","floor":10,"turns":5},{"damage":6,"enemies":"2 Fungi Beasts","floor":13,"turns":3},{"damage":28,"enemies":"The Guardian","floor":16,"turns":10},{"damage":46,"enemies":"Spheric Guardian","floor":18,"turns":6},{"damage":4,"enemies":"Chosen","floor":21,"turns":5},{"damage":14,"enemies":"Snake Plant","floor":22,"turns":4},{"damage":52,"enemies":"Gremlin Leader","floor":24,"turns":7},{"damage":35,"enemies":"Sentry and Sphere","floor":28,"turns":6},{"damage":12,"enemies":"Book of Stabbing","floor":31,"turns":4},{"damage":62,"enemies":"hubris:MusketHawk","floor":33,"turns":8},{"damage":3,"enemies":"3 Shapes","floor":35,"turns":5},{"damage":13,"enemies":"Orb Walker","floor":41,"turns":3},{"damage":33,"enemies":"4 Shapes","floor":42,"turns":5},{"damage":48,"enemies":"Jaw Worm Horde","floor":45,"turns":4},{"damage":40,"enemies":"Maw","floor":48,"turns":6},{"damage":62,"enemies":"Time Eater","floor":50,"turns":10}],"seed_played":"-1032783542202955665","potions_obtained":[{"floor":3,"key":"Swift Potion"},{"floor":8,"key":"Guardian:BlockOnCardUsePotion"},{"floor":10,"key":"Fruit Juice"},{"floor":13,"key":"Fire Potion"},{"floor":14,"key":"Ancient Potion"},{"floor":21,"key":"BloodPotion"},{"floor":28,"key":"FearPotion"},{"floor":42,"key":"DistilledChaos"}],"is_trial":false,"path_per_floor":["M","M","M","M","M","E","R","E","T","E","?","R","M","?","R","B",null,"M","$","?","M","M","R","E","?","T","R","M","$","?","E","R","B",null,"M","?","?","$","?","R","M","M","T","R","M","R","?","M","R","B",null],"character_chosen":"IRONCLAD","items_purchased":["ClockworkSouvenir","Panache","Sling","Magic Flower","Incense Burner","Demon Form","Jack Of All Trades","Blood Vial","Anger+1"],"campfire_rested":4,"item_purchase_floors":[0,0,0,0,19,29,29,38,38],"current_hp_per_floor":[25,25,33,33,40,25,47,45,45,35,35,74,77,77,77,58,75,46,46,46,57,77,77,48,48,48,48,34,34,34,50,50,29,49,56,56,42,42,42,42,44,56,56,56,33,58,58,35,60,60],"gold":65,"neow_bonus":"","is_daily":false,"chose_seed":false,"campfire_upgraded":6,"win_rate":0.0,"timestamp":1611922446,"path_taken":["M","M","M","M","M","E","R","E","T","E","?","R","?","?","R","BOSS","M","$","?","M","M","R","E","?","T","R","M","$","?","E","R","BOSS","M","?","?","$","?","R","M","M","T","R","M","R","?","M","R","BOSS"],"items_purchased_type":["Relic","Card","Relic","Relic","Relic","Card","Card","Relic","Card"],"build_version":"2020-12-22","purchased_purges":0,"victory":true,"max_hp_per_floor":[75,75,75,75,75,75,75,75,75,80,80,80,80,80,80,80,80,80,80,80,80,80,80,80,56,56,56,56,56,56,56,56,56,56,56,56,56,56,56,56,56,56,56,56,58,58,58,60,60,60],"relic_stats":{"Blood Vial":6,"Regal Pillow":30,"Singing Bowl":4,"counters":[26,133],"Magic Flower":[134],"Black Star":0,"Letter Opener":[33],"Cursed Key":2,"obtain_stats":[{"Lantern":0,"Regal Pillow":3,"Singing Bowl":43,"Magic Flower":0,"Incense Burner":19,"Whetstone":0,"hubris:EmptyBottle":0,"Sling":0,"Cursed Key":17,"Burning Blood":0,"ClockworkSouvenir":0,"Blood Vial":38,"hubris:Icosahedron":2,"hubris:IronBody":26,"Red Mask":39,"hexamod:CandleOfCauterizing":9,"Omamori":11,"Letter Opener":24,"War Paint":0,"hubris:Towel":47,"WarpedTongs":30,"Orrery":0,"Molten Egg 2":31,"Black Star":34,"hubris:Potato":6,"Toy Ornithopter":10},{"Lantern":0,"Regal Pillow":1,"Singing Bowl":23,"Magic Flower":3,"Incense Burner":14,"Whetstone":0,"hubris:EmptyBottle":0,"Sling":3,"Cursed Key":13,"Burning Blood":0,"ClockworkSouvenir":3,"Blood Vial":21,"hubris:Icosahedron":1,"hubris:IronBody":17,"Red Mask":21,"hexamod:CandleOfCauterizing":10,"Omamori":11,"Letter Opener":17,"War Paint":0,"hubris:Towel":24,"WarpedTongs":18,"Orrery":0,"Molten Egg 2":19,"Black Star":20,"hubris:Potato":9,"Toy Ornithopter":11},{"Lantern":0,"Regal Pillow":4,"Singing Bowl":113,"Magic Flower":10,"Incense Burner":66,"Whetstone":0,"hubris:EmptyBottle":0,"Sling":10,"Cursed Key":60,"Burning Blood":0,"ClockworkSouvenir":10,"Blood Vial":105,"hubris:Icosahedron":4,"hubris:IronBody":82,"Red Mask":105,"hexamod:CandleOfCauterizing":42,"Omamori":47,"Letter Opener":82,"War Paint":0,"hubris:Towel":117,"WarpedTongs":88,"Orrery":0,"Molten Egg 2":92,"Black Star":100,"hubris:Potato":36,"Toy Ornithopter":47}],"Burning Blood":196,"Toy Ornithopter":21,"WarpedTongs":[45]},"card_choices":[{"not_picked":["Cleave","Power Through"],"picked":"Rage","floor":1},{"not_picked":["Body Slam","Iron Wave"],"picked":"Thunderclap","floor":2},{"not_picked":["Warcry","Pommel Strike"],"picked":"Clash","floor":3},{"not_picked":["Havoc","Rampage"],"picked":"Rupture","floor":4},{"not_picked":["Headbutt","Clash"],"picked":"Sword Boomerang","floor":5},{"not_picked":["Headbutt","Flex"],"picked":"Bludgeon","floor":6},{"not_picked":["Intimidate","Flex"],"picked":"Disarm","floor":8},{"not_picked":["Heavy Blade","Iron Wave"],"picked":"Exhume","floor":10},{"not_picked":["Sword Boomerang","Pommel Strike"],"picked":"Feel No Pain","floor":13},{"not_picked":["Double Tap","Berserk"],"picked":"Reaper","floor":16},{"not_picked":["Rampage","Perfected Strike"],"picked":"Shrug It Off","floor":18},{"not_picked":["Sword Boomerang","Body Slam"],"picked":"Anger","floor":21},{"not_picked":["Twin Strike","Havoc"],"picked":"Iron Wave","floor":22},{"not_picked":["Battle Trance+1","Blood for Blood"],"picked":"Seeing Red","floor":24},{"not_picked":["Sentinel","Feel No Pain"],"picked":"Juggernaut","floor":28},{"not_picked":["Warcry","Searing Blow+1"],"picked":"Thunderclap+1","floor":31},{"not_picked":["Double Tap","Brutality"],"picked":"Juggernaut","floor":33},{"not_picked":["Armaments","Searing Blow+1"],"picked":"Dropkick+1","floor":35},{"not_picked":["Iron Wave+1","Flex"],"picked":"Heavy Blade+1","floor":41},{"not_picked":["Rampage+1","Clash+1"],"picked":"Iron Wave+1","floor":42},{"not_picked":["Sever Soul+1","Dual Wield","True Grit"],"picked":"Singing Bowl","floor":45},{"not_picked":["Wild Strike+1","Clash+1","True Grit"],"picked":"Singing Bowl","floor":48}],"player_experience":460849,"relics_obtained":[{"floor":6,"key":"hubris:Potato"},{"floor":8,"key":"Regal Pillow"},{"floor":9,"key":"hexamod:CandleOfCauterizing"},{"floor":10,"key":"Toy Ornithopter"},{"floor":24,"key":"Letter Opener"},{"floor":26,"key":"hubris:IronBody"},{"floor":31,"key":"Molten Egg 2"},{"floor":43,"key":"Singing Bowl"}],"event_choices":[{"damage_healed":0,"gold_gain":0,"player_choice":"Gave Potion","damage_taken":0,"relics_obtained":["Omamori"],"max_hp_gain":0,"max_hp_loss":0,"event_name":"WeMeetAgain","floor":11,"gold_loss":0},{"damage_healed":0,"gold_gain":0,"player_choice":"Got Potions","damage_taken":0,"max_hp_gain":0,"max_hp_loss":0,"event_name":"Lab","floor":14,"gold_loss":0},{"damage_healed":0,"gold_gain":0,"player_choice":"Became a vampire","damage_taken":0,"max_hp_gain":0,"max_hp_loss":24,"event_name":"Vampires","floor":25,"gold_loss":0,"cards_obtained":["Bite","Bite","Bite","Bite","Bite"]},{"damage_healed":0,"gold_gain":0,"player_choice":"Rummage","damage_taken":0,"relics_obtained":["WarpedTongs"],"max_hp_gain":0,"max_hp_loss":0,"event_name":"Accursed Blacksmith","floor":30,"gold_loss":0,"cards_obtained":["Pain"]},{"damage_healed":0,"gold_gain":3,"player_choice":"2","damage_taken":0,"max_hp_gain":0,"max_hp_loss":14,"event_name":"betterStone:BetterStone","floor":37,"gold_loss":0},{"damage_healed":0,"gold_gain":0,"player_choice":"Paid","damage_taken":0,"relics_obtained":["Red Mask"],"max_hp_gain":0,"max_hp_loss":0,"event_name":"Tomb of Lord Red Mask","floor":39,"gold_loss":1}],"is_beta":false,"boss_relics":[{"not_picked":["bronze:MakeshiftBattery","Astrolabe"],"picked":"Cursed Key"},{"not_picked":["SacredBark","Coffee Dripper"],"picked":"Black Star"}],"items_purged_floors":[],"is_endless":false,"potions_floor_spawned":[3,8,10,13,21,28,42],"ascension_level":18}}