{"host":"zk71suw73lg2r165","time":1611890210,"event":{"mods":["BaseMod","Colored Map","Minty Spire (QoL Compilation)","Permanent Neow","Relic Stats","StSLib"],"gold_per_floor":[116,191,206,219,219,219,243,276,276,299,334,357,398,414,414,510,510,533,311,311,335,335,335,335,335],"floor_reached":24,"language":"ENG","playtime":771,"items_purged":["Strike_B"],"score":436,"play_id":"4ececa13-ade5-4997-889c-58a40f65a054","local_time":"20210128221650","is_ascension_mode":true,"campfire_choices":[{"data":"Glacier","floor":6.0,"key":"SMITH"},{"data":"Core Surge","floor":15.0,"key":"SMITH"},{"floor":23.0,"key":"REST"}],"circlet_count":0,"master_deck":["AscendersBane","Strike_B","Strike_B","Strike_B","Defend_B","Defend_B","Defend_B","Defend_B","Zap","Dualcast","CurseOfTheBell","Melter","Glacier+1","Rebound","Steam Power","Glacier","Sunder","Conserve Battery","Capacitor","Core Surge+1","Electrodynamics","Double Energy+1","White Noise"],"relics":["Calling Bell","Smiling Mask","StrikeDummy","Du-Vu Doll","Golden Idol","Meat on the Bone","Matryoshka","Eternal Feather","Gambling Chip","Sozu","Art of War","Enchiridion"],"acts_visited":["Exordium","TheCity"],"potions_floor_usage":[],"damage_taken":[{"damage":2.0,"enemies":"Jaw Worm","floor":1.0,"turns":3.0},{"damage":0.0,"enemies":"2 Louse","floor":3.0,"turns":2.0},{"damage":5.0,"enemies":"Small Slimes","floor":4.0,"turns":2.0},{"damage":2.0,"enemies":"Exordium Thugs","floor":7.0,"turns":5.0},{"damage":24.0,"enemies":"Gremlin Nob","floor":8.0,"turns":4.0},{"damage":6.0,"enemies":"Large Slime","floor":10.0,"turns":7.0},{"damage":10.0,"enemies":"3 Sentries","floor":11.0,"turns":11.0},{"damage":0.0,"enemies":"2 Fungi Beasts","floor":12.0,"turns":3.0},{"damage":8.0,"enemies":"Gremlin Nob","floor":13.0,"turns":3.0},{"damage":4.0,"enemies":"Exordium Thugs","floor":14.0,"turns":4.0},{"damage":17.0,"enemies":"The Guardian","floor":16.0,"turns":13.0},{"damage":29.0,"enemies":"Shell Parasite","floor":18.0,"turns":6.0},{"damage":7.0,"enemies":"Chosen","floor":21.0,"turns":3.0},{"damage":59,"enemies":"Book of Stabbing","floor":24,"turns":6}],"seed_played":"7621128955998347525","potions_obtained":[{"floor":3.0,"key":"Swift Potion"},{"floor":4.0,"key":"Swift Potion"},{"floor":8.0,"key":"Strength Potion"},{"floor":12.0,"key":"DistilledChaos"},{"floor":13.0,"key":"Dexterity Potion"}],"is_trial":false,"path_per_floor":["M","?","M","M","?","R","M","E","T","M","E","M","E","M","R","B",null,"M","$","?","M","?","R","E"],"character_chosen":"DEFECT","items_purchased":["Art of War"],"campfire_rested":1,"item_purchase_floors":[19],"current_hp_per_floor":[62,51,51,46,46,46,44,20,20,26,28,40,44,40,52,35,57,40,40,19,24,24,55,0,0],"gold":335,"neow_bonus":"BOSS_RELIC","is_daily":false,"chose_seed":false,"campfire_upgraded":2,"win_rate":0.0,"timestamp":1611890210,"path_taken":["M","?","M","M","?","R","M","E","T","M","E","M","E","M","R","BOSS","M","$","?","M","?","R","E"],"items_purchased_type":["Relic"],"build_version":"2020-12-22","purchased_purges":1,"victory":false,"max_hp_per_floor":[71,71,71,71,64,64,64,64,64,64,64,64,64,64,64,64,64,64,64,64,64,64,64,64,64],"relic_stats":{"Sozu":1,"counters":[14,72],"Golden Idol":69,"Gambling Chip":[11],"Eternal Feather":24,"Art of War":[1],"Smiling Mask":25,"obtain_stats":[{"Golden Idol":5,"Enchiridion":20,"Eternal Feather":11,"Smiling Mask":0,"Calling Bell":0,"Du-Vu Doll":0,"Sozu":17,"Matryoshka":9,"Gambling Chip":13,"Art of War":19,"Cracked Core":0,"StrikeDummy":0,"Meat on the Bone":8},{"Golden Idol":3,"Enchiridion":12,"Eternal Feather":7,"Smiling Mask":0,"Calling Bell":0,"Du-Vu Doll":0,"Sozu":11,"Matryoshka":5,"Gambling Chip":9,"Art of War":12,"Cracked Core":0,"StrikeDummy":0,"Meat on the Bone":5},{"Golden Idol":7,"Enchiridion":63,"Eternal Feather":34,"Smiling Mask":0,"Calling Bell":0,"Du-Vu Doll":0,"Sozu":57,"Matryoshka":16,"Gambling Chip":40,"Art of War":63,"Cracked Core":0,"StrikeDummy":0,"Meat on the Bone":16}],"Meat on the Bone":72},"card_choices":[{"not_picked":["Stack","Tempest"],"picked":"Melter","floor":1.0},{"not_picked":["FTL","Turbo"],"picked":"Glacier","floor":3.0},{"not_picked":["Redo","Steam"],"picked":"Rebound","floor":4.0},{"not_picked":["Stack","Double Energy"],"picked":"Steam Power","floor":7.0},{"not_picked":["Hello World","Redo"],"picked":"Glacier","floor":8.0},{"not_picked":["Coolheaded","Leap","Heatsinks"],"picked":"SKIP","floor":10.0},{"not_picked":["Leap","Stack"],"picked":"Sunder","floor":11.0},{"not_picked":["Go for the Eyes","Hologram"],"picked":"Conserve Battery","floor":12.0},{"not_picked":["Rebound","Scrape"],"picked":"Capacitor","floor":13.0},{"not_picked":["Skim","Sweeping Beam"],"picked":"Core Surge","floor":14.0},{"not_picked":["Machine Learning","Biased Cognition"],"picked":"Electrodynamics","floor":16.0},{"not_picked":["Rip and Tear+1","Genetic Algorithm"],"picked":"Double Energy","floor":18.0},{"not_picked":["Tempest+1","Sweeping Beam"],"picked":"White Noise","floor":21.0}],"player_experience":1411880,"relics_obtained":[{"floor":0.0,"key":"Smiling Mask"},{"floor":0.0,"key":"StrikeDummy"},{"floor":0.0,"key":"Du-Vu Doll"},{"floor":8.0,"key":"Meat on the Bone"},{"floor":9.0,"key":"Matryoshka"},{"floor":11.0,"key":"Eternal Feather"},{"floor":13.0,"key":"Gambling Chip"},{"floor":20.0,"key":"Enchiridion"}],"event_choices":[{"damage_healed":0.0,"max_hp_gain":0.0,"max_hp_loss":0.0,"gold_gain":75.0,"event_name":"World of Goop","player_choice":"Gather Gold","floor":2.0,"gold_loss":0.0,"damage_taken":11.0},{"damage_healed":0.0,"max_hp_gain":0.0,"max_hp_loss":7.0,"gold_gain":0.0,"event_name":"Golden Idol","player_choice":"Lose Max HP","floor":5.0,"gold_loss":0.0,"damage_taken":0.0,"relics_obtained":["Golden Idol"]},{"damage_healed":0.0,"max_hp_gain":0.0,"max_hp_loss":0.0,"gold_gain":0.0,"event_name":"Cursed Tome","player_choice":"Obtained Book","floor":20.0,"gold_loss":0.0,"damage_taken":21.0},{"damage_healed":0.0,"max_hp_gain":0.0,"max_hp_loss":0.0,"gold_gain":0.0,"event_name":"Upgrade Shrine","player_choice":"Upgraded","floor":22.0,"gold_loss":0.0,"damage_taken":0.0,"cards_upgraded":["Double Energy"]}],"is_beta":false,"boss_relics":[{"not_picked":["Ectoplasm","Runic Pyramid"],"picked":"Sozu"}],"items_purged_floors":[19],"is_endless":false,"potions_floor_spawned":[3,4,8,12,13,21],"killed_by":"Book of Stabbing","ascension_level":20}}