{"host":"hixkpep13ay54y5b","time":1611952543,"event":{"mods":["AchievementEnabler","BaseMod","BetterRewards","Colored Map","Hubris","Infinite Spire","Minty Spire (QoL Compilation)","Quick Restart","Replay The Spire","Shop Mod","StSLib","SuperFastMode"],"gold_per_floor":[115,115,115,126,137,137,137,59,59,74,106,31,64,82,82,186,186,205,217,217,217,217,242,13,26,26,43,270,335,350,363,363,593,593,652,712,468,468,515,581,456,506,529,452,452,452,452],"floor_reached":46,"language":"ENG","playtime":1861,"items_purged":["Strike_B","Strike_B","Strike_B+1","Zap"],"score":650,"play_id":"1bf0b47b-338b-4824-97b9-1b9e87517cbf","local_time":"20210129153543","is_ascension_mode":false,"campfire_choices":[{"data":"Defend_B","floor":6,"key":"SMITH"},{"data":"Darkness","floor":15,"key":"SMITH"},{"data":"Defragment","floor":45,"key":"SMITH"}],"circlet_count":0,"master_deck":["Defend_B+1","Defend_B","Defend_B","Defend_B","Dualcast","Streamline+1","Go for the Eyes+1","Darkness+1","Coolheaded","Echo Form","Blizzard","Defragment+1","FIFO Queue","Cold Snap","Chill","Genetic Algorithm+1","Redo"],"relics":["Cracked Core","NeowsBlessing","Lizard Tail","FaceOfCleric","Snack Pack","Symbiotic Virus","Prayer Wheel","Oddly Smooth Stone","SlaversCollar","hubris:BottledHeart","Quantum Egg","Boot","MerchantsRug","hubris:MobiusCoin","Replay:Wax Seal","infinitespire:EvilPickle","Inserter","Bronze Scales","Whetstone","Durian","Smiling Mask"],"acts_visited":["Exordium","TheCity","TheBeyond"],"potions_floor_usage":[10,13,28,33,35,36,42],"damage_taken":[{"damage":0,"enemies":"Small Slimes","floor":1,"turns":1},{"damage":0,"enemies":"Jaw Worm","floor":4,"turns":1},{"damage":0,"enemies":"Cultist","floor":5,"turns":1},{"damage":12,"enemies":"Exordium Wildlife","floor":10,"turns":5},{"damage":35,"enemies":"3 Sentries","floor":11,"turns":8},{"damage":26,"enemies":"Lagavulin","floor":13,"turns":6},{"damage":16,"enemies":"Lots of Slimes","floor":14,"turns":4},{"damage":11,"enemies":"Hexaghost","floor":16,"turns":9},{"damage":19,"enemies":"2 Thieves","floor":18,"turns":4},{"damage":12,"enemies":"Spheric Guardian","floor":19,"turns":4},{"damage":0,"enemies":"Replay:Snechameleon","floor":23,"turns":5},{"damage":0,"enemies":"Snecko","floor":25,"turns":8},{"damage":0,"enemies":"Centurion and Healer","floor":27,"turns":7},{"damage":0,"enemies":"Nightmare","floor":28,"turns":9},{"damage":0,"enemies":"Sentry and Sphere","floor":29,"turns":7},{"damage":0,"enemies":"Cultist and Chosen","floor":30,"turns":9},{"damage":0,"enemies":"Centurion and Healer","floor":31,"turns":5},{"damage":0,"enemies":"Pondfish","floor":33,"turns":13},{"damage":0,"enemies":"3 Darklings","floor":35,"turns":8},{"damage":0,"enemies":"Orb Walker","floor":36,"turns":5},{"damage":0,"enemies":"Sphere and 2 Shapes","floor":39,"turns":9},{"damage":0,"enemies":"Nemesis","floor":40,"turns":5},{"damage":0,"enemies":"Mind Bloom Boss Battle","floor":42,"turns":8},{"damage":3,"enemies":"Jaw Worm Horde","floor":46,"turns":4}],"seed_played":"2957569042955180869","potions_obtained":[{"floor":1,"key":"Languid Potion"},{"floor":11,"key":"Languid Potion"},{"floor":16,"key":"Elixir"},{"floor":19,"key":"AttackPotion"},{"floor":27,"key":"DuplicationPotion"},{"floor":28,"key":"Swift Potion"},{"floor":33,"key":"SkillPotion"},{"floor":36,"key":"AttackPotion"},{"floor":40,"key":"ColorlessPotion"}],"is_trial":false,"path_per_floor":["M","?","?","M","M","R","?","$","T","M","E","$","E","M","R","B",null,"M","M","?","?","T","E","$","M","T","M","NM","M","M","M","R_BF","B",null,"M","M","$","?","M","E","$","?","T","$","R","M"],"character_chosen":"DEFECT","items_purchased":["Darkness","FIFO Queue","MerchantsRug","Bronze Scales","LifebloodPotion"],"campfire_rested":0,"item_purchase_floors":[8,24,24,37,44],"current_hp_per_floor":[75,63,63,63,63,63,63,63,63,54,20,20,39,24,24,14,80,62,51,51,1,1,1,1,1,1,1,1,1,1,1,1,1,1,1,1,1,1,1,1,1,1,1,1,1,0,0],"gold":452,"neow_bonus":"THREE_ENEMY_KILL","is_daily":false,"chose_seed":false,"campfire_upgraded":3,"win_rate":0.0,"timestamp":1611952543,"path_taken":["M","?","?","M","?","R","?","$","T","M","E","$","E","M","R","BOSS","M","?","?","?","?","E","?","?","T","M","NM","M","M","M","R_BF","BOSS","M","M","$","?","M","E","?","?","T","$","R","M"],"items_purchased_type":["Card","Card","Relic","Relic","Potion"],"build_version":"2020-12-22","purchased_purges":4,"victory":false,"max_hp_per_floor":[75,75,75,75,75,75,75,75,75,76,77,77,78,79,79,80,80,81,82,82,1,1,1,1,1,1,1,1,1,1,1,1,1,1,1,1,1,1,1,1,1,1,1,1,1,1,1],"card_choices":[{"not_picked":["Hologram","Gash"],"picked":"Streamline","floor":1},{"not_picked":["Conserve Battery","Undo","Go for the Eyes"],"picked":"SKIP","floor":4},{"not_picked":["Aggregate","Stack","Conserve Battery"],"picked":"SKIP","floor":5},{"not_picked":["Panic Button","Rebound"],"picked":"ReplayTheSpireMod:Fabricate Wheel","floor":10},{"not_picked":["Rebound","Melter","Conserve Battery"],"picked":"SKIP","floor":11},{"not_picked":["BasicCrystalCard","Stack","Hello World"],"picked":"SKIP","floor":13},{"not_picked":["Redo","ReplayTheSpireMod:Reroute Power"],"picked":"Coolheaded","floor":14},{"not_picked":["Gash","Ball Lightning","Leap"],"picked":"SKIP","floor":14},{"not_picked":["Machine Learning","Buffer"],"picked":"Echo Form","floor":16},{"not_picked":["Tempest","Cold Snap"],"picked":"Blizzard","floor":18},{"not_picked":["Beam Cell","Coolheaded","Fusion"],"picked":"SKIP","floor":18},{"not_picked":["Ball Lightning","ReplayTheSpireMod:System Scan","BootSequence"],"picked":"SKIP","floor":19},{"not_picked":["ReplayTheSpireMod:Reroute Power","Consume+1","Steam+1"],"picked":"SKIP","floor":19},{"not_picked":["Ball Lightning","Sweeping Beam+1"],"picked":"Defragment","floor":23},{"not_picked":["Lockon+1","All For One"],"picked":"Cold Snap","floor":25},{"not_picked":["Conserve Battery","Streamline+1","Coolheaded"],"picked":"SKIP","floor":25},{"not_picked":["Hello World","ReplaySort","Heatsinks"],"picked":"SKIP","floor":27},{"not_picked":["Beam Cell","BasicCrystalCard","ReplayTheSpireMod:System Scan"],"picked":"SKIP","floor":27},{"not_picked":["Gash","Blizzard+1","Barrage"],"picked":"SKIP","floor":28},{"not_picked":["Heatsinks","Biased Cognition"],"picked":"Chill","floor":29},{"not_picked":["Coolheaded","Streamline","Steam+1"],"picked":"SKIP","floor":29},{"not_picked":["Coolheaded","Streamline","Steam+1"],"picked":"SKIP","floor":29},{"not_picked":["Lockon","Turbo","Hologram"],"picked":"SKIP","floor":30},{"not_picked":["Doom and Gloom","Panic Button","Streamline"],"picked":"SKIP","floor":30},{"not_picked":["BasicCrystalCard","Skim","Gash"],"picked":"SKIP","floor":31},{"not_picked":["ReplayGash","ReplayTheSpireMod:System Scan","ReplaySort"],"picked":"SKIP","floor":31},{"not_picked":["Rebound+1","Undo"],"picked":"Genetic Algorithm+1","floor":35},{"not_picked":["Barrage+1","Hello World+1","Undo+1"],"picked":"SKIP","floor":35},{"not_picked":["Static Discharge","Sweeping Beam"],"picked":"Redo","floor":36},{"not_picked":["Gash","Skim","Ball Lightning+1"],"picked":"SKIP","floor":36},{"not_picked":["Gash+1","Recycle+1","Force Field+1"],"picked":"SKIP","floor":39},{"not_picked":["Force Field","Go for the Eyes+1","Panic Button+1"],"picked":"SKIP","floor":39},{"not_picked":["Echo Form","Lockon","Redo"],"picked":"SKIP","floor":40}],"player_experience":162690,"relics_obtained":[{"floor":9,"key":"Snack Pack"},{"floor":11,"key":"Symbiotic Virus"},{"floor":13,"key":"Oddly Smooth Stone"},{"floor":22,"key":"Quantum Egg"},{"floor":23,"key":"Boot"},{"floor":26,"key":"hubris:MobiusCoin"},{"floor":28,"key":"Replay:Wax Seal"},{"floor":40,"key":"Whetstone"},{"floor":42,"key":"Durian"},{"floor":43,"key":"Smiling Mask"}],"event_choices":[{"damage_healed":0,"gold_gain":0,"player_choice":"Success","damage_taken":12,"relics_obtained":["Lizard Tail"],"max_hp_gain":0,"max_hp_loss":0,"event_name":"Scrap Ooze","floor":2,"gold_loss":0},{"damage_healed":0,"gold_gain":0,"cards_transformed":["Strike_B"],"player_choice":"Transformed","damage_taken":0,"max_hp_gain":0,"max_hp_loss":0,"event_name":"Transmorgrifier","floor":3,"gold_loss":0,"cards_obtained":["Go for the Eyes"]},{"damage_healed":0,"gold_gain":0,"player_choice":"Trade","damage_taken":0,"relics_obtained":["FaceOfCleric"],"max_hp_gain":0,"max_hp_loss":0,"event_name":"FaceTrader","floor":7,"gold_loss":0},{"damage_healed":0,"gold_gain":0,"player_choice":"Ignored","damage_taken":0,"max_hp_gain":0,"max_hp_loss":0,"event_name":"Transmorgrifier","floor":38,"gold_loss":0},{"damage_healed":0,"gold_gain":0,"player_choice":"Fight","damage_taken":0,"max_hp_gain":0,"max_hp_loss":0,"event_name":"MindBloom","floor":42,"gold_loss":0}],"is_beta":false,"boss_relics":[{"not_picked":["hubris:HollowSoul","FrozenCore"],"picked":"SlaversCollar"},{"not_picked":["hubris:TerracottaHorce","Velvet Choker"],"picked":"Inserter"}],"items_purged_floors":[12,37,41,44],"is_endless":true,"potions_floor_spawned":[1,11,16,19,27,28,33,36,40],"killed_by":"Jaw Worm Horde","ascension_level":0}}