{"host":"ko40t1o51xotjt2v","time":1611941801,"event":{"mods":["2.2 Compatiblity","AchievementEnabler","Aspiration","BaseMod","Better Match","Better Third Choice","Better Vampires","Conspire","Downfall","Energized Spire","GifTheSpireLib","Halation","Hubris","Jedi Mod","Minty Spire (QoL Compilation)","MostiFishMod","Spicy Shops","Spikes Relics","StSLib","Stuff the Spire","TestMod","??????REMEMod"],"gold_per_floor":[99,117,117,131,142,175,200,225,225,254,264,279,279,299,310,413,413,413,430,444,444,464,464,464,464],"floor_reached":23,"language":"SPA","playtime":1752,"items_purged":[],"score":195,"play_id":"31a4c304-c572-4fa5-aecf-b52df73783fe","local_time":"20210129183641","is_ascension_mode":false,"campfire_choices":[{"data":"champ:Taunt","floor":1,"key":"SMITH"},{"floor":9,"key":"REST"},{"floor":13,"key":"REST"},{"data":"champ:EnragedBash","floor":18,"key":"SMITH"}],"circlet_count":0,"master_deck":["champ:Strike","champ:Strike","champ:Strike","champ:Strike","champ:Defend","champ:Defend","champ:Defend","champ:Defend","champ:Execute","champ:Taunt+1","octo:OctoBerserk","Pride","champ:CrookedStrike","champ:AdrenalArmor","champ:Lariat","champ:FanOfKnives","champ:StanceDance","champ:AdrenalArmor","champ:EnragedBash+1","champ:MurderStrike","champ:PerfectedStrike","champ:EnragedBash+1"],"relics":["champ:ChampionCrown","DaveBox","testmod-TestBox","REME_ComplimentaryCards","testmod-Hope","testmod-OneHitWonder","Odd Mushroom","Regal Pillow","testmod-BloodSacrificeSpiritualization"],"acts_visited":["Exordium","TheCity"],"potions_floor_usage":[10,11,14,16,20],"damage_taken":[{"damage":10,"enemies":"2 Louse","floor":2,"turns":4},{"damage":20,"enemies":"Cultist","floor":4,"turns":3},{"damage":38,"enemies":"Small Slimes","floor":5,"turns":6},{"damage":57,"enemies":"Gremlin Nob","floor":6,"turns":5},{"damage":51,"enemies":"The Mushroom Lair","floor":8,"turns":7},{"damage":77,"enemies":"conspire:MimicChest","floor":10,"turns":7},{"damage":0,"enemies":"3 Louse","floor":11,"turns":1},{"damage":39,"enemies":"2 Fungi Beasts","floor":12,"turns":4},{"damage":63,"enemies":"Large Slime","floor":14,"turns":7},{"damage":1,"enemies":"Exordium Wildlife","floor":15,"turns":1},{"damage":95,"enemies":"SI_SHIV_ARCHETYPE","floor":16,"turns":7},{"damage":59,"enemies":"Spheric Guardian","floor":19,"turns":5},{"damage":55,"enemies":"3 Byrds","floor":20,"turns":5},{"damage":35,"enemies":"Cultist and Chosen","floor":22,"turns":4},{"damage":103,"enemies":"Book of Stabbing","floor":23,"turns":5}],"seed_played":"5849723266765793980","potions_obtained":[{"floor":8,"key":"BlessingOfTheForge"},{"floor":10,"key":"testmod-TestPotion"},{"floor":11,"key":"SpeedPotion"},{"floor":14,"key":"jedi:mysterypotion"},{"floor":15,"key":"jedi:tentaclejuice"},{"floor":19,"key":"PowerPotion"}],"is_trial":false,"path_per_floor":["R","M","?","M","M","E","T","?","R","?","M","M","R","M","M","B",null,"R","M","M","?","M","E"],"character_chosen":"THE_CHAMP","items_purchased":[],"campfire_rested":2,"item_purchase_floors":[],"current_hp_per_floor":[99,99,64,99,91,59,59,23,52,40,40,40,84,76,99,99,99,99,85,80,80,99,0,0,0],"gold":464,"neow_bonus":"TEN_PERCENT_HP_BONUS","is_daily":false,"chose_seed":false,"campfire_upgraded":2,"win_rate":0.0,"timestamp":1611941801,"path_taken":["R","M","?","M","?","E","T","?","R","?","M","M","R","M","M","BOSS","R","M","M","?","M","E"],"items_purchased_type":[],"build_version":"2020-12-22","purchased_purges":0,"victory":false,"max_hp_per_floor":[99,99,99,99,99,99,99,99,99,99,99,99,99,99,99,99,99,99,99,99,99,99,99,99,99],"card_choices":[{"not_picked":["champ:SetATrap","champ:Endure","champ:DefensiveShout"],"picked":"SKIP","floor":2},{"not_picked":["champ:EnGarde","champ:Endure"],"picked":"champ:CrookedStrike","floor":4},{"not_picked":["champ:FocusedDefense","champ:HeartStrike"],"picked":"champ:AdrenalArmor","floor":5},{"not_picked":["champ:EnGarde","champ:BringItOn","champ:DefensiveShout"],"picked":"SKIP","floor":6},{"not_picked":["champ:Endure","champ:EnGarde"],"picked":"champ:Lariat","floor":8},{"not_picked":["champ:Haymaker","champ:BringItOn"],"picked":"champ:FanOfKnives","floor":10},{"not_picked":["champ:CrownThrow","champ:Shatter"],"picked":"champ:StanceDance","floor":11},{"not_picked":["champ:CrownThrow","champ:Shatter","champ:Haymaker"],"picked":"SKIP","floor":12},{"not_picked":["champ:FlashCut","champ:EnGarde"],"picked":"champ:AdrenalArmor","floor":14},{"not_picked":["champ:Duel","champ:GutPunch"],"picked":"champ:EnragedBash","floor":15},{"not_picked":["champ:SwordThrow","champ:LastStand"],"picked":"champ:MurderStrike","floor":16},{"not_picked":["champ:CrownThrow","champ:BladeFlurry+1"],"picked":"champ:PerfectedStrike","floor":19},{"not_picked":["champ:Haymaker+1","champ:Circumvent","champ:SkillfulDodge"],"picked":"SKIP","floor":20},{"not_picked":["champ:AdrenalArmor","champ:PreciseThrust"],"picked":"champ:EnragedBash+1","floor":22}],"player_experience":454639,"relics_obtained":[{"floor":7,"key":"testmod-OneHitWonder"},{"floor":8,"key":"Odd Mushroom"},{"floor":10,"key":"Regal Pillow"}],"event_choices":[{"damage_healed":0,"gold_gain":0,"player_choice":"Fought Mushrooms","damage_taken":0,"max_hp_gain":0,"max_hp_loss":0,"event_name":"Mushrooms","floor":8,"gold_loss":0}],"is_beta":false,"boss_relics":[{"not_picked":["Transparent","RhineSuit"],"picked":"testmod-BloodSacrificeSpiritualization"}],"items_purged_floors":[],"is_endless":false,"potions_floor_spawned":[8,10,11,14,15,19],"killed_by":"Book of Stabbing","ascension_level":0}}