{"host":"u7lm8z2rvb4dg2oo","time":1611900119,"event":{"mods":["AchievementEnabler","BaseMod","Bestiary","Block Reminder","Colored Map","Colored Powertips","Curses Come First","DeckTracker","Googly Eyes","Highlight Path","Minty Spire (QoL Compilation)","Quick Restart","StSLib"],"gold_per_floor":[99,115,135,153,20,20,34,34,58,82,94,106,136,160,172,287,299,328,356,33,33,53,53,88,88,167,183,183,183,202,216,216,216,216],"floor_reached":33,"language":"ENG","playtime":3601,"items_purged":["Strike_G"],"score":545,"play_id":"eddbff94-7ef4-4530-8203-a2f53864f60b","local_time":"20210129010159","is_ascension_mode":true,"campfire_choices":[{"data":"Accuracy","floor":6.0,"key":"SMITH"},{"data":"Cloak And Dagger","floor":8.0,"key":"SMITH"},{"data":"Neutralize","floor":12.0,"key":"SMITH"},{"floor":15.0,"key":"REST"},{"data":"Burst","floor":23.0,"key":"SMITH"},{"floor":25.0,"key":"REST"},{"floor":29.0,"key":"REST"},{"floor":32,"key":"REST"}],"circlet_count":0,"master_deck":["AscendersBane","Strike_G","Strike_G","Strike_G","Strike_G","Defend_G","Defend_G","Defend_G","Defend_G","Defend_G","Survivor","Neutralize+1","Slice","Cloak And Dagger+1","Endless Agony","Flying Knee","Accuracy+1","Backstab","Well Laid Plans","Prepared","Storm of Steel","Crippling Poison+1","Blade Dance","Caltrops","Burst+1","Blade Dance","Dagger Throw+1","Leg Sweep","Endless Agony+1","Infinite Blades"],"relics":["Ring of the Snake","MawBank","Runic Pyramid","Akabeko","Darkstone Periapt"],"acts_visited":["Exordium","TheCity"],"potions_floor_usage":[],"damage_taken":[{"damage":5.0,"enemies":"2 Louse","floor":1.0,"turns":5.0},{"damage":0.0,"enemies":"Jaw Worm","floor":2.0,"turns":5.0},{"damage":0.0,"enemies":"Small Slimes","floor":3.0,"turns":4.0},{"damage":11.0,"enemies":"Exordium Thugs","floor":4.0,"turns":5.0},{"damage":0.0,"enemies":"Blue Slaver","floor":7.0,"turns":5.0},{"damage":0.0,"enemies":"Exordium Wildlife","floor":10.0,"turns":4.0},{"damage":0.0,"enemies":"Red Slaver","floor":13.0,"turns":3.0},{"damage":3.0,"enemies":"3 Louse","floor":14.0,"turns":2.0},{"damage":37.0,"enemies":"Hexaghost","floor":16.0,"turns":7.0},{"damage":17.0,"enemies":"2 Thieves","floor":18.0,"turns":3.0},{"damage":21.0,"enemies":"Spheric Guardian","floor":19.0,"turns":4.0},{"damage":7.0,"enemies":"Cultist and Chosen","floor":22.0,"turns":4.0},{"damage":38.0,"enemies":"Slavers","floor":24.0,"turns":7.0},{"damage":32.0,"enemies":"Snake Plant","floor":27.0,"turns":4.0},{"damage":0.0,"enemies":"3 Cultists","floor":30.0,"turns":5.0},{"damage":27,"enemies":"Cultist and Chosen","floor":31,"turns":6},{"damage":16,"enemies":"Automaton","floor":33,"turns":3}],"seed_played":"-8746098326767480639","potions_obtained":[{"floor":4.0,"key":"PowerPotion"},{"floor":10.0,"key":"BlessingOfTheForge"},{"floor":14.0,"key":"ColorlessPotion"},{"floor":16.0,"key":"Explosive Potion"},{"floor":18.0,"key":"Regen Potion"},{"floor":19.0,"key":"SpeedPotion"},{"floor":27.0,"key":"Dexterity Potion"},{"floor":28.0,"key":"Energy Potion"},{"floor":28.0,"key":"Block Potion"}],"is_trial":false,"path_per_floor":["M","M","M","M","$","R","M","R","T","M","?","R","M","M","R","B",null,"M","M","$","?","M","R","E","R","T","M","?","R","M","M","R","B"],"character_chosen":"THE_SILENT","items_purchased":["Accuracy","CultistPotion","Caltrops","Burst","Blade Dance"],"campfire_rested":4,"item_purchase_floors":[5,5,20,20,20],"current_hp_per_floor":[65,65,65,54,54,54,54,54,54,54,54,54,54,51,74,37,67,50,41,41,66,59,59,21,44,44,12,12,35,35,8,31,15,15],"gold":216,"neow_bonus":"TEN_PERCENT_HP_BONUS","is_daily":false,"chose_seed":false,"campfire_upgraded":4,"win_rate":0.0,"timestamp":1611900119,"path_taken":["M","M","M","M","$","R","M","R","T","M","?","R","M","M","R","BOSS","M","M","$","?","M","R","E","R","T","M","?","R","M","?","R","BOSS"],"items_purchased_type":["Card","Potion","Card","Card","Card"],"build_version":"2020-12-22","purchased_purges":1,"victory":false,"max_hp_per_floor":[77,77,77,77,77,77,77,77,77,77,77,77,77,77,77,77,77,77,77,77,77,77,77,77,77,77,77,77,77,77,77,77,77,77],"card_choices":[{"not_picked":["Bane","Prepared"],"picked":"Slice","floor":1.0},{"not_picked":["Underhanded Strike","Outmaneuver"],"picked":"Cloak And Dagger","floor":2.0},{"not_picked":["Dagger Throw","Bouncing Flask"],"picked":"Endless Agony","floor":3.0},{"not_picked":["Escape Plan","Catalyst"],"picked":"Flying Knee","floor":4.0},{"not_picked":["Backflip","Bane"],"picked":"Backstab","floor":7.0},{"not_picked":["Tactician","Dagger Throw","Outmaneuver"],"picked":"SKIP","floor":10.0},{"not_picked":["Dagger Throw","Slice"],"picked":"Well Laid Plans","floor":13.0},{"not_picked":["Outmaneuver","Deflect"],"picked":"Prepared","floor":14.0},{"not_picked":["Tools of the Trade","Malaise"],"picked":"Storm of Steel","floor":16.0},{"not_picked":["Dagger Throw","Deflect+1"],"picked":"Crippling Poison+1","floor":18.0},{"not_picked":["Bane","Sucker Punch"],"picked":"Blade Dance","floor":19.0},{"not_picked":["Dagger Spray","Backflip"],"picked":"Dagger Throw+1","floor":22.0},{"not_picked":["Flying Knee+1","Underhanded Strike"],"picked":"Leg Sweep","floor":24.0},{"not_picked":["Flying Knee+1","Backflip","Crippling Poison"],"picked":"SKIP","floor":27.0},{"not_picked":["Crippling Poison","Slice"],"picked":"Endless Agony+1","floor":30.0},{"not_picked":["Deadly Poison+1","Acrobatics"],"picked":"Infinite Blades","floor":31}],"player_experience":1049034,"relics_obtained":[{"floor":9.0,"key":"MawBank"},{"floor":24.0,"key":"Akabeko"},{"floor":26.0,"key":"Darkstone Periapt"}],"event_choices":[{"damage_healed":0.0,"max_hp_gain":0.0,"max_hp_loss":0.0,"gold_gain":0.0,"event_name":"Shining Light","player_choice":"Ignored","floor":11.0,"gold_loss":0.0,"damage_taken":0.0},{"damage_healed":25.0,"max_hp_gain":0.0,"max_hp_loss":0.0,"gold_gain":0.0,"event_name":"The Library","player_choice":"Heal","floor":21.0,"gold_loss":0.0,"damage_taken":0.0},{"damage_healed":0.0,"max_hp_gain":0.0,"max_hp_loss":0.0,"gold_gain":0.0,"event_name":"Lab","player_choice":"Got Potions","floor":28.0,"gold_loss":0.0,"damage_taken":0.0}],"is_beta":false,"boss_relics":[{"not_picked":["Philosopher\u0027s Stone","Ectoplasm"],"picked":"Runic Pyramid"}],"items_purged_floors":[20],"is_endless":false,"potions_floor_spawned":[4,10,14,16,18,19,27],"killed_by":"Automaton","ascension_level":10}}