{"host":"tq99ucv8ezzqzioe","time":1611962869,"event":{"mods":["BaseMod","Colored Map","Downfall","Highlight Path","Minty Spire (QoL Compilation)","StSLib"],"gold_per_floor":[115,115,115,133,144,176,188,188,214,255,277,289,313,336,348,459,471,493,521,458,470,397,741,771,811,848,860,890,902,914,945,957,969,969],"floor_reached":33,"language":"ENG","playtime":1350,"items_purged":[],"score":479,"play_id":"e27b3f97-9725-4770-849e-77a29383387f","local_time":"20210129182749","is_ascension_mode":true,"campfire_choices":[{"data":"Rampage","floor":8,"key":"SMITH"},{"data":"Uppercut","floor":15,"key":"SMITH"},{"floor":27,"key":"REST"},{"floor":32,"key":"RECALL"}],"circlet_count":0,"master_deck":["Strike_R+1","Strike_R","Strike_R","Strike_R+1","Defend_R","Defend_R","Defend_R","Defend_R","Bash","Rupture","Rampage+1","Fire Breathing","Iron Wave","Carnage","Uppercut+1","Spot Weakness","Fire Breathing","Bludgeon","Pummel","Clash+1","Heavy Blade","Impervious","Ghostly Armor","Headbutt","Carnage"],"relics":["Burning Blood","Akabeko","Smiling Mask","MawBank","Potion Belt","Red Skull","Sozu","Nunchaku","Old Coin","Bottled Flame","MealTicket"],"acts_visited":["Exordium","TheCity"],"potions_floor_usage":[6,13,23,33],"damage_taken":[{"damage":0,"enemies":"Small Slimes","floor":1,"turns":3},{"damage":7,"enemies":"Jaw Worm","floor":4,"turns":2},{"damage":1,"enemies":"Cultist","floor":5,"turns":4},{"damage":25,"enemies":"Lagavulin","floor":6,"turns":5},{"damage":9,"enemies":"2 Fungi Beasts","floor":7,"turns":3},{"damage":20,"enemies":"Gremlin Nob","floor":10,"turns":4},{"damage":30,"enemies":"Exordium Thugs","floor":11,"turns":5},{"damage":5,"enemies":"Large Slime","floor":13,"turns":4},{"damage":2,"enemies":"Looter","floor":14,"turns":3},{"damage":0,"enemies":"Slime Boss","floor":16,"turns":6},{"damage":12,"enemies":"Chosen","floor":18,"turns":4},{"damage":11,"enemies":"Spheric Guardian","floor":19,"turns":3},{"damage":28,"enemies":"Book of Stabbing","floor":23,"turns":3},{"damage":2,"enemies":"Centurion and Healer","floor":24,"turns":3},{"damage":35,"enemies":"Slavers","floor":25,"turns":5},{"damage":14,"enemies":"3 Cultists","floor":28,"turns":5},{"damage":2,"enemies":"Chosen and Byrds","floor":31,"turns":4},{"damage":86,"enemies":"Collector","floor":33,"turns":7}],"seed_played":"5607677896117072048","potions_obtained":[{"floor":1,"key":"Energy Potion"},{"floor":4,"key":"FearPotion"},{"floor":11,"key":"DuplicationPotion"},{"floor":13,"key":"BloodPotion"},{"floor":14,"key":"Strength Potion"}],"is_trial":false,"path_per_floor":["M","?","?","M","M","E","M","R","T","E","M","?","M","M","R","B",null,"M","M","?","T","?","E","M","E","T","R","M","?","$","M","R","B"],"character_chosen":"IRONCLAD","items_purchased":[],"campfire_rested":1,"item_purchase_floors":[],"current_hp_per_floor":[78,62,67,66,71,52,49,49,49,35,11,11,12,16,16,22,69,63,58,58,58,58,36,40,11,11,36,28,28,43,47,47,0,0],"gold":969,"neow_bonus":"RANDOM_COMMON_RELIC","is_daily":false,"chose_seed":false,"campfire_upgraded":2,"win_rate":0.0,"timestamp":1611962869,"path_taken":["M","?","?","M","M","E","M","R","T","E","M","?","M","?","R","BOSS","M","M","?","?","?","E","M","E","T","R","M","?","?","M","R","BOSS"],"items_purchased_type":[],"build_version":"2020-12-22","purchased_purges":0,"victory":false,"max_hp_per_floor":[80,80,85,85,85,85,85,85,85,85,85,85,85,85,85,85,85,85,85,85,85,85,85,85,85,85,85,85,85,85,85,85,85,85],"card_choices":[{"not_picked":["Armaments","Infernal Blade"],"picked":"Rupture","floor":1},{"not_picked":["Armaments","Havoc","Thunderclap"],"picked":"SKIP","floor":4},{"not_picked":["Reckless Charge","Burning Pact"],"picked":"Rampage","floor":5},{"not_picked":["Thunderclap","Combust"],"picked":"Fire Breathing","floor":6},{"not_picked":["Clothesline","Sentinel"],"picked":"Iron Wave","floor":7},{"not_picked":["Searing Blow","Perfected Strike"],"picked":"Carnage","floor":10},{"not_picked":["Armaments","Twin Strike"],"picked":"Uppercut","floor":11},{"not_picked":["Thunderclap","Pommel Strike"],"picked":"Spot Weakness","floor":13},{"not_picked":["Evolve","Sword Boomerang"],"picked":"Fire Breathing","floor":14},{"not_picked":["Berserk","Exhume"],"picked":"Bludgeon","floor":16},{"not_picked":["Anger","Warcry"],"picked":"Pummel","floor":18},{"not_picked":["Havoc","Perfected Strike"],"picked":"Clash+1","floor":19},{"not_picked":["Warcry","Searing Blow"],"picked":"Heavy Blade","floor":23},{"not_picked":["Wild Strike+1","Sword Boomerang"],"picked":"Impervious","floor":24},{"not_picked":["Battle Trance","Searing Blow"],"picked":"Ghostly Armor","floor":25},{"not_picked":["Carnage","Reckless Charge"],"picked":"Headbutt","floor":28},{"not_picked":["Perfected Strike","Havoc"],"picked":"Carnage","floor":31}],"player_experience":808604,"relics_obtained":[{"floor":6,"key":"Smiling Mask"},{"floor":9,"key":"MawBank"},{"floor":10,"key":"Potion Belt"},{"floor":12,"key":"Red Skull"},{"floor":23,"key":"Old Coin"},{"floor":25,"key":"Bottled Flame"},{"floor":26,"key":"MealTicket"}],"event_choices":[{"damage_healed":0,"gold_gain":0,"player_choice":"Entered Light","damage_taken":16,"max_hp_gain":0,"max_hp_loss":0,"event_name":"Shining Light","floor":2,"gold_loss":0,"cards_upgraded":["Strike_R","Strike_R"]},{"damage_healed":0,"gold_gain":0,"player_choice":"Donut","damage_taken":0,"max_hp_gain":5,"max_hp_loss":0,"event_name":"Big Fish","floor":3,"gold_loss":0},{"damage_healed":0,"gold_gain":0,"player_choice":"Relic","damage_taken":0,"max_hp_gain":0,"max_hp_loss":0,"event_name":"Wheel of Change","floor":12,"gold_loss":0},{"cards_removed":["Strike_R"],"damage_healed":0,"gold_gain":0,"player_choice":"Gave Gold","damage_taken":0,"max_hp_gain":0,"max_hp_loss":0,"event_name":"Beggar","floor":20,"gold_loss":75},{"damage_healed":0,"gold_gain":0,"player_choice":"Obtained Relic","damage_taken":0,"relics_obtained":["Nunchaku"],"max_hp_gain":0,"max_hp_loss":0,"event_name":"Addict","floor":22,"gold_loss":85}],"is_beta":false,"boss_relics":[{"not_picked":["Black Blood","Fusion Hammer"],"picked":"Sozu"}],"items_purged_floors":[],"is_endless":false,"potions_floor_spawned":[1,4,11,13,14,19,24,31],"killed_by":"Collector","ascension_level":6}}