{"host":"q2j4ef1ti78v4imq","time":1611928293,"event":{"mods":["AchievementEnabler","BaseMod","Better Altar","Better Match","Better Note","Better Sensory Stone","Better Skull","Better Third Choice","Block Reminder","Hermit","Minty Spire (QoL Compilation)","Relic Stats","Replay The Spire","Shade Mod","StSLib"],"gold_per_floor":[109,127,127,6,24,24,55,55,105,105,30,30,30,63,63,140,140,151,151,151,161,161,161],"floor_reached":22,"language":"ENG","playtime":1090,"items_purged":["Pain"],"score":323,"play_id":"f0b85ed7-02ef-40fd-a192-34e1193378f6","local_time":"20210129135133","is_ascension_mode":true,"campfire_choices":[{"data":"Apotheosis","floor":6,"key":"SMITH"},{"data":"Well Laid Plans","floor":8,"key":"SMITH"},{"floor":10,"key":"REST"},{"floor":15,"key":"REST"}],"circlet_count":0,"master_deck":["AscendersBane","Strike_G","Strike_G","Strike_G","Strike_G","Strike_G+1","Defend_G","Defend_G","Defend_G","Defend_G","Defend_G","Apotheosis+1","PiercingWail+1","Sucker Punch+1","Leap","Beam Cell","Deflect+1","Infinite Blades","Well Laid Plans+1","Flying Knee","Cloak And Dagger","Envenom","Overencumbered","CommonCold","ReplayTheSpireMod:Faulty Equipment","Madness","Flying Knee"],"relics":["Ring of the Snake","Oddly Smooth Stone","Gremlin Food","Lantern","Ginger","Replay:Ancient Bell","betterAltar:BloodRelic","Frozen Egg 2","The Specimen"],"acts_visited":["Exordium","TheCity"],"potions_floor_usage":[14,16,18],"damage_taken":[{"damage":5.0,"enemies":"Cultist","floor":1.0,"turns":5.0},{"damage":3.0,"enemies":"Small Slimes","floor":2.0,"turns":6.0},{"damage":6,"enemies":"Jaw Worm","floor":5,"turns":4},{"damage":19,"enemies":"3 Sentries","floor":7,"turns":10},{"damage":25,"enemies":"Gremlin Nob","floor":14,"turns":4},{"damage":18,"enemies":"The Guardian","floor":16,"turns":11},{"damage":20,"enemies":"3 Byrds","floor":18,"turns":7},{"damage":34,"enemies":"Spheric Guardian","floor":21,"turns":6},{"damage":9,"enemies":"3 Cultists","floor":22,"turns":2}],"seed_played":"3562305478621390448","potions_obtained":[{"floor":5,"key":"SkillPotion"},{"floor":7,"key":"Swift Potion"},{"floor":16,"key":"Weak Potion"}],"is_trial":false,"path_per_floor":["M","M","?","$","M","R","E","R","T","R","$","?","?","E","R","B",null,"M","?","?","M","M"],"character_chosen":"THE_SILENT","items_purchased":["Deflect+1","Infinite Blades"],"campfire_rested":2,"item_purchase_floors":[4,4],"current_hp_per_floor":[54,51,51,51,45,45,26,26,26,45,45,42,42,17,36,18,54,36,33,33,3,0,0],"gold":161,"neow_bonus":"RANDOM_COLORLESS_2","is_daily":false,"chose_seed":false,"campfire_upgraded":2,"win_rate":0.0,"timestamp":1611928293,"path_taken":["M","?","?","$","M","R","E","R","T","R","?","?","?","E","R","BOSS","M","?","?","M","?"],"items_purchased_type":["Card","Card"],"build_version":"2020-12-22","purchased_purges":1,"victory":false,"max_hp_per_floor":[66,66,66,66,66,66,66,66,66,66,66,66,66,66,66,66,66,66,66,66,66,66,66],"relic_stats":{"counters":[9,55],"Ginger":[0],"obtain_stats":[{"Gremlin Food":9,"Blood Vial":17,"Lantern":12,"The Specimen":17,"betterAltar:BloodRelic":19,"Oddly Smooth Stone":7,"Replay:Ancient Bell":17,"Ginger":14,"Frozen Egg 2":17,"Ring of the Snake":0},{"Gremlin Food":4,"Blood Vial":6,"Lantern":4,"The Specimen":6,"betterAltar:BloodRelic":7,"Oddly Smooth Stone":4,"Replay:Ancient Bell":6,"Ginger":5,"Frozen Egg 2":6,"Ring of the Snake":0},{"Gremlin Food":25,"Blood Vial":40,"Lantern":25,"The Specimen":40,"betterAltar:BloodRelic":47,"Oddly Smooth Stone":25,"Replay:Ancient Bell":40,"Ginger":29,"Frozen Egg 2":40,"Ring of the Snake":0}],"Ring of the Snake":[17]},"card_choices":[{"not_picked":["Crow Ritual","Magnetism"],"picked":"Apotheosis","floor":0.0},{"not_picked":["Poisoned Stab","Backstab"],"picked":"PiercingWail","floor":1.0},{"not_picked":["Bouncing Flask","Draining Mist","Sucker Punch"],"picked":"SKIP","floor":2.0},{"not_picked":["Bouncing Flask","Draining Mist"],"picked":"Sucker Punch","floor":2.0},{"not_picked":["Flying Knee","Hidden Blade"],"picked":"Well Laid Plans","floor":5},{"not_picked":["Crippling Poison","Flechettes"],"picked":"Flying Knee","floor":7},{"not_picked":["Deflect","Wraith Form v2"],"picked":"Cloak And Dagger","floor":14},{"not_picked":["Malaise","Die Die Die"],"picked":"Envenom","floor":16},{"not_picked":["CurseOfTheBell","Delirium"],"picked":"Overencumbered","floor":17},{"not_picked":["Spreading Infection","Decay"],"picked":"CommonCold","floor":17},{"not_picked":["Parasite","ReplayTheSpireMod:Restless Dread"],"picked":"ReplayTheSpireMod:Faulty Equipment","floor":17},{"not_picked":["Expertise","Dagger Spray","Dodge and Roll"],"picked":"SKIP","floor":18},{"not_picked":["ReplayTheSpireMod:Uncanny Aura","The Bomb"],"picked":"Madness","floor":20},{"not_picked":["Sucker Punch","Quick Slash"],"picked":"Flying Knee","floor":21}],"player_experience":861369,"relics_obtained":[{"floor":7,"key":"Oddly Smooth Stone"},{"floor":9,"key":"Gremlin Food"},{"floor":14,"key":"Ginger"}],"event_choices":[{"damage_healed":0,"gold_gain":0,"player_choice":"Relic ","damage_taken":3,"max_hp_gain":0,"max_hp_loss":0,"event_name":"betterThird:BetterScrap","floor":12,"gold_loss":0,"cards_obtained":["Replay:LoomingThreat"]},{"damage_healed":0,"gold_gain":0,"player_choice":"Grow","damage_taken":0,"max_hp_gain":0,"max_hp_loss":0,"event_name":"Living Wall","floor":13,"gold_loss":0,"cards_upgraded":["PiercingWail"]},{"damage_healed":0,"gold_gain":0,"player_choice":" RottenVial ","damage_taken":3,"relics_obtained":["betterAltar:BloodRelic"],"max_hp_gain":36,"max_hp_loss":33,"event_name":"betterAltar:BetterAltar","floor":19,"potions_obtained":[],"relics_lost":["Blood Vial"],"gold_loss":0},{"damage_healed":0,"gold_gain":2,"player_choice":"1","damage_taken":0,"max_hp_gain":0,"max_hp_loss":0,"event_name":"betterStone:BetterStone","floor":20,"gold_loss":0}],"is_beta":false,"boss_relics":[{"not_picked":["Snecko Eye","SacredBark"],"picked":"Replay:Ancient Bell"},{"not_picked":["Nunchaku","ReplayFunnel"],"picked":"Blood Vial"},{"not_picked":["Ninja Scroll","Pear"],"picked":"Frozen Egg 2"},{"not_picked":["Calipers","Basket Of Snakes"],"picked":"The Specimen"}],"items_purged_floors":[11],"is_endless":false,"potions_floor_spawned":[5,7,16],"killed_by":"3 Cultists","ascension_level":14}}