{"host":"mj8akmyfd5lo602f","time":1611893780,"event":{"mods":["2.2 Compatiblity","Act Like it!","BaseMod","Bestiary","BshForSts","Colored Map","Colored Powertips","Downfall","Highlight Path","Minty Spire (QoL Compilation)","Permanent Neow","Relic Stats","StSLib"],"gold_per_floor":[99,118,129,129,145,162,207,246,12,33,33,59,59,88,115,115,115,115],"floor_reached":16,"language":"ENG","playtime":1087,"items_purged":["Pain"],"score":106,"play_id":"f90f6a23-0d72-44bb-ab2d-ab2f90854789","local_time":"20210129041620","is_ascension_mode":false,"campfire_choices":[{"floor":1,"key":"RECALL"},{"floor":11,"key":"REST"},{"data":"bronze:Verify","floor":13,"key":"SMITH"}],"circlet_count":0,"master_deck":["bronze:Strike","bronze:Strike","bronze:Strike","bronze:Strike","bronze:Defend","bronze:Defend","bronze:Defend","bronze:Defend","bronze:Replicate","bronze:Goto","bronze:Iterate","bronze:Separator+1","bronze:Shield+1","bronze:ClassDefault","bronze:Safeguard","bronze:Verify+1","bronze:Optimize","bronze:Terminator","bronze:WhirlingStrike","bronze:Repair","bronze:Frontload"],"relics":["bronze:BronzeCore","CeramicFish","Toy Ornithopter","Medical Kit"],"acts_visited":["Exordium"],"potions_floor_usage":[8,15,15,16],"damage_taken":[{"damage":3,"enemies":"Jaw Worm","floor":2,"turns":5},{"damage":0,"enemies":"Cultist","floor":3,"turns":2},{"damage":2,"enemies":"2 Louse","floor":5,"turns":3},{"damage":9,"enemies":"Large Slime","floor":6,"turns":7},{"damage":23,"enemies":"3 Sentries","floor":8,"turns":10},{"damage":3,"enemies":"downfall:FleeingMerchant","floor":9,"turns":4},{"damage":13,"enemies":"Gremlin Gang","floor":10,"turns":6},{"damage":6,"enemies":"2 Fungi Beasts","floor":12,"turns":3},{"damage":13,"enemies":"Large Slime","floor":14,"turns":7},{"damage":4,"enemies":"Red Slaver","floor":15,"turns":7},{"damage":58,"enemies":"IC_STATUS_ARCHETYPE","floor":16,"turns":13}],"seed_played":"2397300879712108845","potions_obtained":[{"floor":6,"key":"Strength Potion"},{"floor":8,"key":"SteroidPotion"},{"floor":10,"key":"Block Potion"},{"floor":14,"key":"Swift Potion"}],"is_trial":false,"path_per_floor":["R","M","M","?","M","M","T","E","$","M","R","M","R","M","M","B"],"character_chosen":"THE_AUTOMATON","items_purchased":["Medical Kit"],"campfire_rested":1,"item_purchase_floors":[9],"current_hp_per_floor":[70,67,67,67,65,56,56,33,30,17,38,32,32,19,35,0,0,0],"gold":115,"neow_bonus":"THREE_CARDS","is_daily":false,"chose_seed":false,"campfire_upgraded":1,"win_rate":0.0,"timestamp":1611893780,"path_taken":["R","M","M","?","M","M","T","E","$","M","R","M","R","?","M","BOSS"],"items_purchased_type":["Relic"],"build_version":"2020-12-22","purchased_purges":1,"victory":false,"max_hp_per_floor":[70,70,70,70,70,70,70,70,70,70,70,70,70,70,70,70,70,70],"relic_stats":{"counters":[11,67],"CeramicFish":54,"Medical Kit":[9],"obtain_stats":[{"bronze:BronzeCore":0,"CeramicFish":7,"Medical Kit":9,"Toy Ornithopter":8},{"bronze:BronzeCore":0,"CeramicFish":4,"Medical Kit":6,"Toy Ornithopter":5},{"bronze:BronzeCore":0,"CeramicFish":17,"Medical Kit":31,"Toy Ornithopter":27}],"Toy Ornithopter":15},"card_choices":[{"not_picked":["bronze:Invalidate","bronze:Refactor"],"picked":"bronze:Iterate","floor":0},{"not_picked":["bronze:OilSpill","bronze:Turbo"],"picked":"bronze:Separator","floor":2},{"not_picked":["bronze:FineTuning","bronze:NullPointer"],"picked":"bronze:Shield","floor":3},{"not_picked":["bronze:OilSpill","bronze:Separator"],"picked":"bronze:ClassDefault","floor":5},{"not_picked":["bronze:ThunderWave","bronze:CutThrough"],"picked":"bronze:Safeguard","floor":6},{"not_picked":["bronze:BuggyMess","bronze:MaxOutput"],"picked":"bronze:Verify","floor":8},{"not_picked":["bronze:DigitalCarnage","bronze:Philosophize"],"picked":"bronze:Optimize","floor":9},{"not_picked":["bronze:Turbo","bronze:WhirlingStrike"],"picked":"bronze:Terminator","floor":10},{"not_picked":["bronze:DelayedSlice","bronze:Shield"],"picked":"bronze:WhirlingStrike","floor":12},{"not_picked":["bronze:ForLoop","bronze:BronzeArmor"],"picked":"bronze:Repair","floor":14},{"not_picked":["bronze:WildBeam","bronze:Iterate"],"picked":"bronze:Frontload","floor":15}],"player_experience":452899,"relics_obtained":[{"floor":7,"key":"CeramicFish"},{"floor":8,"key":"Toy Ornithopter"}],"event_choices":[],"is_beta":false,"boss_relics":[],"items_purged_floors":[9],"is_endless":false,"potions_floor_spawned":[6,8,10,14],"killed_by":"IC_STATUS_ARCHETYPE","ascension_level":0}}