{"host":"q9sqrn60n8lvmavn","time":1611945584,"event":{"mods":["AchievementEnabler","AlwaysNeverKeys","BaseMod","Better Third Choice","Better Vampires","Block Reminder","Colored Powertips","Curses Come First","DNKmod","Friendly Minions","Minty Spire (QoL Compilation)","Permanent Neow","Relic Filter Mod","StSLib","Weighted Paths"],"gold_per_floor":[1020,1035,664,684,701,735,735,765,765,499,513,527,557,557,557,652,652,668,668,683,702,713,741,741,776,776,701,701,344,344,344,344,449,449,468,491,491,511,184,184,213,213,291,291,128,128,148,163,163,163,163,163,63,93,93],"floor_reached":56,"language":"ENG","playtime":2597,"items_purged":["Strike_P","Strike_P","Defend_P","Eruption+1","Conclude","Evaluate+1"],"score":1730,"play_id":"2c5e6567-1374-4329-861f-b8b021c6a6d5","local_time":"20210129103944","is_ascension_mode":true,"campfire_choices":[{"data":"Eruption","floor":7,"key":"SMITH"},{"data":"Strike_P","floor":15,"key":"PURGE"},{"data":"Defend_P","floor":24,"key":"PURGE"},{"data":"Defend_P","floor":28,"key":"PURGE"},{"data":"Wallop","floor":30,"key":"PURGE"},{"data":"Wallop","floor":32,"key":"PURGE"},{"data":"J.A.X.+1","floor":40,"key":"PURGE"},{"data":"Consecrate","floor":42,"key":"PURGE"},{"data":"EmptyBody+1","floor":46,"key":"PURGE"},{"data":"CutThroughFate","floor":49,"key":"PURGE"},{"data":"Halt+1","floor":52,"key":"PURGE"}],"circlet_count":0,"master_deck":["Vigilance","Sanctity","TalkToTheHand+1","Scrawl+1","PathToVictory+1","EmptyMind+1","PathToVictory+1","Madness+1","Study+1","PathToVictory+1","Madness+1"],"relics":["PureWater","Membership Card","Ornamental Fan","Toxic Egg 2","Meat on the Bone","Bottled Lightning","ClockworkSouvenir","Peace Pipe","Question Card","Bag of Preparation","Frozen Egg 2","Sozu","Tiny Chest","Mango","Molten Egg 2","Oddly Smooth Stone","StoneCalendar","Lizard Tail","Fusion Hammer","Regal Pillow","Mummified Hand","Kunai","Damaru","Letter Opener","DollysMirror","Pear"],"acts_visited":["Exordium","TheCity","TheBeyond","TheEnding"],"potions_floor_usage":[6,6,16],"damage_taken":[{"damage":0,"enemies":"Cultist","floor":1,"turns":2},{"damage":0,"enemies":"Jaw Worm","floor":2,"turns":4},{"damage":0,"enemies":"2 Louse","floor":4,"turns":1},{"damage":0,"enemies":"2 Fungi Beasts","floor":5,"turns":2},{"damage":9,"enemies":"Gremlin Nob","floor":6,"turns":3},{"damage":22,"enemies":"Lagavulin","floor":8,"turns":3},{"damage":0,"enemies":"Large Slime","floor":11,"turns":3},{"damage":0,"enemies":"Exordium Thugs","floor":12,"turns":1},{"damage":2,"enemies":"Gremlin Nob","floor":13,"turns":3},{"damage":0,"enemies":"The Guardian","floor":16,"turns":7},{"damage":0,"enemies":"3 Byrds","floor":18,"turns":2},{"damage":0,"enemies":"Shell Parasite","floor":20,"turns":3},{"damage":0,"enemies":"Snake Plant","floor":21,"turns":3},{"damage":6,"enemies":"Snecko","floor":22,"turns":6},{"damage":9,"enemies":"Gremlin Leader","floor":23,"turns":4},{"damage":4,"enemies":"Slavers","floor":25,"turns":4},{"damage":8,"enemies":"Champ","floor":33,"turns":7},{"damage":0,"enemies":"3 Shapes","floor":35,"turns":1},{"damage":0,"enemies":"Orb Walker","floor":38,"turns":2},{"damage":0,"enemies":"Giant Head","floor":41,"turns":4},{"damage":6,"enemies":"Jaw Worm Horde","floor":47,"turns":2},{"damage":0,"enemies":"Writhing Mass","floor":48,"turns":1},{"damage":0,"enemies":"Awakened One","floor":50,"turns":3},{"damage":0,"enemies":"Shield and Spear","floor":54,"turns":1},{"damage":50,"enemies":"The Heart","floor":55,"turns":3}],"seed_played":"-4753593078624334296","potions_obtained":[{"floor":1,"key":"Swift Potion"},{"floor":4,"key":"ColorlessPotion"},{"floor":6,"key":"LiquidBronze"},{"floor":16,"key":"Swift Potion"}],"is_trial":false,"path_per_floor":["M","M","$","M","M","E","R","E","T","$","M","M","E","?","R","B",null,"M","?","M","M","M","E","R","E","T","?","R","$","R","?","R","B",null,"M","T","?","M","$","R","E","R","T","?","$","R","M","M","R","B",null,"R","$","E","B",null],"character_chosen":"WATCHER","items_purchased":["Membership Card","Ornamental Fan","Consecrate","Conclude","ClockworkSouvenir","Peace Pipe","StoneCalendar","Lizard Tail","Mummified Hand","Kunai","DollysMirror"],"campfire_rested":0,"item_purchase_floors":[3,3,3,3,10,10,29,29,39,39,45],"current_hp_per_floor":[100,100,100,100,100,91,91,69,69,69,69,69,67,51,51,51,100,100,100,100,100,94,99,99,95,95,95,95,95,95,95,95,87,114,114,114,114,114,114,114,114,114,114,114,114,114,108,108,108,108,114,114,114,124,74],"gold":93,"neow_bonus":"REMOVE_CARD","is_daily":false,"chose_seed":false,"campfire_upgraded":1,"win_rate":0.0,"timestamp":1611945584,"path_taken":["M","M","$","?","M","E","R","E","T","$","?","M","E","?","R","BOSS","M","?","?","M","M","E","R","E","T","?","R","$","R","?","R","BOSS","M","?","?","M","$","R","E","R","T","?","$","R","?","M","R","BOSS","R","$","E","BOSS"],"items_purchased_type":["Relic","Relic","Card","Card","Relic","Relic","Relic","Relic","Relic","Relic","Relic"],"build_version":"2020-12-22","purchased_purges":6,"victory":true,"max_hp_per_floor":[100,100,100,100,100,100,100,100,100,100,100,100,100,100,100,100,100,100,100,100,100,100,114,114,114,114,114,114,114,114,114,114,114,114,114,114,114,114,114,114,114,114,114,114,114,114,114,114,114,114,114,114,114,124,124],"card_choices":[{"not_picked":["Pray","Vengeance"],"picked":"CutThroughFate","floor":1},{"not_picked":["Protect","Crescendo"],"picked":"Wallop","floor":2},{"not_picked":["Prostrate","Consecrate"],"picked":"Sanctity","floor":4},{"not_picked":["BattleHymn","ThirdEye","FlurryOfBlows"],"picked":"SKIP","floor":5},{"not_picked":["Wireheading","BowlingBash"],"picked":"TalkToTheHand","floor":6},{"not_picked":["Evaluate+1","Study"],"picked":"Wallop","floor":8},{"not_picked":["Pray+1","JustLucky"],"picked":"Evaluate+1","floor":11},{"not_picked":["CutThroughFate","Blasphemy+1","ClearTheMind+1"],"picked":"SKIP","floor":12},{"not_picked":["Collect+1","WaveOfTheHand+1","ThirdEye+1"],"picked":"SKIP","floor":13},{"not_picked":["Brilliance","Establishment+1","Omniscience+1"],"picked":"Scrawl+1","floor":16},{"not_picked":["FlyingSleeves","JustLucky+1","BowlingBash"],"picked":"EmptyBody+1","floor":18},{"not_picked":["ThirdEye+1","FlurryOfBlows+1","JustLucky"],"picked":"Halt+1","floor":20},{"not_picked":["Consecrate","Crescendo+1","FlurryOfBlows","EmptyBody+1"],"picked":"SKIP","floor":21},{"not_picked":["SignatureMove","BowlingBash+1","ThirdEye+1"],"picked":"PathToVictory+1","floor":22},{"not_picked":["WaveOfTheHand+1","Prostrate+1","Scrawl+1"],"picked":"EmptyMind+1","floor":23},{"not_picked":["Evaluate+1","FollowUp+1","Judgement+1","FlyingSleeves+1"],"picked":"SKIP","floor":25},{"not_picked":["TalkToTheHand+1","ThirdEye+1","Protect+1"],"picked":"PathToVictory+1","floor":35},{"not_picked":["The Bomb+1","Good Instincts+1","Deep Breath+1"],"picked":"Madness+1","floor":37},{"not_picked":["WheelKick+1","FlyingSleeves+1","MentalFortress+1"],"picked":"Study+1","floor":38},{"not_picked":["Tantrum+1","Prostrate+1","TalkToTheHand+1"],"picked":"PathToVictory+1","floor":41},{"not_picked":["ClearTheMind+1","Indignation+1","JustLucky+1","SashWhip+1"],"picked":"SKIP","floor":47},{"not_picked":["JustLucky+1","Weave+1","SashWhip+1","Crescendo+1"],"picked":"SKIP","floor":48},{"not_picked":["Adaptation+1","FlyingSleeves+1","JustLucky+1","MasterReality+1"],"picked":"SKIP","floor":54}],"player_experience":177033,"relics_obtained":[{"floor":6,"key":"Toxic Egg 2"},{"floor":8,"key":"Meat on the Bone"},{"floor":9,"key":"Bottled Lightning"},{"floor":13,"key":"Question Card"},{"floor":23,"key":"Mango"},{"floor":25,"key":"Molten Egg 2"},{"floor":26,"key":"Oddly Smooth Stone"},{"floor":36,"key":"Regal Pillow"},{"floor":41,"key":"Damaru"},{"floor":43,"key":"Letter Opener"},{"floor":54,"key":"Pear"}],"event_choices":[{"damage_healed":0,"gold_gain":1,"player_choice":"Relic Relic ","damage_taken":16,"max_hp_gain":0,"max_hp_loss":0,"event_name":"betterThird:BetterScrap","floor":14,"gold_loss":0,"cards_obtained":["Dropkick"]},{"damage_healed":0,"gold_gain":0,"player_choice":"Gave Potion","damage_taken":0,"relics_obtained":["Tiny Chest"],"max_hp_gain":0,"max_hp_loss":0,"event_name":"WeMeetAgain","floor":19,"gold_loss":0},{"cards_removed":["Defend_P"],"damage_healed":0,"gold_gain":0,"player_choice":"Gave Gold","damage_taken":0,"max_hp_gain":0,"max_hp_loss":0,"event_name":"Beggar","floor":27,"gold_loss":75},{"damage_healed":0,"gold_gain":0,"player_choice":"Obtain J.A.X.","damage_taken":0,"max_hp_gain":0,"max_hp_loss":0,"event_name":"Drug Dealer","floor":31,"gold_loss":0,"cards_obtained":["J.A.X."]},{"damage_healed":0,"gold_gain":0,"player_choice":"Memory 1","damage_taken":0,"max_hp_gain":0,"max_hp_loss":0,"event_name":"SensoryStone","floor":37,"gold_loss":0},{"damage_healed":0,"gold_gain":0,"player_choice":"Forge","damage_taken":0,"max_hp_gain":0,"max_hp_loss":0,"event_name":"Accursed Blacksmith","floor":44,"gold_loss":0,"cards_upgraded":["TalkToTheHand"]}],"is_beta":false,"boss_relics":[{"not_picked":["SlaversCollar","Busted Crown"],"picked":"Sozu"},{"not_picked":["VioletLotus","Black Star"],"picked":"Fusion Hammer"}],"items_purged_floors":[3,10,29,39,45,53],"is_endless":false,"potions_floor_spawned":[1,4,6,16,21,23,25,33,35,41],"ascension_level":4}}