{"host":"gcl3kjho9wmyw479","time":1611907854,"event":{"mods":["Act Like it!","BaseMod","Better Note","Minty Spire (QoL Compilation)","Permanent Neow","Quick Restart","Replay The Spire","Shop Mod","StSLib","SuperFastMode","Wandering Minibosses"],"gold_per_floor":[115,115,115,115,40,40,40,40,111,65,65,98,128,128,128,233,233,248,248,261,261,123,123,138,163,187,187,220,220,95,120,120,221,221,241,241,241,341,195,195,228,259,259,294,294,294,294,329,329,329],"floor_reached":51,"language":"ENG","playtime":2172,"items_purged":["Pommel Strike","Burning Pact","Armaments+1"],"score":1118,"play_id":"f238be0e-3566-4ecc-b228-53fcb43ea986","local_time":"20210129031054","daily_mods":["SealedDeck","Heirloom","Flight","DeadlyEvents","Elite Swarm"],"is_ascension_mode":true,"campfire_choices":[{"data":"Body Slam","floor":6,"key":"SMITH"},{"data":"Entrench","floor":7,"key":"SMITH"},{"data":"Armaments","floor":8,"key":"SMITH"},{"data":"Iron Wave","floor":11,"key":"SMITH"},{"data":"Impervious","floor":15,"key":"SMITH"},{"data":"Evolve","floor":23,"key":"SMITH"},{"data":"Defy Death","floor":27,"key":"SMITH"},{"data":"Flame Barrier","floor":29,"key":"SMITH"},{"data":"Barricade","floor":32,"key":"SMITH"},{"data":"Madness","floor":40,"key":"SMITH"},{"data":"Madness","floor":45,"key":"SMITH"},{"data":"Dark Embrace","floor":46,"key":"SMITH"}],"circlet_count":0,"master_deck":["Burning Pact","Flame Barrier+1","Body Slam+1","Entrench+1","Warcry","Pummel","Defy Death+1","Warcry","Impervious+1","Offering+1","AbeCurse","Battle Trance","Evolve+1","Barricade+1","Dark Embrace+1","Madness+1","Madness+1"],"relics":["Burning Blood","Ring of Chaos","Replay:Kaleidoscope","Divine Protection","Bag of Marbles","Molten Egg 2","Boot","Abe\u0027s Treasure","Pocketwatch","Ginger","Ancient Tea Set","Akabeko","Blue Doll","Replay:Bronze Core","Medical Kit","Omamori","Replay:Bottled Flurry","Pear","Magic Flower","Replay:Wax Seal"],"acts_visited":["Exordium","TheCity","TheBeyond"],"potions_floor_usage":[31,48],"damage_taken":[{"damage":2,"enemies":"Jaw Worm","floor":1,"turns":4},{"damage":6,"enemies":"Replay:BlueRogue","floor":12,"turns":7},{"damage":18,"enemies":"Gremlin Nob","floor":13,"turns":4},{"damage":20,"enemies":"Hexaghost","floor":16,"turns":8},{"damage":0,"enemies":"Chosen","floor":18,"turns":1},{"damage":0,"enemies":"3 Byrds","floor":20,"turns":3},{"damage":3,"enemies":"Snake Plant","floor":24,"turns":2},{"damage":0,"enemies":"Slavers","floor":25,"turns":3},{"damage":0,"enemies":"Replay:Snechameleon","floor":28,"turns":2},{"damage":0,"enemies":"Book of Stabbing","floor":31,"turns":2},{"damage":0,"enemies":"Pondfish","floor":33,"turns":4},{"damage":0,"enemies":"3 Shapes","floor":35,"turns":3},{"damage":0,"enemies":"Giant Head","floor":41,"turns":3},{"damage":21,"enemies":"Nemesis","floor":42,"turns":3},{"damage":16,"enemies":"R_Hoarder","floor":44,"turns":7},{"damage":0,"enemies":"Reptomancer","floor":48,"turns":2},{"damage":0,"enemies":"Awakened One","floor":50,"turns":3}],"seed_played":"-1588886433794013719","potions_obtained":[{"floor":1,"key":"Regen Potion"},{"floor":16,"key":"Swift Potion"},{"floor":24,"key":"BloodPotion"},{"floor":25,"key":"Dexterity Potion"},{"floor":31,"key":"Adrenaline Potion"},{"floor":48,"key":"Block Potion"}],"is_trial":true,"path_per_floor":["M","WH","?","WH","$","R","R","R","T","$","R","E","E","WH","R","B",null,"M","?","M","WH","$","R","M","E","T","R","E","R","$","E","R","B",null,"M","WH","?","WH","$","R","E","E","T","E","R","R","$","E","R","B",null],"character_chosen":"IRONCLAD","items_purchased":["Warcry","Evolve","Medical Kit"],"campfire_rested":0,"item_purchase_floors":[10,22,39],"current_hp_per_floor":[80,80,85,85,85,85,85,85,85,85,85,85,73,73,73,59,85,85,85,85,77,77,77,77,77,77,77,77,77,77,77,77,77,77,77,77,67,67,67,67,73,58,68,58,58,58,58,84,87,87],"gold":329,"neow_bonus":"HUNDRED_GOLD","is_daily":false,"chose_seed":false,"campfire_upgraded":12,"win_rate":0.0,"timestamp":1611907854,"path_taken":["M","WH","?","WH","$","R","R","R","T","$","R","E","E","WH","R","BOSS","M","?","?","WH","$","R","M","E","T","R","E","R","$","E","R","BOSS","M","WH","?","WH","$","R","E","E","T","E","R","R","$","E","R","BOSS"],"items_purchased_type":["Card","Card","Relic"],"build_version":"2020-12-22","purchased_purges":3,"victory":true,"max_hp_per_floor":[80,80,85,85,85,85,85,85,85,85,85,85,85,85,85,85,85,85,85,85,77,77,77,77,77,77,77,77,77,77,77,77,77,77,77,77,77,77,77,77,77,77,87,87,87,87,87,87,87,87],"card_choices":[{"not_picked":["Headbutt","Sword Boomerang"],"picked":"Warcry","floor":1},{"not_picked":["Limit Break","Double Tap","Eclipse"],"picked":"SKIP","floor":12},{"not_picked":["Double Tap","Fiend Fire+1"],"picked":"Impervious","floor":13},{"not_picked":["Replay:Many Hands","Hemogenesis+1"],"picked":"Offering","floor":16},{"not_picked":["Twin Strike+1","Metallicize"],"picked":"Battle Trance","floor":18},{"not_picked":["Sword Boomerang+1","Second Wind","Rampage+1"],"picked":"SKIP","floor":20},{"not_picked":["Hemokinesis+1","Pommel Strike+1","Fire Breathing+1"],"picked":"SKIP","floor":24},{"not_picked":["Hemogenesis+1","Feed+1","Offering"],"picked":"SKIP","floor":25},{"not_picked":["Limit Break","Reaper+1","Exhume"],"picked":"SKIP","floor":28},{"not_picked":["Double Tap","Reaper+1"],"picked":"Barricade","floor":31},{"not_picked":["Perfected Strike+1","Spot Weakness+1","Thunderclap+1"],"picked":"SKIP","floor":35},{"not_picked":["Feed+1","Brutality","Exhume"],"picked":"SKIP","floor":41},{"not_picked":["Exhume","Corruption","Limit Break"],"picked":"SKIP","floor":42},{"not_picked":["Double Tap","Immolate+1","Berserk"],"picked":"SKIP","floor":44},{"not_picked":["Bludgeon+1","Hemogenesis+1","Double Tap"],"picked":"SKIP","floor":48}],"player_experience":411933,"relics_obtained":[{"floor":9,"key":"Divine Protection"},{"floor":12,"key":"Bag of Marbles"},{"floor":13,"key":"Molten Egg 2"},{"floor":25,"key":"Ginger"},{"floor":26,"key":"Ancient Tea Set"},{"floor":28,"key":"Akabeko"},{"floor":31,"key":"Blue Doll"},{"floor":41,"key":"Omamori"},{"floor":42,"key":"Replay:Bottled Flurry"},{"floor":43,"key":"Pear"},{"floor":44,"key":"Magic Flower"},{"floor":48,"key":"Replay:Wax Seal"}],"event_choices":[{"damage_healed":0,"gold_gain":0,"player_choice":"Donut","damage_taken":0,"max_hp_gain":5,"max_hp_loss":0,"event_name":"Big Fish","floor":3,"gold_loss":0},{"cards_removed":["Burning Pact"],"damage_healed":0,"gold_gain":0,"player_choice":"Give","damage_taken":0,"max_hp_gain":0,"max_hp_loss":0,"event_name":"betterNote:BetterNote","floor":19,"gold_loss":0,"cards_obtained":["Panic Button"]},{"damage_healed":0,"gold_gain":0,"player_choice":"Embrace Madness","damage_taken":10,"max_hp_gain":0,"max_hp_loss":0,"event_name":"Winding Halls","floor":37,"gold_loss":0,"cards_obtained":["Madness","Madness"]}],"is_beta":false,"boss_relics":[{"not_picked":["Electric Blood","Kintsugi"],"picked":"Abe\u0027s Treasure"},{"not_picked":["Runic Cube","Coffee Dripper"],"picked":"Replay:Bronze Core"}],"items_purged_floors":[5,22,30],"is_endless":false,"potions_floor_spawned":[1,16,24,25,28,31,41,48],"ascension_level":4}}