{"host":"a5lz0e76zb3fcwkm","time":1611935083,"event":{"mods":["AchievementEnabler","BaseMod","Colored Map","Colored Powertips","Minty Spire (QoL Compilation)","StSLib","SuperFastMode"],"gold_per_floor":[111,122,47,47,47,81,92,92,92,117,117,149,166,66,66,66,66],"floor_reached":16,"language":"KOR","playtime":308,"items_purged":["Defend_G"],"score":286,"play_id":"f77032a9-e5ac-472f-afd5-1120277a1d72","local_time":"20210130004443","is_ascension_mode":true,"campfire_choices":[{"data":"Cloak And Dagger","floor":8.0,"key":"SMITH"},{"data":"Blade Dance","floor":15,"key":"SMITH"}],"circlet_count":0,"master_deck":["AscendersBane","Strike_G","Strike_G","Strike_G","Strike_G","Defend_G","Defend_G","Defend_G","Defend_G","Survivor","Neutralize","Cloak And Dagger+1","Blade Dance+1","Grand Finale","PiercingWail"],"relics":["Ring of the Snake","NeowsBlessing","Lizard Tail","Tough Bandages","Matryoshka","PreservedInsect"],"acts_visited":["Exordium"],"potions_floor_usage":[12,16],"damage_taken":[{"damage":0.0,"enemies":"Small Slimes","floor":1.0,"turns":1.0},{"damage":0.0,"enemies":"2 Louse","floor":2.0,"turns":1.0},{"damage":0.0,"enemies":"Gremlin Nob","floor":6.0,"turns":1.0},{"damage":1.0,"enemies":"Jaw Worm","floor":7.0,"turns":4.0},{"damage":30.0,"enemies":"Lagavulin","floor":10.0,"turns":8.0},{"damage":24,"enemies":"3 Sentries","floor":12,"turns":10},{"damage":0,"enemies":"Exordium Wildlife","floor":13,"turns":3},{"damage":48,"enemies":"Hexaghost","floor":16,"turns":13}],"seed_played":"6429269660527310477","potions_obtained":[{"floor":2.0,"key":"CunningPotion"},{"floor":10.0,"key":"Poison Potion"},{"floor":12,"key":"Weak Potion"}],"is_trial":false,"path_per_floor":["M","M","?","$","?","E","M","R","T","E","?","E","M","$","R","B"],"character_chosen":"THE_SILENT","items_purchased":["PiercingWail"],"campfire_rested":0,"item_purchase_floors":[14],"current_hp_per_floor":[59,59,59,59,64,64,63,63,63,33,33,9,9,9,9,0,0],"gold":66,"neow_bonus":"THREE_ENEMY_KILL","is_daily":false,"chose_seed":false,"campfire_upgraded":2,"win_rate":0.0,"timestamp":1611935083,"path_taken":["M","M","?","$","?","E","M","R","T","E","?","E","M","$","R","BOSS"],"items_purchased_type":["Card"],"build_version":"2020-12-22","purchased_purges":1,"victory":false,"max_hp_per_floor":[66,66,66,66,71,71,71,71,71,71,71,71,71,71,71,71,71],"card_choices":[{"not_picked":["Blade Dance","Dagger Throw"],"picked":"Cloak And Dagger","floor":1.0},{"not_picked":["Masterful Stab","Slice"],"picked":"Blade Dance","floor":2.0},{"not_picked":["Bane","Eviscerate","Skewer"],"picked":"SKIP","floor":6.0},{"not_picked":["Choke","Night Terror","Flying Knee"],"picked":"SKIP","floor":7.0},{"not_picked":["Choke","Heel Hook","Deflect"],"picked":"SKIP","floor":10.0},{"not_picked":["Outmaneuver","Crippling Poison"],"picked":"Grand Finale","floor":12},{"not_picked":["Noxious Fumes","Masterful Stab","Slice"],"picked":"SKIP","floor":13}],"player_experience":1822539,"relics_obtained":[{"floor":6.0,"key":"Lizard Tail"},{"floor":9.0,"key":"Tough Bandages"},{"floor":10.0,"key":"Matryoshka"},{"floor":12,"key":"PreservedInsect"}],"event_choices":[{"cards_removed":["Strike_G"],"damage_healed":0.0,"max_hp_gain":0.0,"max_hp_loss":0.0,"gold_gain":0.0,"event_name":"The Cleric","player_choice":"Card Removal","floor":3.0,"gold_loss":75.0,"damage_taken":0.0},{"damage_healed":0.0,"max_hp_gain":5.0,"max_hp_loss":0.0,"gold_gain":0.0,"event_name":"Big Fish","player_choice":"Donut","floor":5.0,"gold_loss":0.0,"damage_taken":0.0},{"damage_healed":0,"gold_gain":0,"player_choice":"Searched \u00270\u0027 times","damage_taken":0,"max_hp_gain":0,"max_hp_loss":0,"event_name":"Dead Adventurer","floor":11,"gold_loss":0}],"is_beta":false,"boss_relics":[],"items_purged_floors":[14],"is_endless":false,"potions_floor_spawned":[2,10,12],"killed_by":"Hexaghost","ascension_level":20}}