{"host":"gbbz8f5svnnpwo8d","time":1611898546,"event":{"mods":["AchievementEnabler","AlwaysNeverKeys","BaseMod","Bestiary","Better Altar","Better Match","Better Note","Better Sensory Stone","Better Silent Start","Better Skull","Better Third Choice","Better Vampires","Better-Laid Plans","BetterRewards","Block Reminder","Colored Map","Colored Powertips","Curses Come First","Dark Map","Displayed Cursed Tome","GifTheSpireLib","Minty Spire (QoL Compilation)","MonsterHotkey","Permanent Neow","Potion Indicator Mod","Quick Restart","Random Character Button","Rare Cards Sparkle","Relic Stats","Shop Mod","Spicy Shops","Spire Birthday Party","StSLib","Transform Curses"],"gold_per_floor":[118,118,132,23,42,68,68,99,99,99,118,118,147,147,147,252,252,264,224,241,258,258,258,258,258,305,374,374,385,385,398,398,501,501,518,531,531,531,542,577,591,591,614,614,714,289,303,319,319,319,319,319,3,28,28,28],"floor_reached":55,"language":"ENG","playtime":9065,"items_purged":["Strike_R"],"score":655,"play_id":"8ee39a27-db42-437e-acad-862b9eb9bfe1","local_time":"20210128223546","is_ascension_mode":false,"campfire_choices":[{"data":"Inflame","floor":10,"key":"SMITH"},{"data":"Seeing Red","floor":12,"key":"SMITH"},{"floor":15,"key":"REST"},{"data":"Impervious","floor":23,"key":"SMITH"},{"data":"Impervious","floor":25,"key":"SMITH"},{"data":"Flame Barrier","floor":28,"key":"SMITH"},{"data":"Bash","floor":30,"key":"SMITH"},{"data":"Clothesline","floor":32,"key":"SMITH"},{"data":"Finesse","floor":42,"key":"SMITH"},{"data":"Thunderclap","floor":44,"key":"SMITH"},{"data":"Secret Technique","floor":49,"key":"SMITH"},{"data":"Pummel","floor":52,"key":"SMITH"}],"circlet_count":0,"master_deck":["Strike_R","Strike_R+1","Defend_R","Defend_R+1","Defend_R","Defend_R+1","Bash+1","Carnage+1","Clothesline+1","Inflame+1","Finesse+1","Impervious+1","Flame Barrier+1","Seeing Red+1","Metallicize+1","Impervious+1","Metallicize+1","Thunderclap+1","Secret Technique+1","Pummel+1","Power Through","Disarm+1"],"relics":["Burning Blood","Ice Cream","MerchantsRug","Bird Faced Urn","Incense Burner","TungstenRod","Odd Mushroom","Busted Crown","Happy Flower","InkBottle","Mark of Pain","Gambling Chip","Letter Opener","Pen Nib"],"acts_visited":["Exordium","TheCity","TheBeyond","TheEnding"],"potions_floor_usage":[13,33,33,36,40,54,54,55],"damage_taken":[{"damage":0,"enemies":"Cultist","floor":1,"turns":3},{"damage":0,"enemies":"Small Slimes","floor":3,"turns":3},{"damage":1,"enemies":"Jaw Worm","floor":5,"turns":3},{"damage":15,"enemies":"Gremlin Nob","floor":6,"turns":4},{"damage":16,"enemies":"3 Sentries","floor":8,"turns":8},{"damage":7,"enemies":"Blue Slaver","floor":11,"turns":3},{"damage":19,"enemies":"The Mushroom Lair","floor":13,"turns":5},{"damage":30,"enemies":"Hexaghost","floor":16,"turns":12},{"damage":6,"enemies":"2 Thieves","floor":18,"turns":4},{"damage":0,"enemies":"Shell Parasite","floor":20,"turns":7},{"damage":6,"enemies":"Centurion and Healer","floor":21,"turns":6},{"damage":12,"enemies":"Cultist and Chosen","floor":29,"turns":7},{"damage":0,"enemies":"Shelled Parasite and Fungi","floor":31,"turns":6},{"damage":15,"enemies":"Collector","floor":33,"turns":9},{"damage":0,"enemies":"Orb Walker","floor":35,"turns":3},{"damage":1,"enemies":"3 Darklings","floor":36,"turns":6},{"damage":0,"enemies":"Maw","floor":39,"turns":8},{"damage":3,"enemies":"Nemesis","floor":40,"turns":11},{"damage":0,"enemies":"Jaw Worm Horde","floor":41,"turns":5},{"damage":0,"enemies":"4 Shapes","floor":47,"turns":8},{"damage":0,"enemies":"Sphere and 2 Shapes","floor":48,"turns":5},{"damage":39,"enemies":"Time Eater","floor":50,"turns":13},{"damage":28,"enemies":"Shield and Spear","floor":54,"turns":11},{"damage":133,"enemies":"The Heart","floor":55,"turns":14}],"seed_played":"5347395010572223600","potions_obtained":[{"floor":3,"key":"Explosive Potion"},{"floor":5,"key":"PowerPotion"},{"floor":11,"key":"FairyPotion"},{"floor":20,"key":"Block Potion"},{"floor":33,"key":"SkillPotion"},{"floor":36,"key":"EssenceOfSteel"},{"floor":39,"key":"Dexterity Potion"},{"floor":40,"key":"HeartOfIron"},{"floor":54,"key":"BloodPotion"}],"is_trial":false,"path_per_floor":["M","?","M","$","M","E","?","E","T","R","M","R","?","?","R","B",null,"M","?","M","M","?","R","?","R","T","T","R","M","R","M","R","B",null,"M","M","?","?","M","E","M","R","T","R","?","$","M","M","R","B",null,"R","$","E","B"],"character_chosen":"IRONCLAD","items_purchased":["MerchantsRug","Finesse","Secret Technique","Pear","Letter Opener","Power Through"],"campfire_rested":1,"item_purchase_floors":[0,4,46,46,53,53],"current_hp_per_floor":[50,80,80,80,80,71,71,63,63,63,62,62,51,36,60,40,80,80,80,80,80,80,80,80,80,80,80,80,80,80,80,80,71,80,80,80,80,80,80,80,80,80,80,80,80,90,90,90,90,57,90,90,90,70,0,0],"gold":28,"neow_bonus":"","is_daily":false,"chose_seed":false,"campfire_upgraded":11,"win_rate":0.0,"timestamp":1611898546,"path_taken":["M","?","?","$","M","E","?","E","T","R","M","R","?","?","R","BOSS","M","?","M","M","?","R","?","R","T","?","R","M","R","M","R","BOSS","M","M","?","?","M","E","M","R","T","R","?","$","M","M","R","BOSS","R","$","E","BOSS"],"items_purchased_type":["Relic","Card","Card","Relic","Relic","Card"],"build_version":"2020-12-22","purchased_purges":1,"victory":false,"max_hp_per_floor":[80,80,80,80,80,80,80,80,80,80,80,80,80,80,80,80,80,80,80,80,80,80,80,80,80,80,80,80,80,80,80,80,80,80,80,80,80,80,80,80,80,80,80,80,80,90,90,90,90,90,90,90,90,90,90,90],"relic_stats":{"Busted Crown":28,"Happy Flower":[35],"counters":[24,164],"Bird Faced Urn":[26],"Gambling Chip":[13],"Pen Nib":[1],"Letter Opener":[48],"obtain_stats":[{"Ice Cream":0,"Potion Belt":43,"MerchantsRug":0,"Pear":46,"Happy Flower":26,"Pen Nib":54,"Incense Burner":0,"Juzu Bracelet":8,"Whetstone":6,"Letter Opener":53,"Odd Mushroom":13,"Burning Blood":0,"Busted Crown":17,"Bird Faced Urn":0,"Gambling Chip":40,"Mark of Pain":34,"TungstenRod":9,"InkBottle":27},{"Ice Cream":0,"Potion Belt":19,"MerchantsRug":0,"Pear":19,"Happy Flower":11,"Pen Nib":23,"Incense Burner":0,"Juzu Bracelet":5,"Whetstone":4,"Letter Opener":22,"Odd Mushroom":7,"Burning Blood":0,"Busted Crown":8,"Bird Faced Urn":0,"Gambling Chip":18,"Mark of Pain":14,"TungstenRod":5,"InkBottle":11},{"Ice Cream":0,"Potion Belt":113,"MerchantsRug":0,"Pear":113,"Happy Flower":58,"Pen Nib":150,"Incense Burner":0,"Juzu Bracelet":21,"Whetstone":13,"Letter Opener":139,"Odd Mushroom":29,"Burning Blood":0,"Busted Crown":41,"Bird Faced Urn":0,"Gambling Chip":108,"Mark of Pain":80,"TungstenRod":21,"InkBottle":58}],"Burning Blood":73,"TungstenRod":72,"InkBottle":[39]},"card_choices":[{"not_picked":["Twin Strike","Entrench"],"picked":"Inflame","floor":1},{"not_picked":["Sever Soul","Clash","Iron Wave"],"picked":"SKIP","floor":3},{"not_picked":["True Grit","Headbutt","Wild Strike"],"picked":"SKIP","floor":5},{"not_picked":["Reckless Charge","Sword Boomerang"],"picked":"Impervious","floor":6},{"not_picked":["Power Through","Shrug It Off","Clothesline"],"picked":"SKIP","floor":8},{"not_picked":["Anger","Cleave"],"picked":"Seeing Red","floor":11},{"not_picked":["Entrench","Cleave"],"picked":"Metallicize","floor":13},{"not_picked":["Juggernaut","Demon Form"],"picked":"Impervious","floor":16},{"not_picked":["Flame Barrier"],"picked":"SKIP","floor":18},{"not_picked":["Cleave"],"picked":"SKIP","floor":20},{"not_picked":["Perfected Strike+1"],"picked":"SKIP","floor":21},{"not_picked":[],"picked":"Thunderclap","floor":29},{"not_picked":["Heavy Blade"],"picked":"SKIP","floor":31},{"not_picked":["Shockwave"],"picked":"SKIP","floor":35},{"not_picked":["Cleave"],"picked":"SKIP","floor":36},{"not_picked":["True Grit"],"picked":"SKIP","floor":39},{"not_picked":["Fire Breathing+1"],"picked":"SKIP","floor":40},{"not_picked":["Rupture"],"picked":"SKIP","floor":41},{"not_picked":["Havoc"],"picked":"SKIP","floor":47},{"not_picked":[],"picked":"Pummel","floor":48},{"not_picked":[],"picked":"Disarm+1","floor":54}],"player_experience":3621353,"relics_obtained":[{"floor":6,"key":"Whetstone"},{"floor":8,"key":"Juzu Bracelet"},{"floor":9,"key":"TungstenRod"},{"floor":13,"key":"Odd Mushroom"},{"floor":26,"key":"Happy Flower"},{"floor":27,"key":"InkBottle"},{"floor":40,"key":"Gambling Chip"},{"floor":43,"key":"Potion Belt"},{"floor":54,"key":"Pen Nib"}],"event_choices":[{"damage_healed":30,"gold_gain":0,"player_choice":"Full Heal","damage_taken":0,"max_hp_gain":0,"max_hp_loss":0,"event_name":"Wheel of Change","floor":2,"gold_loss":0},{"damage_healed":0,"gold_gain":0,"cards_transformed":["Strike_R"],"player_choice":"Transformed","damage_taken":0,"max_hp_gain":0,"max_hp_loss":0,"event_name":"Transmorgrifier","floor":7,"gold_loss":0,"cards_obtained":["Flame Barrier"]},{"damage_healed":0,"gold_gain":0,"player_choice":"Fought Mushrooms","damage_taken":0,"max_hp_gain":0,"max_hp_loss":0,"event_name":"Mushrooms","floor":13,"gold_loss":0},{"damage_healed":51,"gold_gain":0,"player_choice":"Upgrade","damage_taken":16,"max_hp_gain":0,"max_hp_loss":80,"event_name":"betterThird:BetterShining","floor":14,"gold_loss":0,"cards_upgraded":["Defend_R","Defend_R"]},{"damage_healed":0,"gold_gain":0,"player_choice":"Upgrade","damage_taken":0,"max_hp_gain":0,"max_hp_loss":0,"event_name":"Designer","floor":19,"gold_loss":40,"cards_upgraded":["Metallicize"]},{"damage_healed":0,"gold_gain":0,"player_choice":"Copied","damage_taken":0,"max_hp_gain":0,"max_hp_loss":0,"event_name":"Duplicator","floor":22,"gold_loss":0,"cards_obtained":["Metallicize"]},{"cards_removed":["Strike_R"],"damage_healed":0,"gold_gain":0,"player_choice":"Give","damage_taken":0,"max_hp_gain":0,"max_hp_loss":0,"event_name":"betterNote:BetterNote","floor":24,"gold_loss":0,"cards_obtained":["Strike_R"]},{"cards_removed":["Strike_R"],"damage_healed":0,"gold_gain":0,"player_choice":"Offered Basic","damage_taken":0,"max_hp_gain":0,"max_hp_loss":0,"event_name":"Bonfire Elementals","floor":37,"gold_loss":0},{"damage_healed":0,"gold_gain":0,"player_choice":"Ignored","damage_taken":0,"max_hp_gain":0,"max_hp_loss":0,"event_name":"Tomb of Lord Red Mask","floor":38,"gold_loss":0},{"damage_healed":0,"gold_gain":100,"player_choice":"Pray","damage_taken":0,"max_hp_gain":0,"max_hp_loss":0,"event_name":"Golden Shrine","floor":45,"gold_loss":0}],"is_beta":false,"boss_relics":[{"not_picked":["Cursed Key","Astrolabe"],"picked":"Busted Crown"},{"not_picked":["SlaversCollar","SacredBark"],"picked":"Mark of Pain"}],"items_purged_floors":[53],"is_endless":false,"potions_floor_spawned":[3,5,11,20,33,36,39,40,54],"killed_by":"The Heart","ascension_level":0}}