{"host":"snjtcuf7krqplf70","time":1611950982,"event":{"mods":["AchievementEnabler","BaseMod","Colored Map","Colored Powertips","Minty Spire (QoL Compilation)","StSLib"],"gold_per_floor":[11,11,35,48,69,109,130,164,235,235,255,255,255,268,268,392,392,417,453,378,477,491,491,491],"floor_reached":23,"language":"ENG","playtime":1186,"items_purged":["LessonLearned"],"score":266,"play_id":"c6147dc9-b69c-4b03-af41-5c4e27a66775","local_time":"20210129120942","is_ascension_mode":true,"campfire_choices":[{"floor":10,"key":"REST"},{"data":"Apotheosis","floor":13,"key":"SMITH"},{"floor":15,"key":"REST"}],"circlet_count":0,"master_deck":["Eruption","Vigilance","Apotheosis+1","CutThroughFate","PathToVictory","PathToVictory","CutThroughFate","FollowUp","DevaForm","DevaForm","WaveOfTheHand","LikeWater","ClearTheMind","Sanctity","Ragnarok","Ragnarok","LessonLearned","ThirdEye","PathToVictory"],"relics":["PureWater","Golden Idol","Bag of Preparation","Vajra","Matryoshka","Ancient Tea Set","Pandora\u0027s Box","Red Mask"],"acts_visited":["Exordium","TheCity"],"potions_floor_usage":[5,8,18,19,23],"damage_taken":[{"damage":0,"enemies":"Small Slimes","floor":1,"turns":2},{"damage":0,"enemies":"Jaw Worm","floor":3,"turns":3},{"damage":5,"enemies":"2 Louse","floor":4,"turns":2},{"damage":20,"enemies":"Exordium Thugs","floor":5,"turns":3},{"damage":16,"enemies":"Gremlin Nob","floor":6,"turns":3},{"damage":4,"enemies":"Blue Slaver","floor":7,"turns":3},{"damage":10,"enemies":"3 Sentries","floor":8,"turns":4},{"damage":16,"enemies":"Lots of Slimes","floor":11,"turns":2},{"damage":5,"enemies":"Red Slaver","floor":14,"turns":2},{"damage":0,"enemies":"Slime Boss","floor":16,"turns":6},{"damage":28,"enemies":"2 Thieves","floor":18,"turns":3},{"damage":0,"enemies":"Masked Bandits","floor":19,"turns":2},{"damage":0,"enemies":"Chosen","floor":22,"turns":3},{"damage":46,"enemies":"Gremlin Leader","floor":23,"turns":4}],"seed_played":"-1035600721109356514","potions_obtained":[{"floor":1,"key":"FearPotion"},{"floor":3,"key":"DuplicationPotion"},{"floor":5,"key":"Fruit Juice"},{"floor":8,"key":"SteroidPotion"},{"floor":14,"key":"Block Potion"},{"floor":22,"key":"EssenceOfSteel"}],"is_trial":false,"path_per_floor":["M","?","M","M","M","E","M","E","T","R","M","T","R","M","R","B",null,"M","?","$","?","M","E"],"character_chosen":"WATCHER","items_purchased":[],"campfire_rested":2,"item_purchase_floors":[],"current_hp_per_floor":[72,67,67,62,47,31,27,17,17,38,22,22,22,17,38,38,72,44,44,44,44,44,0,0],"gold":491,"neow_bonus":"RANDOM_COLORLESS_2","is_daily":false,"chose_seed":false,"campfire_upgraded":1,"win_rate":0.0,"timestamp":1611950982,"path_taken":["M","?","M","M","M","E","M","E","T","R","M","?","R","M","R","BOSS","M","?","$","?","M","E"],"items_purchased_type":[],"build_version":"2020-12-22","purchased_purges":1,"victory":false,"max_hp_per_floor":[72,67,67,67,72,72,72,72,72,72,72,72,72,72,72,72,72,72,72,72,72,72,72,72],"card_choices":[{"not_picked":["Chrysalis","HandOfGreed"],"picked":"Apotheosis","floor":0},{"not_picked":["DeceiveReality","Evaluate"],"picked":"CutThroughFate","floor":1},{"not_picked":["Consecrate","Wallop"],"picked":"PathToVictory","floor":3},{"not_picked":["CarveReality","Protect"],"picked":"PathToVictory","floor":4},{"not_picked":["InnerPeace","SignatureMove"],"picked":"CutThroughFate","floor":5},{"not_picked":["SandsOfTime","CutThroughFate"],"picked":"FollowUp","floor":6},{"not_picked":["CrushJoints","FollowUp","ForeignInfluence"],"picked":"SKIP","floor":7},{"not_picked":["ClearTheMind","Evaluate","Wallop"],"picked":"SKIP","floor":8},{"not_picked":["EmptyFist","Swivel"],"picked":"DevaForm","floor":11},{"not_picked":["Weave","Crescendo","CutThroughFate"],"picked":"SKIP","floor":14},{"not_picked":["Blasphemy","SpiritShield"],"picked":"DevaForm","floor":16},{"not_picked":["WreathOfFlame","FollowUp"],"picked":"ThirdEye","floor":18},{"not_picked":["SandsOfTime","CrushJoints"],"picked":"PathToVictory","floor":19},{"not_picked":["CarveReality","ClearTheMind","Evaluate"],"picked":"SKIP","floor":22}],"player_experience":143117,"relics_obtained":[{"floor":6,"key":"Bag of Preparation"},{"floor":8,"key":"Vajra"},{"floor":9,"key":"Matryoshka"},{"floor":12,"key":"Ancient Tea Set"},{"floor":19,"key":"Red Mask"}],"event_choices":[{"damage_healed":0,"gold_gain":0,"player_choice":"Lose Max HP","damage_taken":0,"relics_obtained":["Golden Idol"],"max_hp_gain":0,"max_hp_loss":5,"event_name":"Golden Idol","floor":2,"gold_loss":0},{"damage_healed":0,"gold_gain":0,"player_choice":"Fought Bandits","damage_taken":0,"max_hp_gain":0,"max_hp_loss":0,"event_name":"Masked Bandits","floor":19,"gold_loss":0},{"damage_healed":0,"gold_gain":99,"player_choice":"Stole From Cult","damage_taken":0,"max_hp_gain":0,"max_hp_loss":0,"event_name":"Nest","floor":21,"gold_loss":0}],"is_beta":false,"boss_relics":[{"not_picked":["Calling Bell","Philosopher\u0027s Stone"],"picked":"Pandora\u0027s Box"}],"items_purged_floors":[20],"is_endless":false,"potions_floor_spawned":[1,3,5,8,14,22],"killed_by":"Gremlin Leader","ascension_level":1}}