{"host":"y4sghvfd0ewtcchd","time":1611896085,"event":{"mods":["A Penny For Your Troubles","Aspiration","BaseMod","Better Altar","Better Debug","Better Note","Better Third Choice","BetterRewards","Block Reminder","Colored Map","Colored Powertips","Highlight Path","Hubris","Infinite Spire","Minty Spire (QoL Compilation)","Relic Sorter","Relic Stats","Replay The Spire","Robot Space Explorer","Shop Mod","Spicy Shops","StSLib","The Jungle","The Saiyan","Wide Potions"],"gold_per_floor":[118,138,154,171,22,22,51,51,100,100,100,119,119,129,129,224,324,338,338,338,354,354,354,389,389,439,464,464,64,98,116,116,221,221,237,248,248,264,228,228,228],"floor_reached":40,"language":"ENG","playtime":2917,"items_purged":["hubris:Sloth"],"score":969,"play_id":"3a15202c-8f39-410b-b15f-b15319d053a5","local_time":"20210129075445","is_ascension_mode":true,"campfire_choices":[{"data":"Metallicize","floor":6.0,"key":"SMITH"},{"data":"Metallicize","floor":8.0,"key":"SMITH"},{"data":"Limit Break","floor":11.0,"key":"SMITH"},{"data":"Body Slam","floor":15.0,"key":"SMITH"},{"floor":23.0,"key":"RECALL"},{"data":"Iron Wave","floor":25.0,"key":"SMITH"},{"floor":28.0,"key":"REST"},{"floor":32.0,"key":"DIG"}],"circlet_count":0,"master_deck":["Defend_R","Defend_R","Defend_R","Defend_R","Bash","Inflame+1","Panache+1","Inflame","Whirlwind","Metallicize+1","Body Slam+1","Iron Wave+1","Sever Soul","Limit Break+1","Metallicize+1","Juggernaut","Clash","Clash","Demonic Infusion","Clothesline+1","Bite","Bite","Bite","Bite","Bite","Survey Options","Infernal Blade+1","Rage+1","Combust","Juggernaut","Whirlwind+1","Demon Form","Thunderclap+1","Clash+1","Iron Wave"],"relics":["Burning Blood","hubris:PeanutButter","infinitespire:Satchel","aspiration:FutureDiary","Bloody Idol","Blood Vial","Medical Kit","Matryoshka","aspiration:HummingbirdHeart","hubris:TinFlute","Membership Card","ReplayTheSpireMod:CursedCoin","Calipers","Anchor","infinitespire:Broken Mirror","Guide Book","Happy Flower","Omamori","Replay:Wanted Poster","hubris:SphereOfDissonance","Lantern","Smiling Mask","Replay:Rubber Ducky","ClockworkSouvenir","Orichalcum","Shovel"],"acts_visited":["Exordium","TheCity","TheBeyond"],"potions_floor_usage":[38,38],"damage_taken":[{"damage":0.0,"enemies":"Small Slimes","floor":1.0,"turns":2.0},{"damage":5.0,"enemies":"Jaw Worm","floor":2.0,"turns":6.0},{"damage":0.0,"enemies":"Cultist","floor":3.0,"turns":3.0},{"damage":1.0,"enemies":"2 Fungi Beasts","floor":4.0,"turns":4.0},{"damage":0.0,"enemies":"3 Sentries","floor":7.0,"turns":4.0},{"damage":0.0,"enemies":"Lots of Slimes","floor":12.0,"turns":2.0},{"damage":0.0,"enemies":"Blue Slaver","floor":14.0,"turns":2.0},{"damage":9.0,"enemies":"Hexaghost","floor":16.0,"turns":7.0},{"damage":0.0,"enemies":"3 Byrds","floor":18.0,"turns":5.0},{"damage":5.0,"enemies":"Chosen","floor":21.0,"turns":4.0},{"damage":25.0,"enemies":"Book of Stabbing","floor":24.0,"turns":5.0},{"damage":14.0,"enemies":"Replay:Snechameleon","floor":27.0,"turns":3.0},{"damage":1.0,"enemies":"Book of Stabbing","floor":30.0,"turns":3.0},{"damage":0.0,"enemies":"Snecko","floor":31.0,"turns":4.0},{"damage":49.0,"enemies":"Automaton","floor":33.0,"turns":8.0},{"damage":0.0,"enemies":"3 Darklings","floor":35.0,"turns":5.0},{"damage":3.0,"enemies":"3 Shapes","floor":36.0,"turns":4.0},{"damage":6,"enemies":"Transient","floor":38,"turns":5},{"damage":49,"enemies":"Nightmare","floor":40,"turns":4}],"seed_played":"2441544648908660003","potions_obtained":[{"floor":3.0,"key":"BlessingOfTheForge"},{"floor":14.0,"key":"LiquidMemories"},{"floor":31.0,"key":"SteroidPotion"},{"floor":36.0,"key":"BlessingOfTheForge"}],"is_trial":false,"path_per_floor":["M","M","M","M","$","R","E","R","T","?","R","M","?","M","R","B",null,"M","?","?","M","?","R","E","R","T","E","R","$","E","M","R","B",null,"M","M","?","M","$","NM"],"character_chosen":"IRONCLAD","items_purchased":["Calipers","Anchor","Inflame","Panache","Membership Card","Inflame","hubris:TinFlute","aspiration:HummingbirdHeart","Matryoshka","Whirlwind","infinitespire:Broken Mirror","Metallicize","ReplayTheSpireMod:CursedCoin","Guide Book","Body Slam","Blood Vial","Metallicize","ClockworkSouvenir","Orichalcum","Combust","Shovel","Fruit Juice","Medical Kit"],"campfire_rested":1,"item_purchase_floors":[0,0,0,0,0,0,0,0,0,0,0,0,0,0,0,5,5,29,29,29,29,29,39],"current_hp_per_floor":[30,31,37,42,42,42,50,50,50,50,50,58,58,66,66,65,76,80,80,80,80,80,80,61,61,61,57,80,85,85,85,85,48,76,84,85,20,36,36,0,0],"gold":228,"neow_bonus":"","is_daily":false,"chose_seed":false,"campfire_upgraded":5,"win_rate":0.0,"timestamp":1611896085,"path_taken":["M","M","M","M","$","R","E","R","T","?","R","M","?","M","R","BOSS","M","?","?","?","?","R","E","R","T","E","R","$","E","?","R","BOSS","M","M","?","M","$","NM"],"items_purchased_type":["Relic","Relic","Card","Card","Relic","Card","Relic","Relic","Relic","Card","Relic","Card","Relic","Relic","Card","Relic","Card","Relic","Relic","Card","Relic","Potion","Relic"],"build_version":"2020-12-22","purchased_purges":1,"victory":false,"max_hp_per_floor":[80,80,80,80,80,80,80,80,80,80,80,80,80,80,80,80,80,80,80,80,80,80,80,80,80,80,80,80,85,85,85,85,85,85,85,85,85,85,85,85,85],"relic_stats":{"Blood Vial":14,"Shovel":1,"Happy Flower":[51],"counters":[176,791],"Bloody Idol":5,"Orichalcum":[48],"Medical Kit":[0],"Smiling Mask":0,"obtain_stats":[{"infinitespire:BottledMercury":26,"Golden Egg":53,"infinitespire:Cubic Diamond":2,"aspiration:PoetsPen_weak":17,"Whetstone":53,"Sling":0,"Boot":0,"aspiration:RitualStick":31,"Blood Vial":5,"Replay:Wanted Poster":17,"Replay:Bronze Core":17,"hubris:DeckOfHolding":10,"infinitespire:Golems Mask":0,"HandDrill":53,"hubris:TinFlute":0,"Blue Candle":7,"hubris:SphereOfDissonance":24,"ReplayTheSpireMod:SealedPack":17,"aspiration:FrozenJewel":46,"infinitespire:EvilPickle":33,"infinitespire:Broken Mirror":0,"MutagenicStrength":29,"aspiration:SilentSkillbook":34,"infinitespire:PuzzleCube":0,"Abe\u0027s Treasure":17,"Unceasing Top":54,"hubris:Reverence":46,"Regal Pillow":6,"aspiration:Lifesprig":0,"Lantern":0,"hubris:Metronome":54,"Singing Bowl":7,"Magic Flower":47,"Blue Doll":0,"Painkiller Herb":28,"Bag of Preparation":9,"hubris:EmptyBottle":53,"Smiling Mask":26,"Burning Blood":0,"Replay:Rubber Ducky":9,"hubris:Backtick":46,"Matryoshka":0,"Shovel":29,"infinitespire:Bottled Soul":28,"aspiration:AnachronicSnailShell":36,"hubris:ScarierMask":34,"hubris:FunFungus":11,"WingedGreaves":23,"aspiration:FutureDiary":34,"Lee\u0027s Waffle":0,"NeowsBlessing":0,"Golden Idol":3,"Self Forming Clay":53,"The Courier":38,"PreservedInsect":8,"Omamori":28,"infinitespire:Lucky Rock":25,"Frozen Egg 2":26,"Bloody Idol":37,"Orrery":36,"Art of War":25,"Champion Belt":6,"Toy Ornithopter":9,"Tiny House":17,"hubris:CrystalStatue":40,"Calipers":0,"Gremlin Horn":0,"Vajra":0,"Centennial Puzzle":54,"Prayer Wheel":7,"Toxic Egg 2":0,"hexamod:SpiritBrand":24,"Happy Flower":0,"ReplayTheSpireMod:CursedCoin":4,"aspiration:Nostalgia":24,"Oddly Smooth Stone":13,"infinitespire:Beetle Shell":53,"Replay:Baseball":0,"ReplayTheSpireMod:Shallot":45,"Shuriken":31,"Bronze Scales":29,"Onion Ring":42,"hubris:PeanutButter":30,"ReplayTheSpireMod:TigerMarble":29,"hubris:ToyBattleship":6,"Mirror":0,"ReplayTheSpireMod:DimensionalGlitch":34,"Darkstone Periapt":13,"Juzu Bracelet":19,"ClockworkSouvenir":47,"Replay:Bandana":7,"hubris:Icosahedron":42,"Chameleon Ring":38,"TheAbacus":53,"Mummified Hand":0,"Tiny Chest":14,"Cracked Core":0,"Red Skull":28,"hubris:DisguiseKit":9,"BargainBundle":0,"ReplayTheSpireMod:Ninjato":41,"Guide Book":0,"hubris:MedicalManual":46,"aspiration:HummingbirdHeart":0,"Orichalcum":29,"Medical Kit":39,"White Beast Statue":53,"Peace Pipe":31,"Strange Spoon":0,"Anchor":24,"infinitespire:WardingShard":9,"infinitespire:Satchel":4,"ChewingGum":34,"hubris:BundleOfHerbs":41,"Coffee Dripper":17,"hubris:GrandSneckoEye":17,"Membership Card":0,"hubris:Potato":26,"FossilizedHelix":44,"TungstenRod":45,"m_BurningSludge":2,"hubris:NiceRug":53},{"infinitespire:BottledMercury":66,"Golden Egg":126,"infinitespire:Cubic Diamond":19,"aspiration:PoetsPen_weak":85,"Whetstone":101,"Sling":103,"Boot":128,"aspiration:RitualStick":115,"Blood Vial":161,"Replay:Wanted Poster":165,"Replay:Bronze Core":47,"hubris:DeckOfHolding":21,"infinitespire:Golems Mask":128,"HandDrill":101,"hubris:TinFlute":157,"Blue Candle":42,"hubris:SphereOfDissonance":168,"ReplayTheSpireMod:SealedPack":109,"aspiration:FrozenJewel":72,"infinitespire:EvilPickle":68,"infinitespire:Broken Mirror":157,"MutagenicStrength":91,"aspiration:SilentSkillbook":68,"infinitespire:PuzzleCube":12,"Abe\u0027s Treasure":33,"Unceasing Top":156,"hubris:Reverence":98,"Regal Pillow":3,"aspiration:Lifesprig":39,"Lantern":77,"hubris:Metronome":127,"Singing Bowl":105,"Magic Flower":73,"Blue Doll":103,"Painkiller Herb":141,"Bag of Preparation":5,"hubris:EmptyBottle":155,"Smiling Mask":168,"Burning Blood":0,"Replay:Rubber Ducky":82,"hubris:Backtick":98,"Matryoshka":157,"Shovel":169,"infinitespire:Bottled Soul":66,"aspiration:AnachronicSnailShell":96,"hubris:ScarierMask":144,"hubris:FunFungus":57,"WingedGreaves":65,"aspiration:FutureDiary":172,"Lee\u0027s Waffle":39,"NeowsBlessing":0,"Golden Idol":104,"Self Forming Clay":155,"The Courier":70,"PreservedInsect":133,"Omamori":114,"infinitespire:Lucky Rock":66,"Frozen Egg 2":141,"Bloody Idol":174,"Orrery":145,"Art of War":141,"Champion Belt":133,"Toy Ornithopter":133,"Tiny House":10,"hubris:CrystalStatue":148,"Calipers":157,"Gremlin Horn":103,"Vajra":39,"Centennial Puzzle":102,"Prayer Wheel":56,"Toxic Egg 2":128,"hexamod:SpiritBrand":112,"Happy Flower":39,"ReplayTheSpireMod:CursedCoin":80,"aspiration:Nostalgia":112,"Oddly Smooth Stone":135,"infinitespire:Beetle Shell":155,"Replay:Baseball":128,"ReplayTheSpireMod:Shallot":98,"Shuriken":143,"Bronze Scales":66,"Onion Ring":122,"hubris:PeanutButter":170,"ReplayTheSpireMod:TigerMarble":66,"hubris:ToyBattleship":82,"Mirror":51,"ReplayTheSpireMod:DimensionalGlitch":94,"Darkstone Periapt":8,"Juzu Bracelet":48,"ClockworkSouvenir":98,"Replay:Bandana":29,"hubris:Icosahedron":71,"Chameleon Ring":97,"TheAbacus":126,"Mummified Hand":26,"Tiny Chest":46,"Cracked Core":0,"Red Skull":141,"hubris:DisguiseKit":105,"BargainBundle":77,"ReplayTheSpireMod:Ninjato":98,"Guide Book":77,"hubris:MedicalManual":98,"aspiration:HummingbirdHeart":157,"Orichalcum":169,"Medical Kit":175,"White Beast Statue":101,"Peace Pipe":93,"Strange Spoon":39,"Anchor":112,"infinitespire:WardingShard":14,"infinitespire:Satchel":2,"ChewingGum":116,"hubris:BundleOfHerbs":71,"Coffee Dripper":24,"hubris:GrandSneckoEye":59,"Membership Card":128,"hubris:Potato":112,"FossilizedHelix":122,"TungstenRod":150,"m_BurningSludge":19,"hubris:NiceRug":101},{"infinitespire:BottledMercury":326,"Golden Egg":582,"infinitespire:Cubic Diamond":63,"aspiration:PoetsPen_weak":417,"Whetstone":468,"Sling":477,"Boot":601,"aspiration:RitualStick":529,"Blood Vial":726,"Replay:Wanted Poster":741,"Replay:Bronze Core":225,"hubris:DeckOfHolding":83,"infinitespire:Golems Mask":601,"HandDrill":468,"hubris:TinFlute":711,"Blue Candle":196,"hubris:SphereOfDissonance":755,"ReplayTheSpireMod:SealedPack":500,"aspiration:FrozenJewel":357,"infinitespire:EvilPickle":338,"infinitespire:Broken Mirror":711,"MutagenicStrength":436,"aspiration:SilentSkillbook":338,"infinitespire:PuzzleCube":39,"Abe\u0027s Treasure":146,"Unceasing Top":706,"hubris:Reverence":457,"Regal Pillow":3,"aspiration:Lifesprig":175,"Lantern":393,"hubris:Metronome":590,"Singing Bowl":482,"Magic Flower":364,"Blue Doll":477,"Painkiller Herb":649,"Bag of Preparation":11,"hubris:EmptyBottle":703,"Smiling Mask":755,"Burning Blood":0,"Replay:Rubber Ducky":406,"hubris:Backtick":457,"Matryoshka":711,"Shovel":758,"infinitespire:Bottled Soul":326,"aspiration:AnachronicSnailShell":450,"hubris:ScarierMask":662,"hubris:FunFungus":272,"WingedGreaves":322,"aspiration:FutureDiary":773,"Lee\u0027s Waffle":175,"NeowsBlessing":0,"Golden Idol":479,"Self Forming Clay":703,"The Courier":347,"PreservedInsect":616,"Omamori":524,"infinitespire:Lucky Rock":326,"Frozen Egg 2":649,"Bloody Idol":782,"Orrery":667,"Art of War":649,"Champion Belt":616,"Toy Ornithopter":616,"Tiny House":30,"hubris:CrystalStatue":675,"Calipers":711,"Gremlin Horn":477,"Vajra":175,"Centennial Puzzle":471,"Prayer Wheel":267,"Toxic Egg 2":601,"hexamod:SpiritBrand":513,"Happy Flower":175,"ReplayTheSpireMod:CursedCoin":401,"aspiration:Nostalgia":513,"Oddly Smooth Stone":623,"infinitespire:Beetle Shell":703,"Replay:Baseball":601,"ReplayTheSpireMod:Shallot":457,"Shuriken":656,"Bronze Scales":326,"Onion Ring":563,"hubris:PeanutButter":761,"ReplayTheSpireMod:TigerMarble":326,"hubris:ToyBattleship":406,"Mirror":248,"ReplayTheSpireMod:DimensionalGlitch":445,"Darkstone Periapt":22,"Juzu Bracelet":230,"ClockworkSouvenir":457,"Replay:Bandana":131,"hubris:Icosahedron":353,"Chameleon Ring":452,"TheAbacus":582,"Mummified Hand":119,"Tiny Chest":215,"Cracked Core":0,"Red Skull":649,"hubris:DisguiseKit":482,"BargainBundle":393,"ReplayTheSpireMod:Ninjato":457,"Guide Book":393,"hubris:MedicalManual":457,"aspiration:HummingbirdHeart":711,"Orichalcum":758,"Medical Kit":787,"White Beast Statue":468,"Peace Pipe":440,"Strange Spoon":175,"Anchor":513,"infinitespire:WardingShard":45,"infinitespire:Satchel":2,"ChewingGum":533,"hubris:BundleOfHerbs":353,"Coffee Dripper":106,"hubris:GrandSneckoEye":290,"Membership Card":601,"hubris:Potato":513,"FossilizedHelix":563,"TungstenRod":681,"m_BurningSludge":63,"hubris:NiceRug":468}],"Burning Blood":649},"card_choices":[{"not_picked":["Warcry","Life Link"],"picked":"Iron Wave","floor":1.0},{"not_picked":["Thunderclap","ReplayTheSpireMod:Strike From Hell","Bloodletting"],"picked":"SKIP","floor":2.0},{"not_picked":["Pommel Strike","ReplayTheSpireMod:Strike From Hell"],"picked":"Sever Soul","floor":3.0},{"not_picked":["Iron Wave","Thunderclap"],"picked":"Limit Break","floor":4.0},{"not_picked":["Heavy Blade","Bloodletting"],"picked":"Juggernaut","floor":7.0},{"not_picked":["Thunderclap","Clothesline"],"picked":"Clash","floor":12.0},{"not_picked":["Hemokinesis","ReplayTheSpireMod:Corrosion Curse","Havoc"],"picked":"SKIP","floor":14.0},{"not_picked":["hubris:StunningStrike","Exhume"],"picked":"Demonic Infusion","floor":16.0},{"not_picked":["Reckless Charge","Rupture"],"picked":"Clothesline+1","floor":18.0},{"not_picked":["Abandon","hubris:ReadiedAction","ReplayTheSpireMod:Strike From Hell"],"picked":"SKIP","floor":21.0},{"not_picked":["Reckless Charge","ReplayTheSpireMod:LeadingStrike+1"],"picked":"Infernal Blade+1","floor":24.0},{"not_picked":["Infernal Blade","Spot Weakness"],"picked":"Rage+1","floor":27.0},{"not_picked":["Rampage","hubris:ReadiedAction"],"picked":"Juggernaut","floor":30.0},{"not_picked":["Armaments","Clothesline"],"picked":"Whirlwind+1","floor":31.0},{"not_picked":["Feed","Immolate"],"picked":"Demon Form","floor":33.0},{"not_picked":["Entrench","ReplayTheSpireMod:Strike From Hell"],"picked":"Thunderclap+1","floor":35.0},{"not_picked":["Thunderclap","Massacre+1"],"picked":"Clash+1","floor":36.0},{"not_picked":["Havoc+1","ReplayTheSpireMod:Strike From Hell"],"picked":"Iron Wave","floor":38}],"player_experience":713098,"relics_obtained":[{"floor":7.0,"key":"Happy Flower"},{"floor":9.0,"key":"Omamori"},{"floor":24.0,"key":"hubris:SphereOfDissonance"},{"floor":26.0,"key":"Lantern"},{"floor":26.0,"key":"Smiling Mask"},{"floor":27.0,"key":"Replay:Rubber Ducky"},{"floor":30.0,"key":"hubris:PeanutButter"},{"floor":32.0,"key":"infinitespire:Satchel"}],"event_choices":[{"damage_healed":0.0,"max_hp_gain":0.0,"max_hp_loss":0.0,"gold_gain":0.0,"event_name":"Vampires","player_choice":"Became a vampire (Vial)","floor":19.0,"relics_lost":["Blood Vial"],"gold_loss":0.0,"damage_taken":0.0,"cards_obtained":["Bite","Bite","Bite","Bite","Bite"]},{"damage_healed":0.0,"max_hp_gain":0.0,"max_hp_loss":0.0,"gold_gain":0.0,"event_name":"Match and Keep!","player_choice":"1 cards matched","floor":20.0,"gold_loss":0.0,"damage_taken":0.0,"cards_obtained":["Survey Options"]},{"damage_healed":0.0,"max_hp_gain":0.0,"max_hp_loss":0.0,"gold_gain":0.0,"event_name":"betterThird:BetterPortal","player_choice":"Random: Violet","floor":37.0,"gold_loss":0.0,"damage_taken":0.0},{"damage_healed":0.0,"max_hp_gain":85.0,"max_hp_loss":20.0,"gold_gain":0.0,"event_name":"betterAltar:BetterAltar","player_choice":" Idol Vial ","floor":37.0,"potions_obtained":[],"relics_lost":[],"gold_loss":0.0,"damage_taken":65.0,"relics_obtained":["Bloody Idol","Blood Vial"]}],"is_beta":false,"boss_relics":[{"not_picked":["Pandora\u0027s Box","SacredBark"],"picked":"Replay:Wanted Poster"},{"not_picked":["Tiny House","Astrolabe"],"picked":"aspiration:FutureDiary"}],"items_purged_floors":[5],"is_endless":false,"potions_floor_spawned":[3,4,14,21,31,36],"killed_by":"Nightmare","ascension_level":7}}