{"host":"g1wmg2w41xhsnw8g","time":1611947600,"event":{"mods":["100% Spire Juice","2.2 Compatiblity","Act Like it!","Aspiration","BaseMod","Better Altar","Better Match","Better Note","Better Sensory Stone","Better Skull","Better Third Choice","BetterRewards","Booster Modes","CapriCore","Colored Map","Colored Powertips","Defuse TimeMaze Blight","Displayed Cursed Tome","Evolution","Fox Events","Friendly Minions","GifTheSpireLib","Good Game Mod","Googly Eyes","Hubris","Infinite Spire","Jedi Mod","Minty Spire (QoL Compilation)","Monster B Gone","Red Circlet Mod","Relic Filter Mod","Relic Sorter","Reliquary","SCP261 Mod","Shop Mod","Smile Girya","Spicy Shops","Spikes Relics","StSLib","The Runesmith","The Sage","Trackpad","Transform Curses","Wandering Minibosses","Weighted Paths","????"],"gold_per_floor":[116,116,116,68,79,104,104,104,104],"floor_reached":8,"language":"ENG","playtime":412,"items_purged":[],"score":57,"play_id":"1fa5a2e7-7062-44b1-8b74-2171da1261f3","local_time":"20210129141320","daily_mods":["Chimera","Heirloom","Elite Swarm"],"is_ascension_mode":true,"campfire_choices":[{"data":"Worship","floor":7,"key":"SMITH"}],"circlet_count":0,"master_deck":["Bash","Survivor","Zap","Eruption","Moonworks:Assault","Moonworks:CloudOfSeagulls","Moonworks:Assault","Moonworks:LulusLuckyEgg","Moonworks:LulusLuckyEgg","Moonworks:LulusLuckyEgg","Moonworks:AwakeningOfTalent","Worship+1","Moonworks:ImOnFire"],"relics":["Moonworks:BrokenBomb","Moonworks:Homemark","EVO:Axolotl","REME:ComplimentaryCards","hubris:CuriousFeather","reliquary:WeakTea","jedi:kaleidoscope","Blood Vial"],"acts_visited":["Exordium"],"potions_floor_usage":[8],"damage_taken":[{"damage":0,"enemies":"2 Louse","floor":1,"turns":3},{"damage":9,"enemies":"Jaw Worm","floor":5,"turns":2},{"damage":20,"enemies":"3 Sentries","floor":6,"turns":5},{"damage":49,"enemies":"Gremlin Nob","floor":8,"turns":4}],"seed_played":"1649749893645230713","potions_obtained":[{"floor":5,"key":"FearPotion"}],"is_trial":true,"path_per_floor":["M","?","T","$","M","E","R","E"],"character_chosen":"THE_STARBREAKER","items_purchased":["Moonworks:ImOnFire"],"campfire_rested":0,"item_purchase_floors":[4],"current_hp_per_floor":[62,55,55,55,46,26,26,0,0],"gold":104,"neow_bonus":"","is_daily":false,"chose_seed":false,"campfire_upgraded":1,"win_rate":0.0,"timestamp":1611947600,"path_taken":["M","?","?","$","?","E","R","E"],"items_purchased_type":["Card"],"build_version":"2020-12-22","purchased_purges":0,"victory":false,"max_hp_per_floor":[62,62,62,62,62,62,62,62,62],"card_choices":[{"not_picked":["Moonworks:CloudOfSeagulls","Moonworks:CastOff"],"picked":"Moonworks:AwakeningOfTalent","floor":1},{"not_picked":["Moonworks:BigBangBell","Moonworks:IndiscriminateFireSupport","Moonworks:UnpaidWork"],"picked":"SKIP","floor":5},{"not_picked":["Moonworks:LeapThroughSpace","Moonworks:EvilMastermind","Moonworks:Blazing"],"picked":"SKIP","floor":6}],"player_experience":920531,"relics_obtained":[{"floor":3,"key":"jedi:kaleidoscope"},{"floor":6,"key":"Blood Vial"}],"event_choices":[{"damage_healed":0,"gold_gain":0,"player_choice":"Relic ","damage_taken":7,"max_hp_gain":0,"max_hp_loss":0,"event_name":"betterThird:BetterScrap","floor":2,"gold_loss":0,"cards_obtained":["Force Field"]}],"is_beta":false,"boss_relics":[],"items_purged_floors":[],"is_endless":false,"potions_floor_spawned":[5],"killed_by":"Gremlin Nob","ascension_level":1}}