{"host":"flm17o2q7bfjyna6","time":1611891703,"event":{"mods":["2.2 Compatiblity","Act Like it!","BaseMod","Better Altar","Better Match","Better Note","Better Sensory Stone","Better Skull","Better Third Choice","Better Vampires","Colored Map","Colored Powertips","DeckTracker","Fox Events","Hermit","Minty Spire (QoL Compilation)","Quick Restart","Replay The Spire","Reworked Bosses","Spicy Shops","StSLib","Wandering Minibosses"],"gold_per_floor":[114,114,45,320,350,350,380,226,226,226,226,226,226,24,24,199,199,229,309,34,49,49,114,114,114,139,154,179,209,239,254,254,354,354,369,19,34,49,49,49,49,114,114,144,174,174,24,24,24,24],"floor_reached":51,"language":"ENG","playtime":1681,"items_purged":["hermit:OverwhelmingPower","Voices"],"score":844,"play_id":"4f225cfa-b7f7-45c3-adec-0261504148d3","local_time":"20210128224143","daily_mods":["Shiny","Time Dilation","Lethality"],"is_ascension_mode":false,"campfire_choices":[{"data":"hermit:Vantage","floor":6,"key":"SMITH"},{"data":"hermit:RoundhouseKick","floor":10,"key":"SMITH"},{"data":"hermit:DeadOrAlive","floor":12,"key":"SMITH"},{"data":"hermit:FlashPowder","floor":15,"key":"SMITH"},{"data":"hermit:EternalForm","floor":25,"key":"SMITH"},{"data":"hermit:Dissolve","floor":32,"key":"SMITH"},{"data":"hermit:FromBeyond","floor":40,"key":"SMITH"},{"data":"ReplayUltimateDefense","floor":46,"key":"SMITH"},{"floor":49,"key":"REST"}],"circlet_count":0,"master_deck":["hermit:DeadOrAlive+1","hermit:Reprieve","hermit:FromBeyond+1","hermit:Roughhouse+1","hermit:Magnum","hermit:FatalDesire+1","hermit:HeroicBravado","hermit:Gambit","hermit:FinalCanter","hermit:EternalForm+1","hermit:Adapt","hermit:Dissolve+1","hermit:RoundhouseKick+1","hermit:FlashPowder+1","Regret","hermit:Vantage+1","Writhe","hermit:Malice+1","Regret","Trip+1","hermit:CalledShot+1","hermit:NoHoldsBarred+1","hermit:Dive+1","hermit:Quickdraw+1","hermit:RoundhouseKick+1","ReplayTheSpireMod:Splinters","hermit:Dive+1","hermit:Virtue+1","Madness","Madness","ReplayUltimateDefense+1","ReplayTheSpireMod:Private Reserves","Pot Of Greed","hermit:Horror+1","hermit:Determination+1"],"relics":["hermit:Momento","Art of War","ReplayTheSpireMod:CursedCoin","Blue Doll","Replay:Rubber Ducky","Replay:Bottled Steam","Grinning Jar","Oddly Smooth Stone","Snecko Heart","Bag of Marbles","Guide Book","Garlic","Replay:Baseball","MutagenicStrength","Replay:Wax Seal","Anchor","Kintsugi","Letter Opener","Pondfish Scales","Darkstone Periapt","Pet Ghost","Whetstone"],"acts_visited":["Exordium","TheCity","TheBeyond"],"potions_floor_usage":[33,50,50,50],"damage_taken":[{"damage":4,"enemies":"Jaw Worm","floor":1,"turns":2},{"damage":16,"enemies":"Small Slimes","floor":5,"turns":3},{"damage":14,"enemies":"Replay:BlueRogue","floor":7,"turns":4},{"damage":38,"enemies":"Hexaghost","floor":16,"turns":7},{"damage":0,"enemies":"Spheric Guardian","floor":18,"turns":4},{"damage":20,"enemies":"2 Thieves","floor":21,"turns":4},{"damage":6,"enemies":"Replay:Snechameleon","floor":23,"turns":5},{"damage":10,"enemies":"Chosen and Byrds","floor":27,"turns":2},{"damage":0,"enemies":"Snecko","floor":29,"turns":1},{"damage":0,"enemies":"Cultist and Chosen","floor":30,"turns":4},{"damage":2,"enemies":"Shelled Parasite and Fungi","floor":31,"turns":3},{"damage":7,"enemies":"Pondfish","floor":33,"turns":7},{"damage":1,"enemies":"Orb Walker","floor":35,"turns":4},{"damage":5,"enemies":"3 Darklings","floor":37,"turns":3},{"damage":0,"enemies":"Spire Growth","floor":38,"turns":2},{"damage":0,"enemies":"Nemesis","floor":42,"turns":5},{"damage":15,"enemies":"4 Shapes","floor":44,"turns":3},{"damage":15,"enemies":"R_Hoarder","floor":45,"turns":5},{"damage":0,"enemies":"bossMod:newShapes","floor":50,"turns":7}],"seed_played":"1138922244981197753","potions_obtained":[{"floor":1,"key":"SkillPotion"},{"floor":5,"key":"BlessingOfTheForge"},{"floor":19,"key":"LifebloodPotion"},{"floor":19,"key":"Block Potion"},{"floor":33,"key":"SkillPotion"}],"is_trial":false,"path_per_floor":["M","?","$","?","M","R","E","$","T","R","T","R","?","$","R","B",null,"M","?","$","M","$","E","?","R","T","M","T","M","M","M","R","B",null,"M","$","M","M","?","R","?","E","T","M","E","R","$","?","R","B",null],"character_chosen":"HERMIT","items_purchased":["hermit:FlashPowder","ReplayTheSpireMod:CursedCoin","Blue Doll","hermit:Malice","Trip+1","Oddly Smooth Stone","Guide Book","Garlic","Letter Opener","Whetstone"],"campfire_rested":1,"item_purchase_floors":[3,8,8,8,14,14,20,20,36,47],"current_hp_per_floor":[71,64,64,64,56,56,46,46,46,46,46,46,46,46,46,16,75,75,57,57,37,37,35,35,35,35,25,25,25,29,35,35,36,75,75,75,70,70,61,61,61,75,75,60,45,45,45,45,67,67],"gold":24,"neow_bonus":"","is_daily":true,"chose_seed":false,"campfire_upgraded":8,"win_rate":0.0,"timestamp":1611891703,"path_taken":["M","?","$","?","?","R","E","?","T","R","?","R","?","$","R","BOSS","M","?","$","M","$","E","?","R","T","M","?","M","M","M","R","BOSS","M","$","M","M","?","R","?","E","T","M","E","R","$","?","R","BOSS"],"items_purchased_type":["Card","Relic","Relic","Card","Card","Relic","Relic","Relic","Relic","Relic"],"build_version":"2020-12-22","purchased_purges":2,"victory":true,"max_hp_per_floor":[75,75,75,75,75,75,75,75,75,75,75,75,75,75,75,75,75,75,75,75,75,75,75,75,75,75,75,75,75,75,75,75,75,75,75,75,75,75,75,75,75,75,75,75,75,75,75,75,75,75],"card_choices":[{"not_picked":["hermit:Showdown","hermit:Feint","hermit:BigShot"],"picked":"SKIP","floor":1},{"not_picked":["hermit:HighCaliber","hermit:WideOpen"],"picked":"hermit:Vantage","floor":5},{"not_picked":["hermit:Shortfuse","hermit:Ricochet","hermit:LowProfile"],"picked":"SKIP","floor":7},{"not_picked":["hermit:HeroicBravado","hermit:Purgatory"],"picked":"hermit:RoundhouseKick","floor":16},{"not_picked":["hermit:LowProfile+1","hermit:Snipe","hermit:GoldenBullet"],"picked":"SKIP","floor":18},{"not_picked":["hermit:LowProfile","hermit:DeadMansHand"],"picked":"hermit:CalledShot+1","floor":19},{"not_picked":["hermit:Grudge","hermit:HighCaliber"],"picked":"hermit:NoHoldsBarred+1","floor":21},{"not_picked":["hermit:Snipe","hermit:NoHoldsBarred"],"picked":"hermit:Dive+1","floor":23},{"not_picked":["hermit:Roulette","hermit:TakeAim+1","hermit:Ricochet"],"picked":"SKIP","floor":27},{"not_picked":["hermit:Coalescence+1","hermit:Combo+1"],"picked":"hermit:Quickdraw+1","floor":29},{"not_picked":["hermit:HoleUp","hermit:Glare","hermit:TakeAim+1"],"picked":"SKIP","floor":30},{"not_picked":["hermit:Grudge","hermit:Adapt","hermit:Maintenance"],"picked":"SKIP","floor":31},{"not_picked":["hermit:OverwhelmingPower","hermit:Magnum"],"picked":"hermit:RoundhouseKick","floor":33},{"not_picked":["hermit:Coalescence","hermit:CalledShot+1"],"picked":"hermit:Dive+1","floor":35},{"not_picked":["hermit:DeadMansHand","hermit:ItchyTrigger+1","hermit:CalledShot"],"picked":"SKIP","floor":37},{"not_picked":["hermit:Horror+1","hermit:HeroicBravado"],"picked":"hermit:Virtue+1","floor":38},{"not_picked":["Replay:Sssssssssshield","Crow Ritual"],"picked":"ReplayUltimateDefense","floor":41},{"not_picked":["Replay:Sssssssssstrike","Survey Options"],"picked":"ReplayTheSpireMod:Private Reserves","floor":41},{"not_picked":["hermit:OverwhelmingPower","hermit:LuckOfTheDraw"],"picked":"hermit:Horror+1","floor":42},{"not_picked":["hermit:Headshot","hermit:Roulette","hermit:Glare"],"picked":"SKIP","floor":44},{"not_picked":["hermit:Desperado","hermit:Vantage"],"picked":"hermit:Determination+1","floor":45}],"player_experience":1716771,"relics_obtained":[{"floor":7,"key":"Art of War"},{"floor":9,"key":"Replay:Rubber Ducky"},{"floor":11,"key":"Replay:Bottled Steam"},{"floor":19,"key":"Bag of Marbles"},{"floor":23,"key":"Replay:Baseball"},{"floor":26,"key":"Replay:Wax Seal"},{"floor":28,"key":"Anchor"},{"floor":42,"key":"Pondfish Scales"},{"floor":43,"key":"Darkstone Periapt"},{"floor":45,"key":"Pet Ghost"}],"event_choices":[{"cards_removed":["hermit:HighNoon"],"damage_healed":0,"gold_gain":0,"player_choice":"Card Removal","damage_taken":7,"max_hp_gain":0,"max_hp_loss":0,"event_name":"Golden Wing","floor":2,"gold_loss":0},{"damage_healed":0,"gold_gain":275,"player_choice":"Desecrate","damage_taken":0,"max_hp_gain":0,"max_hp_loss":0,"event_name":"Golden Shrine","floor":4,"gold_loss":0,"cards_obtained":["Regret"]},{"damage_healed":0,"gold_gain":0,"player_choice":"Box","damage_taken":0,"relics_obtained":["Grinning Jar"],"max_hp_gain":0,"max_hp_loss":0,"event_name":"Big Fish","floor":13,"gold_loss":0,"cards_obtained":["Regret"]},{"damage_healed":0,"gold_gain":0,"player_choice":"Inject Mutagens","damage_taken":0,"relics_obtained":["MutagenicStrength"],"max_hp_gain":0,"max_hp_loss":0,"event_name":"Drug Dealer","floor":24,"gold_loss":0},{"damage_healed":0,"gold_gain":0,"player_choice":"Embrace Madness","damage_taken":9,"max_hp_gain":0,"max_hp_loss":0,"event_name":"Winding Halls","floor":39,"gold_loss":0,"cards_obtained":["Madness","Madness"]},{"damage_healed":0,"gold_gain":3,"player_choice":"1","damage_taken":0,"max_hp_gain":0,"max_hp_loss":0,"event_name":"betterStone:BetterStone","floor":41,"gold_loss":0},{"cards_removed":["Pot Of Greed"],"damage_healed":0,"gold_gain":0,"player_choice":"Removed Skill","damage_taken":0,"max_hp_gain":0,"max_hp_loss":0,"event_name":"Falling","floor":48,"gold_loss":0}],"is_beta":false,"boss_relics":[{"not_picked":["ReplayTheSpireMod:DimensionalGlitch","Snecko Eye"],"picked":"Snecko Heart"},{"not_picked":["Replay:Drink Me","Painkiller Herb"],"picked":"Kintsugi"}],"items_purged_floors":[8,36],"is_endless":false,"potions_floor_spawned":[1,5,23,31,33,38],"ascension_level":0}}