{"host":"3zb3nk4wvq0dtbuh","time":1611930016,"event":{"mods":["AchievementEnabler","BaseMod","Lobotomy","Minty Spire (QoL Compilation)","Quick Restart","Relic Filter Mod","StSLib","SuperFastMode","The Blackbeard"],"gold_per_floor":[110,124,124,144,144,144,155,168,168,187,216,230,230,230,230,358,358,373,392,428,444,464,464,371,390,390,390,429,554,589,589,589,715,715,736,760,773,792,807,807],"floor_reached":39,"language":"ZHS","playtime":695,"items_purged":[],"score":579,"play_id":"8156e9ea-2bf0-4ad2-a1f0-efb86f4b1a72","local_time":"20210129222016","is_ascension_mode":false,"campfire_choices":[{"data":"Feed","floor":6.0,"key":"SMITH"},{"data":"Carnage","floor":15.0,"key":"SMITH"},{"data":"Dual Wield","floor":23.0,"key":"SMITH"},{"data":"Pommel Strike","floor":27.0,"key":"SMITH"},{"data":"Bash","floor":32.0,"key":"SMITH"}],"circlet_count":0,"master_deck":["Bash+1","Dark Embrace","Carnage+1","Pommel Strike+1","Barricade","Feed+1","Battle Trance","Dual Wield+1","Finesse","Parasite","Dropkick+1"],"relics":["Pandora\u0027s Box","Letter Opener","Pantograph","Self Forming Clay","Golden Idol","Empty Cage","Red Mask","Toxic Egg 2","StoneCalendar","Turnip","Meat on the Bone","Juzu Bracelet"],"acts_visited":["Exordium","TheCity","TheBeyond"],"potions_floor_usage":[],"damage_taken":[{"damage":7.0,"enemies":"2 Louse","floor":1.0,"turns":4.0},{"damage":0.0,"enemies":"Jaw Worm","floor":2.0,"turns":3.0},{"damage":7.0,"enemies":"Small Slimes","floor":4.0,"turns":4.0},{"damage":0.0,"enemies":"2 Fungi Beasts","floor":7.0,"turns":4.0},{"damage":4.0,"enemies":"3 Louse","floor":8.0,"turns":4.0},{"damage":0.0,"enemies":"Exordium Thugs","floor":10.0,"turns":4.0},{"damage":0.0,"enemies":"Lagavulin","floor":11.0,"turns":4.0},{"damage":0.0,"enemies":"Looter","floor":12.0,"turns":3.0},{"damage":42.0,"enemies":"Hexaghost","floor":16.0,"turns":5.0},{"damage":0.0,"enemies":"Chosen","floor":18.0,"turns":3.0},{"damage":10.0,"enemies":"2 Thieves","floor":19.0,"turns":4.0},{"damage":10.0,"enemies":"Masked Bandits","floor":20.0,"turns":4.0},{"damage":0.0,"enemies":"Snake Plant","floor":21.0,"turns":4.0},{"damage":6.0,"enemies":"Cultist and Chosen","floor":22.0,"turns":4.0},{"damage":0.0,"enemies":"Centurion and Healer","floor":25.0,"turns":3.0},{"damage":6.0,"enemies":"Book of Stabbing","floor":28.0,"turns":4.0},{"damage":0.0,"enemies":"Colosseum Slavers","floor":29.0,"turns":3.0},{"damage":0.0,"enemies":"Colosseum Nobs","floor":29.0,"turns":4.0},{"damage":0.0,"enemies":"Gremlin Leader","floor":30.0,"turns":3.0},{"damage":0.0,"enemies":"Collector","floor":33.0,"turns":3.0},{"damage":24.0,"enemies":"3 Shapes","floor":35.0,"turns":4.0},{"damage":5.0,"enemies":"Orb Walker","floor":36.0,"turns":4.0},{"damage":39.0,"enemies":"Sphere and 2 Shapes","floor":37.0,"turns":9.0},{"damage":38.0,"enemies":"Writhing Mass","floor":38.0,"turns":8.0},{"damage":0,"enemies":"Transient","floor":39,"turns":4}],"seed_played":"1174226207419163330","potions_obtained":[{"floor":7.0,"key":"AttackPotion"},{"floor":10.0,"key":"HeartOfIron"},{"floor":11.0,"key":"Explosive Potion"},{"floor":38.0,"key":"BlessingOfTheForge"},{"floor":39,"key":"DuplicationPotion"}],"is_trial":false,"path_per_floor":["M","M","?","M","T","R","M","M","T","M","E","M","?","?","R","B",null,"M","M","?","M","M","R","$","M","T","R","E","?","E","$","R","B",null,"M","M","M","M","M"],"character_chosen":"IRONCLAD","items_purchased":["Finesse"],"campfire_rested":0,"item_purchase_floors":[24],"current_hp_per_floor":[83,86,86,89,89,89,93,97,97,101,101,101,101,101,101,101,101,101,101,105,105,105,105,105,105,105,105,105,105,105,105,105,105,105,109,80,109,109,80,80],"gold":807,"neow_bonus":"BOSS_RELIC","is_daily":false,"chose_seed":false,"campfire_upgraded":5,"win_rate":0.0,"timestamp":1611930016,"path_taken":["M","M","?","M","?","R","M","M","T","M","E","M","?","?","R","BOSS","M","M","?","M","M","R","$","M","T","R","E","?","E","$","R","BOSS","M","M","M","M","M"],"items_purchased_type":["Card"],"build_version":"2020-12-22","purchased_purges":0,"victory":false,"max_hp_per_floor":[83,86,86,89,89,89,93,97,97,101,101,101,101,101,101,101,101,101,101,105,105,105,105,105,105,105,105,105,105,105,105,105,105,105,109,109,109,109,109,109],"card_choices":[{"not_picked":["Body Slam","Pommel Strike","Sword Boomerang"],"picked":"SKIP","floor":1.0},{"not_picked":["Carnage","Warcry","Sentinel"],"picked":"SKIP","floor":2.0},{"not_picked":["Armaments","Body Slam","Cleave"],"picked":"SKIP","floor":4.0},{"not_picked":["Sword Boomerang","Iron Wave","Body Slam"],"picked":"SKIP","floor":7.0},{"not_picked":["Berserk","Clash","Clothesline"],"picked":"SKIP","floor":8.0},{"not_picked":["Inflame","Clothesline","Twin Strike"],"picked":"SKIP","floor":10.0},{"not_picked":["Wild Strike","Feel No Pain"],"picked":"Battle Trance","floor":11.0},{"not_picked":["Sword Boomerang","Entrench","Shrug It Off"],"picked":"SKIP","floor":12.0},{"not_picked":["Anger","Blood for Blood+1","Headbutt"],"picked":"SKIP","floor":18.0},{"not_picked":["True Grit","Disarm","Bloodletting"],"picked":"SKIP","floor":19.0},{"not_picked":["Clash","Cleave+1"],"picked":"Dual Wield","floor":21.0},{"not_picked":["Bloodletting","Anger+1","Heavy Blade"],"picked":"SKIP","floor":22.0},{"not_picked":["Whirlwind+1","Juggernaut","Evolve"],"picked":"SKIP","floor":25.0},{"not_picked":["Feel No Pain","Carnage","Flex+1"],"picked":"SKIP","floor":28.0},{"not_picked":["Second Wind+1","Searing Blow+1","Body Slam+1"],"picked":"SKIP","floor":30.0},{"not_picked":["Cleave","Flex+1","Anger"],"picked":"SKIP","floor":35.0},{"not_picked":["Anger+1","Sword Boomerang","Body Slam+1"],"picked":"SKIP","floor":36.0},{"not_picked":["Pommel Strike","Combust+1","Evolve"],"picked":"SKIP","floor":37.0},{"not_picked":["True Grit+1","Body Slam+1"],"picked":"Dropkick+1","floor":38.0},{"not_picked":["Thunderclap+1","Body Slam+1","Armaments+1"],"picked":"SKIP","floor":39},{"not_picked":["Thunderclap+1","Body Slam+1","Armaments+1"],"picked":"SKIP","floor":39},{"not_picked":["Thunderclap+1","Body Slam+1","Armaments+1"],"picked":"SKIP","floor":39}],"player_experience":47979,"relics_obtained":[{"floor":5.0,"key":"Letter Opener"},{"floor":9.0,"key":"Pantograph"},{"floor":11.0,"key":"Self Forming Clay"},{"floor":20.0,"key":"Red Mask"},{"floor":26.0,"key":"Toxic Egg 2"},{"floor":28.0,"key":"StoneCalendar"},{"floor":29.0,"key":"Turnip"},{"floor":29.0,"key":"Meat on the Bone"},{"floor":30.0,"key":"Juzu Bracelet"}],"event_choices":[{"cards_removed":["Entrench"],"damage_healed":0.0,"max_hp_gain":0.0,"max_hp_loss":0.0,"gold_gain":0.0,"event_name":"Living Wall","player_choice":"Forget","floor":3.0,"gold_loss":0.0,"damage_taken":0.0},{"cards_removed":["Havoc"],"damage_healed":0.0,"max_hp_gain":0.0,"max_hp_loss":0.0,"gold_gain":0.0,"event_name":"Golden Wing","player_choice":"Card Removal","floor":13.0,"gold_loss":0.0,"damage_taken":7.0},{"damage_healed":0.0,"max_hp_gain":0.0,"max_hp_loss":0.0,"gold_gain":0.0,"event_name":"Golden Idol","player_choice":"Take Damage","floor":14.0,"gold_loss":0.0,"damage_taken":25.0,"relics_obtained":["Golden Idol"]},{"damage_healed":0.0,"max_hp_gain":0.0,"max_hp_loss":0.0,"gold_gain":0.0,"event_name":"Masked Bandits","player_choice":"Fought Bandits","floor":20.0,"gold_loss":0.0,"damage_taken":0.0},{"damage_healed":0.0,"max_hp_gain":0.0,"max_hp_loss":0.0,"gold_gain":0.0,"event_name":"Colosseum","player_choice":"Fight","floor":29.0,"gold_loss":0.0,"damage_taken":0.0},{"damage_healed":0.0,"max_hp_gain":0.0,"max_hp_loss":0.0,"gold_gain":0.0,"event_name":"Colosseum","player_choice":"Fought Nobs","floor":29.0,"gold_loss":0.0,"damage_taken":0.0}],"is_beta":false,"boss_relics":[{"not_picked":["Astrolabe","Circlet"],"picked":"Empty Cage"},{"not_picked":["Circlet","Circlet","Circlet"]}],"items_purged_floors":[],"is_endless":false,"potions_floor_spawned":[7,10,11,19,20,29,30,38,39],"killed_by":"Transient","ascension_level":0}}