{"host":"1pwde2j81wdvsae3","time":1611932166,"event":{"mods":["BaseMod","Minty Spire (QoL Compilation)","Replay The Spire","Shop Mod","StSLib"],"gold_per_floor":[115,132,25,25,43,74,74,74,97,125,188,153,166,177,177,254,254,264,46,46,62,80,80,108,127,127,141,168,184,219,219,219,294,294,314,314,17,17,201,221,232,259,285,317,20,20,38,49,49,49],"floor_reached":51,"language":"ZHS","playtime":1995,"items_purged":[],"score":1391,"play_id":"bafca2a4-6937-4fcb-aeb4-cb0ea203fc9b","local_time":"20210129225606","is_ascension_mode":true,"campfire_choices":[{"data":"Corruption","floor":8.0,"key":"SMITH"},{"floor":15.0,"key":"REST"},{"data":"Barricade","floor":23,"key":"SMITH"},{"floor":32,"key":"REST"},{"data":"Dark Embrace","floor":46,"key":"SMITH"},{"data":"Bash","floor":49,"key":"SMITH"}],"circlet_count":0,"master_deck":["AscendersBane","Strike_R","Strike_R","Strike_R","Strike_R","Defend_R","Defend_R","Defend_R","Defend_R","Bash+1","ReplayTheSpireMod:Muscle Training","Sword Boomerang","Metallicize","Pummel","Corruption+1","Rupture","Dark Embrace+1","ReplayTheSpireMod:Stacked","Sword Boomerang","Spot Weakness+1","Reaper","Sword Boomerang","Barricade+1","Pommel Strike","Flex","Power Through+1","Clothesline","Perfected Strike","Thunderclap","Evolve","ReplayTheSpireMod:Stacked","Entrench+1","J.A.X.","Hemogenesis","Uppercut+1","Specialist","Defy Death","Iron Wave","Immolate","Brutality","Shockwave","ReplayReversal","True Grit+1"],"relics":["Burning Blood","NeowsBlessing","CultistMask","Replay:Rubber Ducky","Happy Flower","Self Forming Clay","Replay:Bottled Snecko","Sozu","OrangePellets","War Paint","Replay:Accelerometer","King of Hearts","Bottled Tornado","SlaversCollar","Torii","Onion Ring","Pen Nib","HornCleat","Red Skull","Bag of Preparation"],"acts_visited":["Exordium","TheCity","TheBeyond"],"potions_floor_usage":[],"damage_taken":[{"damage":0.0,"enemies":"2 Louse","floor":1.0,"turns":1.0},{"damage":0.0,"enemies":"Cultist","floor":2.0,"turns":1.0},{"damage":0.0,"enemies":"Small Slimes","floor":5.0,"turns":1.0},{"damage":26.0,"enemies":"Lagavulin","floor":6.0,"turns":7.0},{"damage":24.0,"enemies":"Gremlin Nob","floor":10.0,"turns":5.0},{"damage":26.0,"enemies":"Lagavulin Event","floor":11.0,"turns":6.0},{"damage":8.0,"enemies":"2 Fungi Beasts","floor":13.0,"turns":4.0},{"damage":9.0,"enemies":"3 Louse","floor":14.0,"turns":4.0},{"damage":28.0,"enemies":"Fading Forest","floor":16.0,"turns":11.0},{"damage":5.0,"enemies":"Shell Parasite","floor":18.0,"turns":4.0},{"damage":4.0,"enemies":"3 Byrds","floor":21.0,"turns":6.0},{"damage":1,"enemies":"Sentry and Sphere","floor":22,"turns":5},{"damage":35,"enemies":"Book of Stabbing","floor":24,"turns":7},{"damage":17,"enemies":"Centurion and Healer","floor":25,"turns":6},{"damage":7,"enemies":"Snake Plant","floor":27,"turns":2},{"damage":14,"enemies":"Replay:Snechameleon","floor":28,"turns":4},{"damage":0,"enemies":"Snecko","floor":29,"turns":4},{"damage":19,"enemies":"Gremlin Leader","floor":30,"turns":10},{"damage":31,"enemies":"Collector","floor":33,"turns":9},{"damage":26,"enemies":"Orb Walker","floor":35,"turns":6},{"damage":24,"enemies":"3 Darklings","floor":40,"turns":7},{"damage":33,"enemies":"Spire Growth","floor":41,"turns":8},{"damage":4,"enemies":"Nemesis","floor":42,"turns":10},{"damage":49,"enemies":"Reptomancer","floor":44,"turns":6},{"damage":4,"enemies":"Maw","floor":47,"turns":6},{"damage":6,"enemies":"Jaw Worm Horde","floor":48,"turns":4},{"damage":25,"enemies":"Donu and Deca","floor":50,"turns":7}],"seed_played":"-4685120080951784433","potions_obtained":[{"floor":6.0,"key":"Elixir"},{"floor":10.0,"key":"Energy Potion"},{"floor":11.0,"key":"BlessingOfTheForge"}],"is_trial":false,"path_per_floor":["M","M","$","?","M","E","?","R","T","E","?","?","M","M","R","B",null,"M","$","?","M","M","R","E","M","T","M","E","M","E","?","R","B",null,"M","?","$","?","?","M","M","E","T","E","$","R","M","M","R","B",null],"character_chosen":"IRONCLAD","items_purchased":["Metallicize","Pummel","Barricade","OrangePellets","Torii","Red Skull","Bag of Preparation"],"campfire_rested":2,"item_purchase_floors":[3,3,19,19,37,45,45],"current_hp_per_floor":[74,75,75,75,75,55,55,55,55,37,17,35,33,30,52,48,68,69,69,69,75,75,75,55,53,53,52,44,50,37,37,59,50,69,49,49,49,49,49,62,41,59,59,37,37,37,61,61,61,63],"gold":49,"neow_bonus":"THREE_ENEMY_KILL","is_daily":false,"chose_seed":false,"campfire_upgraded":4,"win_rate":0.0,"timestamp":1611932166,"path_taken":["M","M","$","?","?","E","?","R","T","E","?","?","M","M","R","BOSS","M","$","?","M","M","R","E","?","T","M","E","M","E","?","R","BOSS","M","?","$","?","?","?","M","E","T","E","$","R","M","M","R","BOSS"],"items_purchased_type":["Card","Card","Card","Relic","Relic","Relic","Relic"],"build_version":"2020-12-22","purchased_purges":0,"victory":true,"max_hp_per_floor":[75,75,75,75,75,75,75,75,75,75,75,75,75,75,75,75,75,75,75,75,75,75,75,75,75,75,75,75,75,75,75,75,75,75,75,75,75,75,75,75,75,75,75,75,75,75,75,75,75,75],"card_choices":[{"not_picked":["True Grit","Clothesline"],"picked":"ReplayTheSpireMod:Muscle Training","floor":1.0},{"not_picked":["ReplayReversal","Run Through"],"picked":"Sword Boomerang","floor":2.0},{"not_picked":["Flex","Warcry"],"picked":"Corruption","floor":5.0},{"not_picked":["True Grit","Burning Pact"],"picked":"Rupture","floor":6.0},{"not_picked":["Havoc","Iron Wave"],"picked":"Dark Embrace","floor":10.0},{"not_picked":["Body Slam","Heavy Blade"],"picked":"ReplayTheSpireMod:Stacked","floor":11.0},{"not_picked":["Iron Wave","Warcry"],"picked":"Sword Boomerang","floor":13.0},{"not_picked":["Wild Strike","True Grit"],"picked":"Spot Weakness","floor":14.0},{"not_picked":["Replay:Many Hands","Fiend Fire"],"picked":"Reaper","floor":16.0},{"not_picked":["ReplayReversal","Armaments"],"picked":"Sword Boomerang","floor":18.0},{"not_picked":["Havoc","Rampage"],"picked":"Flex","floor":21.0},{"not_picked":["Bloodletting","Flex+1"],"picked":"Power Through","floor":22},{"not_picked":["Barricade","Twin Strike"],"picked":"Clothesline","floor":24},{"not_picked":["Whirlwind","Warcry"],"picked":"Perfected Strike","floor":25},{"not_picked":["Dual Wield","Wild Strike"],"picked":"Thunderclap","floor":27},{"not_picked":["Pommel Strike","Warcry"],"picked":"Evolve","floor":28},{"not_picked":["Replay:Undeath\u0027s Touch","Pommel Strike"],"picked":"ReplayTheSpireMod:Stacked","floor":29},{"not_picked":["Clothesline","Sword Boomerang"],"picked":"Entrench+1","floor":30},{"not_picked":["Corruption","Eclipse"],"picked":"Hemogenesis","floor":33},{"not_picked":["Pommel Strike+1","True Grit"],"picked":"Uppercut+1","floor":35},{"not_picked":["Impatience","Replay:BasicMightCard"],"picked":"Specialist","floor":38},{"not_picked":["Clothesline+1","Run Through"],"picked":"Defy Death","floor":39},{"not_picked":["Clash","Anger"],"picked":"Iron Wave","floor":40},{"not_picked":["Carnage","Perfected Strike+1"],"picked":"Immolate","floor":41},{"not_picked":["True Grit","Pommel Strike"],"picked":"Brutality","floor":42},{"not_picked":["ReplayTheSpireMod:Strike From Hell+1","Evolve"],"picked":"Shockwave","floor":44},{"not_picked":["Fire Breathing","Headbutt"],"picked":"ReplayReversal","floor":47},{"not_picked":["Thunderclap","Havoc+1"],"picked":"True Grit+1","floor":48}],"player_experience":251992,"relics_obtained":[{"floor":6.0,"key":"Replay:Rubber Ducky"},{"floor":9.0,"key":"Happy Flower"},{"floor":10.0,"key":"Self Forming Clay"},{"floor":11.0,"key":"Replay:Bottled Snecko"},{"floor":24,"key":"War Paint"},{"floor":26,"key":"Replay:Accelerometer"},{"floor":28,"key":"King of Hearts"},{"floor":30,"key":"Bottled Tornado"},{"floor":42,"key":"Onion Ring"},{"floor":43,"key":"Pen Nib"},{"floor":44,"key":"HornCleat"}],"event_choices":[{"damage_healed":0.0,"max_hp_gain":0.0,"max_hp_loss":0.0,"gold_gain":0.0,"event_name":"FaceTrader","player_choice":"Trade","floor":4.0,"gold_loss":0.0,"damage_taken":0.0,"relics_obtained":["CultistMask"]},{"damage_healed":0.0,"max_hp_gain":0.0,"max_hp_loss":0.0,"gold_gain":0.0,"event_name":"Golden Wing","player_choice":"Ignored","floor":7.0,"gold_loss":0.0,"damage_taken":0.0},{"damage_healed":0.0,"max_hp_gain":0.0,"max_hp_loss":0.0,"gold_gain":0.0,"event_name":"Dead Adventurer","player_choice":"Searched \u00272\u0027 times","floor":11.0,"gold_loss":0.0,"damage_taken":0.0},{"damage_healed":18.0,"max_hp_gain":0.0,"max_hp_loss":0.0,"gold_gain":0.0,"event_name":"The Cleric","player_choice":"Healed","floor":12.0,"gold_loss":35.0,"damage_taken":0.0},{"damage_healed":0.0,"max_hp_gain":0.0,"max_hp_loss":0.0,"gold_gain":0.0,"cards_transformed":["Strike_R"],"event_name":"Transmorgrifier","player_choice":"Transformed","floor":20.0,"gold_loss":0.0,"damage_taken":0.0,"cards_obtained":["Pommel Strike"]},{"damage_healed":0,"gold_gain":0,"player_choice":"Obtain J.A.X.","damage_taken":0,"max_hp_gain":0,"max_hp_loss":0,"event_name":"Drug Dealer","floor":31,"gold_loss":0,"cards_obtained":["J.A.X."]},{"damage_healed":0,"gold_gain":0,"player_choice":"Memory 1","damage_taken":0,"max_hp_gain":0,"max_hp_loss":0,"event_name":"SensoryStone","floor":38,"gold_loss":0}],"is_beta":false,"boss_relics":[{"not_picked":["Abe\u0027s Treasure","ReplayTheSpireMod:DimensionalGlitch"],"picked":"Sozu"},{"not_picked":["Electric Blood","Replay:Ancient Bell"],"picked":"SlaversCollar"}],"items_purged_floors":[],"is_endless":false,"potions_floor_spawned":[6,10,11,14,24,25,28,30,42,47,48],"ascension_level":15}}