{"host":"timevagabond","time":1611964720,"event":{"mods":["BaseMod","Bestiary","Colored Map","Filter the Spire","Minty Spire (QoL Compilation)"],"gold_per_floor":[118,137,56,68,79,105,205,233,258,258,244,278,278,307,307,409,409,427,4,21,40,40,73,73,73,73],"floor_reached":25,"language":"ENG","playtime":2923,"items_purged":["Strike_G"],"score":339,"play_id":"9766f6fa-2534-4a31-94d2-aad5a231ce1a","local_time":"20210129185840","is_ascension_mode":true,"campfire_choices":[{"floor":10.0,"key":"REST"},{"floor":13.0,"key":"REST"},{"floor":15.0,"key":"REST"},{"floor":24,"key":"REST"}],"circlet_count":0,"master_deck":["Strike_G","Strike_G","Defend_G","Defend_G","Defend_G","Defend_G","Defend_G","Survivor","Neutralize","Dagger Throw","Poisoned Stab","Acrobatics","Backflip","Burst","Doppelganger","Deadly Poison+1","Reflex","Bane+1","Glass Knife","Unload"],"relics":["WristBlade","Ice Cream","Omamori","Nunchaku","Bag of Marbles","TungstenRod","Meat on the Bone","HoveringKite","TheAbacus","Bottled Flame"],"acts_visited":["Exordium","TheCity"],"potions_floor_usage":[16,16,21,23,23],"damage_taken":[{"damage":0.0,"enemies":"Cultist","floor":1.0,"turns":4.0},{"damage":0.0,"enemies":"Jaw Worm","floor":2.0,"turns":4.0},{"damage":0.0,"enemies":"Small Slimes","floor":4.0,"turns":3.0},{"damage":9.0,"enemies":"Blue Slaver","floor":5.0,"turns":3.0},{"damage":27.0,"enemies":"3 Sentries","floor":6.0,"turns":11.0},{"damage":30.0,"enemies":"Gremlin Nob","floor":8.0,"turns":5.0},{"damage":1.0,"enemies":"Exordium Thugs","floor":11.0,"turns":4.0},{"damage":23.0,"enemies":"Lagavulin","floor":12.0,"turns":6.0},{"damage":17.0,"enemies":"3 Sentries","floor":14.0,"turns":9.0},{"damage":35,"enemies":"Slime Boss","floor":16,"turns":13},{"damage":17,"enemies":"Spheric Guardian","floor":18,"turns":7},{"damage":8,"enemies":"Chosen","floor":20,"turns":5},{"damage":19,"enemies":"Shelled Parasite and Fungi","floor":21,"turns":6},{"damage":36,"enemies":"Slavers","floor":23,"turns":6},{"damage":41,"enemies":"Book of Stabbing","floor":25,"turns":5}],"seed_played":"-7276284836109245279","potions_obtained":[{"floor":2.0,"key":"Fruit Juice"},{"floor":8.0,"key":"Regen Potion"},{"floor":12.0,"key":"SteroidPotion"},{"floor":14.0,"key":"Explosive Potion"},{"floor":18,"key":"SkillPotion"}],"is_trial":false,"path_per_floor":["M","M","?","M","M","E","?","E","T","R","M","E","R","E","R","B",null,"M","$","M","M","?","E","R","E"],"character_chosen":"THE_SILENT","items_purchased":["TheAbacus","Reflex","DuplicationPotion","Explosive Potion"],"campfire_rested":4,"item_purchase_floors":[19,19,19,19],"current_hp_per_floor":[63,63,63,63,54,32,32,2,2,24,37,14,36,19,41,18,61,44,44,48,41,41,17,39,0,0],"gold":73,"neow_bonus":"BOSS_RELIC","is_daily":false,"chose_seed":false,"campfire_upgraded":0,"win_rate":0.0,"timestamp":1611964720,"path_taken":["M","M","?","M","?","E","?","E","T","R","?","E","R","E","R","BOSS","M","$","M","M","?","E","R","E"],"items_purchased_type":["Relic","Card","Potion","Potion"],"build_version":"2020-12-18","purchased_purges":1,"victory":false,"max_hp_per_floor":[70,70,70,70,70,75,75,75,75,75,75,75,75,75,75,75,75,75,75,75,75,75,75,75,75,75],"card_choices":[{"not_picked":["Prepared","Deflect"],"picked":"Dagger Throw","floor":1.0},{"not_picked":["Dodge and Roll","Deadly Poison"],"picked":"Poisoned Stab","floor":2.0},{"not_picked":["Grand Finale","Accuracy","Outmaneuver"],"picked":"SKIP","floor":4.0},{"not_picked":["Backstab","Distraction","Flechettes"],"picked":"SKIP","floor":5.0},{"not_picked":["Heel Hook","Well Laid Plans"],"picked":"Acrobatics","floor":6.0},{"not_picked":["Prepared","Acrobatics"],"picked":"Backflip","floor":8.0},{"not_picked":["Quick Slash","Slice","Prepared"],"picked":"SKIP","floor":11.0},{"not_picked":["Eviscerate","Slice","Setup"],"picked":"SKIP","floor":12.0},{"not_picked":["Bane","Terror"],"picked":"Burst","floor":14.0},{"not_picked":["Storm of Steel","A Thousand Cuts"],"picked":"Doppelganger","floor":16},{"not_picked":["Cloak And Dagger","Caltrops"],"picked":"Deadly Poison+1","floor":18},{"not_picked":["Backflip","Flying Knee+1"],"picked":"Bane+1","floor":20},{"not_picked":["Cloak And Dagger","Slice","Accuracy"],"picked":"SKIP","floor":21},{"not_picked":["Deflect","Setup","A Thousand Cuts"],"picked":"SKIP","floor":23}],"player_experience":153934,"relics_obtained":[{"floor":6.0,"key":"Omamori"},{"floor":8.0,"key":"Nunchaku"},{"floor":9.0,"key":"Bag of Marbles"},{"floor":12.0,"key":"TungstenRod"},{"floor":14.0,"key":"Meat on the Bone"},{"floor":23,"key":"Bottled Flame"}],"event_choices":[{"damage_healed":0.0,"max_hp_gain":0.0,"max_hp_loss":0.0,"gold_gain":0.0,"event_name":"WeMeetAgain","player_choice":"Paid Gold","floor":3.0,"gold_loss":81.0,"damage_taken":0.0,"relics_obtained":["Ice Cream"]},{"damage_healed":0.0,"max_hp_gain":0.0,"max_hp_loss":0.0,"gold_gain":100.0,"event_name":"Golden Shrine","player_choice":"Pray","floor":7.0,"gold_loss":0.0,"damage_taken":0.0},{"damage_healed":0,"gold_gain":0,"cards_transformed":["Strike_G","Strike_G"],"player_choice":"Became Test Subject","damage_taken":0,"max_hp_gain":0,"max_hp_loss":0,"event_name":"Drug Dealer","floor":22,"gold_loss":0,"cards_obtained":["Glass Knife","Unload"]}],"is_beta":true,"boss_relics":[{"not_picked":["SlaversCollar","Runic Pyramid"],"picked":"HoveringKite"}],"items_purged_floors":[19],"is_endless":false,"potions_floor_spawned":[2,8,12,14,18],"killed_by":"Book of Stabbing","ascension_level":7}}