{"host":"i9wanet4r0ff4t9y","time":1611921064,"event":{"mods":["2.2 Compatiblity","Act Like it!","BaseMod","Bestiary","Better Altar","Better Match","Better Note","Better Sensory Stone","Better Skull","Better Third Choice","Better Vampires","BetterRewards","CapriCore","Colored Map","Curses Come First","Downfall","Hubris","Minty Spire (QoL Compilation)","Quick Restart","READ ME - Guardian Mod","READ ME - Snecko Mod","Relic Stats","Say the Spire","Spicy Shops","StSLib","The Disciple","The Poker Player","Waifu the Spire"],"gold_per_floor":[117,117,117,133,133,133,133],"floor_reached":6,"language":"POL","playtime":143,"items_purged":[],"score":65,"play_id":"ef0cf3bb-618a-4309-8ea1-1f2dd206eeae","local_time":"20210129125104","is_ascension_mode":true,"campfire_choices":[],"circlet_count":0,"master_deck":["AscendersBane","Strike_R","Strike_R","Strike_R+1","Strike_R","Strike_R","Defend_R","Defend_R","Defend_R+1","Defend_R","Bash","Panache","Fire Breathing","Heavy Blade+1","Combust","Combust","Flame Barrier+1","Armaments","Feel No Pain","Regret","Juggernaut+1"],"relics":["Burning Blood","Lantern","hubris:EmptyBottle","Orrery","War Paint","Whetstone","hubris:Icosahedron","Regal Pillow"],"acts_visited":["Exordium"],"potions_floor_usage":[],"damage_taken":[{"damage":3,"enemies":"Jaw Worm","floor":1,"turns":4},{"damage":0,"enemies":"2 Louse","floor":4,"turns":2},{"damage":66,"enemies":"Gremlin Nob","floor":6,"turns":4}],"seed_played":"-1241281689525431669","potions_obtained":[],"is_trial":false,"path_per_floor":["M","?","?","M","?","E"],"character_chosen":"IRONCLAD","items_purchased":["Panache","Lantern","hubris:EmptyBottle","Orrery","War Paint","Whetstone","Armaments"],"campfire_rested":0,"item_purchase_floors":[0,0,0,0,0,0,0],"current_hp_per_floor":[36,36,36,42,42,0,0],"gold":133,"neow_bonus":"","is_daily":false,"chose_seed":false,"campfire_upgraded":0,"win_rate":0.0,"timestamp":1611921064,"path_taken":["M","?","?","M","?","E"],"items_purchased_type":["Card","Relic","Relic","Relic","Relic","Relic","Card"],"build_version":"2020-12-22","purchased_purges":0,"victory":false,"max_hp_per_floor":[75,75,75,75,75,75,75],"relic_stats":{"Regal Pillow":0,"counters":[3,10],"Whetstone":["Strike_R","Heavy Blade"],"War Paint":["Defend_R","Flame Barrier"],"obtain_stats":[{"Lantern":0,"Regal Pillow":3,"hubris:Icosahedron":2,"Orrery":0,"Whetstone":0,"hubris:EmptyBottle":0,"War Paint":0,"Burning Blood":0},{"Lantern":0,"Regal Pillow":1,"hubris:Icosahedron":1,"Orrery":0,"Whetstone":0,"hubris:EmptyBottle":0,"War Paint":0,"Burning Blood":0},{"Lantern":0,"Regal Pillow":4,"hubris:Icosahedron":4,"Orrery":0,"Whetstone":0,"hubris:EmptyBottle":0,"War Paint":0,"Burning Blood":0}],"Burning Blood":12},"card_choices":[{"not_picked":["Pommel Strike","hubris:SharpeningStone"],"picked":"Fire Breathing","floor":0},{"not_picked":["Iron Wave","Twin Strike"],"picked":"Heavy Blade","floor":0},{"not_picked":["Bloodletting","True Grit"],"picked":"Combust","floor":0},{"not_picked":["Warcry","Fire Breathing"],"picked":"Combust","floor":0},{"not_picked":["Cleave","Body Slam"],"picked":"Flame Barrier","floor":0},{"not_picked":["Twin Strike","Blood for Blood"],"picked":"Feel No Pain","floor":1},{"not_picked":["Armaments","Metallicize"],"picked":"Juggernaut","floor":4}],"player_experience":460849,"relics_obtained":[],"event_choices":[{"damage_healed":0,"gold_gain":0,"player_choice":"Box","damage_taken":0,"relics_obtained":["Regal Pillow"],"max_hp_gain":0,"max_hp_loss":0,"event_name":"Big Fish","floor":3,"gold_loss":0,"cards_obtained":["Regret"]},{"damage_healed":0,"gold_gain":0,"player_choice":"Grow","damage_taken":0,"max_hp_gain":0,"max_hp_loss":0,"event_name":"Living Wall","floor":5,"gold_loss":0,"cards_upgraded":["Juggernaut"]}],"is_beta":false,"boss_relics":[],"items_purged_floors":[],"is_endless":false,"potions_floor_spawned":[],"killed_by":"Gremlin Nob","ascension_level":18}}