{"host":"qdfumeom6htv8yxl","time":1611961883,"event":{"mods":["AchievementEnabler","BaseMod","Bestiary","Block Reminder","Minty Spire (QoL Compilation)","Quick Restart","Relic Stats"],"gold_per_floor":[118,43,43,6,6,6,36,36,36,61,61,211,240,315,315,392,392,404,679,699,649,128,128,147,147,147,147,163,163,190,190,190],"floor_reached":31,"language":"ENG","playtime":679,"items_purged":["Zap","Regret"],"score":680,"play_id":"e1b4899d-bc4c-4a98-8e94-f395bdb99082","local_time":"20210129171123","is_ascension_mode":true,"campfire_choices":[{"data":"FTL","floor":6.0,"key":"SMITH"},{"data":"Melter","floor":8.0,"key":"SMITH"},{"data":"Hologram","floor":15.0,"key":"SMITH"},{"data":"Panache","floor":23.0,"key":"SMITH"},{"data":"Hyperbeam","floor":25.0,"key":"SMITH"},{"floor":27.0,"key":"REST"}],"circlet_count":0,"master_deck":["AscendersBane","Strike_B","Strike_B","Defend_B","Defend_B","Defend_B","FTL+1","Melter+1","Hologram+1","Doubt","Go for the Eyes","Hyperbeam+1","Ball Lightning+1","Sweeping Beam+1","Gash+1","Hologram","Gash","Panache+1","FTL","Scrape","Genetic Algorithm","Machine Learning","RitualDagger","Seek"],"relics":["Cracked Core","NeowsBlessing","Bronze Scales","Du-Vu Doll","Prayer Wheel","Mercury Hourglass","Shuriken","Gremlin Horn","Astrolabe","Bag of Preparation","Bottled Lightning"],"acts_visited":["Exordium","TheCity"],"potions_floor_usage":[31],"damage_taken":[{"damage":0.0,"enemies":"Cultist","floor":1.0,"turns":1.0},{"damage":0.0,"enemies":"Gremlin Nob","floor":7.0,"turns":1.0},{"damage":0.0,"enemies":"Lagavulin","floor":10.0,"turns":1.0},{"damage":0.0,"enemies":"Gremlin Nob","floor":13.0,"turns":2.0},{"damage":38.0,"enemies":"The Guardian","floor":16.0,"turns":11.0},{"damage":1.0,"enemies":"3 Byrds","floor":18.0,"turns":2.0},{"damage":12.0,"enemies":"2 Thieves","floor":20.0,"turns":3.0},{"damage":0.0,"enemies":"Cultist and Chosen","floor":24.0,"turns":2.0},{"damage":7.0,"enemies":"Centurion and Healer","floor":28.0,"turns":3.0},{"damage":43.0,"enemies":"Book of Stabbing","floor":30.0,"turns":4.0},{"damage":0,"enemies":"Snecko","floor":31,"turns":2}],"seed_played":"-5186207877659431471","potions_obtained":[{"floor":1.0,"key":"AttackPotion"},{"floor":7.0,"key":"FearPotion"},{"floor":20.0,"key":"Ancient Potion"},{"floor":30.0,"key":"FocusPotion"}],"is_trial":false,"path_per_floor":["M","$","?","$","?","R","E","R","T","E","T","?","E","?","R","B",null,"M","?","M","?","$","R","M","R","T","R","M","?","E","M"],"character_chosen":"DEFECT","items_purchased":["FTL","Panache","FTL","Scrape","Genetic Algorithm"],"campfire_rested":1,"item_purchase_floors":[4,22,22,22,22],"current_hp_per_floor":[64,64,57,57,52,52,52,52,52,52,52,52,52,41,41,3,54,53,53,41,41,41,41,41,41,41,62,55,49,6,6,6],"gold":190,"neow_bonus":"THREE_ENEMY_KILL","is_daily":false,"chose_seed":false,"campfire_upgraded":5,"win_rate":0.0,"timestamp":1611961883,"path_taken":["M","$","?","$","?","R","E","R","T","E","?","?","E","?","R","BOSS","M","?","?","?","$","R","?","R","T","R","M","?","E","M"],"items_purchased_type":["Card","Card","Card","Card","Card"],"build_version":"2020-12-22","purchased_purges":2,"victory":false,"max_hp_per_floor":[71,71,71,71,71,71,71,71,71,71,71,71,71,71,71,71,71,71,71,71,71,71,71,71,71,71,71,71,71,71,71,71],"relic_stats":{"Gremlin Horn":[5,5],"counters":[11,31],"Shuriken":[18],"Bronze Scales":[106],"Astrolabe":["Ball Lightning","Sweeping Beam","Gash"],"Prayer Wheel":4,"Bag of Preparation":[6],"obtain_stats":[{"Du-Vu Doll":7,"NeowsBlessing":0,"Gremlin Horn":13,"Shuriken":11,"Bronze Scales":5,"Astrolabe":17,"Prayer Wheel":9,"Bag of Preparation":26,"Bottled Lightning":30,"Cracked Core":0,"Mercury Hourglass":10},{"Du-Vu Doll":2,"NeowsBlessing":0,"Gremlin Horn":4,"Shuriken":3,"Bronze Scales":1,"Astrolabe":5,"Prayer Wheel":2,"Bag of Preparation":8,"Bottled Lightning":10,"Cracked Core":0,"Mercury Hourglass":3},{"Du-Vu Doll":2,"NeowsBlessing":0,"Gremlin Horn":5,"Shuriken":3,"Bronze Scales":1,"Astrolabe":16,"Prayer Wheel":2,"Bag of Preparation":22,"Bottled Lightning":29,"Cracked Core":0,"Mercury Hourglass":3}],"Mercury Hourglass":[106]},"card_choices":[{"not_picked":["Aggregate","Turbo","Glacier"],"picked":"SKIP","floor":1.0},{"not_picked":["Barrage","Hello World"],"picked":"Melter","floor":7.0},{"not_picked":["Turbo","Conserve Battery"],"picked":"Hologram","floor":10.0},{"not_picked":["Turbo","Glacier"],"picked":"Go for the Eyes","floor":13.0},{"not_picked":["Core Surge","Buffer"],"picked":"Hyperbeam","floor":16.0},{"not_picked":["Sweeping Beam","Lockon"],"picked":"Hologram","floor":18.0},{"not_picked":["Redo","Rip and Tear"],"picked":"Gash","floor":18.0},{"not_picked":["Glacier","Blizzard","Coolheaded"],"picked":"SKIP","floor":20.0},{"not_picked":["Sweeping Beam","Cold Snap","White Noise+1"],"picked":"SKIP","floor":20.0},{"not_picked":["Compile Driver","Sweeping Beam","Ball Lightning"],"picked":"SKIP","floor":24.0},{"not_picked":["Compile Driver","Conserve Battery","Sweeping Beam"],"picked":"SKIP","floor":24.0},{"not_picked":["Static Discharge","Coolheaded+1"],"picked":"Machine Learning","floor":28.0},{"not_picked":["Steam","Barrage","Streamline"],"picked":"SKIP","floor":28.0},{"not_picked":["Leap","Rainbow"],"picked":"Seek","floor":30.0}],"player_experience":1959108,"relics_obtained":[{"floor":7.0,"key":"Du-Vu Doll"},{"floor":9.0,"key":"Prayer Wheel"},{"floor":10.0,"key":"Mercury Hourglass"},{"floor":11.0,"key":"Shuriken"},{"floor":13.0,"key":"Gremlin Horn"},{"floor":26.0,"key":"Bag of Preparation"},{"floor":30.0,"key":"Bottled Lightning"}],"event_choices":[{"cards_removed":["Dualcast"],"damage_healed":0.0,"max_hp_gain":0.0,"max_hp_loss":0.0,"gold_gain":0.0,"event_name":"Golden Wing","player_choice":"Card Removal","floor":3.0,"gold_loss":0.0,"damage_taken":7.0},{"damage_healed":0.0,"max_hp_gain":0.0,"max_hp_loss":0.0,"gold_gain":0.0,"event_name":"Scrap Ooze","player_choice":"Success","floor":5.0,"gold_loss":0.0,"damage_taken":5.0,"relics_obtained":["Bronze Scales"]},{"damage_healed":0.0,"max_hp_gain":0.0,"max_hp_loss":0.0,"gold_gain":150.0,"event_name":"Liars Game","player_choice":"AGREE","floor":12.0,"gold_loss":0.0,"damage_taken":0.0,"cards_obtained":["Doubt"]},{"damage_healed":0.0,"max_hp_gain":0.0,"max_hp_loss":0.0,"gold_gain":75.0,"event_name":"World of Goop","player_choice":"Gather Gold","floor":14.0,"gold_loss":0.0,"damage_taken":11.0},{"damage_healed":0.0,"max_hp_gain":0.0,"max_hp_loss":0.0,"gold_gain":275.0,"event_name":"Golden Shrine","player_choice":"Desecrate","floor":19.0,"gold_loss":0.0,"damage_taken":0.0,"cards_obtained":["Regret"]},{"damage_healed":0.0,"max_hp_gain":0.0,"max_hp_loss":0.0,"gold_gain":0.0,"event_name":"The Joust","player_choice":"Bet on Murderer","floor":21.0,"gold_loss":50.0,"damage_taken":0.0},{"damage_healed":0.0,"max_hp_gain":0.0,"max_hp_loss":0.0,"gold_gain":0.0,"event_name":"Nest","player_choice":"Joined the Cult","floor":29.0,"gold_loss":0.0,"damage_taken":6.0,"cards_obtained":["RitualDagger"]}],"is_beta":false,"boss_relics":[{"not_picked":["Black Star","Velvet Choker"],"picked":"Astrolabe"}],"items_purged_floors":[2,22],"is_endless":false,"potions_floor_spawned":[1,7,20,30],"killed_by":"Snecko","ascension_level":20}}