{"host":"bx8ylsmj2ob6hd5u","time":1611942173,"event":{"mods":["AchievementEnabler","Act Like it!","Aspiration","BaseMod","Colored Map","Downfall","Duelist Mod","Friendly Minions","Gensokyo","GifTheSpireLib","Hallownest","Hermit","HololiveMod","Hubris","Infinite Spire","Jorbs\u0027s Wanderer Trilogy","KinomotoSakuraMod(????)","Kiyohime????","Koishi","KomeijiMod","Lobotomy","LobotomyExtend","Marisa????????","Minty Spire (QoL Compilation)","Prisma Mod","Rare Cards Sparkle","Reimu??????","Remilia??????","Replay The Spire","StSLib","Td1madao Mod","The Administrix","The Animator","The Bug Knight","The Construct","The Cursed","The Disciple","The Hierophant","The Necromancer","The Poker Player","The Runesmith","The Senshi","The Servant 0.9.4","WarShipGirlsR/????R mod"],"gold_per_floor":[174,174,174,99,99,99,116,25,25,37,37,37,37,48,48,147,147,164,439,425,419,438,438,438,453,453,203,203,215,215,215,215,215,215],"floor_reached":33,"language":"ENG","playtime":4627,"items_purged":["Sickly","Regret"],"score":260,"play_id":"4818ae1a-a841-4bc9-8a79-39ae1c27a23e","local_time":"20210129194253","is_ascension_mode":false,"campfire_choices":[{"data":"ScarletDestiny","floor":15,"key":"SMITH"},{"data":"BloodCoagulation","floor":23,"key":"SMITH"},{"floor":28,"key":"REST"},{"data":"GremboGang","floor":32,"key":"SMITH"}],"circlet_count":0,"master_deck":["Strike_Remiria","Strike_Remiria","Strike_Remiria","Absorbed","Scratch","BloodyMagicSquare","ScarletDestiny+1","ReplayTheSpireMod:Faulty Equipment","hubris:DuctTapeCard","Warpath","Hallownest:skillLeafShield","Hallownest:skillLeafShield","Hallownest:skillLeafShield","Hallownest:skillLeafShield","Hallownest:skillLeafShield","Tearing","BloodCoagulation+1","BathedInBlood","PainBurst","CurseofVladTepes+1","Coercion","BloodCollect","GremboGang+1","BloodCleaner+1"],"relics":["UnsealingCross","LetterFromLob","Ring of Misfortune","ReplayTheSpireMod:Ring of Addiction","Toy Ornithopter","Potion Belt","ReplayTheSpireMod:Shallot","aspiration:ArtOfWarUpgrade","ReplayTheSpireMod:CursedCoin","hubris:DuctTape","Question Card","hubris:64BitClover","Blue Candle","Regal Pillow","infinitespire:EvilPickle"],"acts_visited":["Exordium","TheCity"],"potions_floor_usage":[1,7,10,14,16,16,18,21,29],"damage_taken":[{"damage":0,"enemies":"2_ Uuma","floor":1,"turns":5},{"damage":0,"enemies":"Hallownest:monsterHuskWarrior","floor":7,"turns":4},{"damage":2,"enemies":"Hallownest:2_Tiktiks_and_1_Crawlid","floor":10,"turns":3},{"damage":1,"enemies":"Hallownest:monsterMossCharger","floor":14,"turns":2},{"damage":24,"enemies":"Hallownest:BossHornet","floor":16,"turns":7},{"damage":2,"enemies":"Shell Parasite","floor":18,"turns":5},{"damage":15,"enemies":"2 Thieves","floor":20,"turns":4},{"damage":14,"enemies":"Centurion and Healer","floor":21,"turns":7},{"damage":22,"enemies":"Snake Plant","floor":22,"turns":5},{"damage":1,"enemies":"Snecko","floor":25,"turns":5},{"damage":5,"enemies":"3 Cultists","floor":29,"turns":5}],"seed_played":"-5027486308273095944","potions_obtained":[{"floor":0,"key":"DistilledChaos"},{"floor":0,"key":"SneckoOil"},{"floor":0,"key":"FearPotion"},{"floor":2,"key":"Milkshake"},{"floor":2,"key":"LiquidBronze"},{"floor":2,"key":"Weak Potion"},{"floor":7,"key":"ZuzhouPotion:ReiMu"},{"floor":10,"key":"Milkshake"},{"floor":16,"key":"Fire Potion"},{"floor":18,"key":"LiquidBronze"},{"floor":22,"key":"AttackPotion"},{"floor":25,"key":"sneckomod:MuddlingPotion"}],"is_trial":false,"path_per_floor":["M","?","?","$","?","R","M","$","T","M","M","R","?","M","R","B",null,"M","?","M","M","M","R","AVR","M","T","?","R","M","T","?","R","B"],"character_chosen":"RemiriaScarlet","items_purchased":["ReplayTheSpireMod:CursedCoin","hubris:DuctTape"],"campfire_rested":1,"item_purchase_floors":[8,8],"current_hp_per_floor":[100,100,91,91,81,81,86,86,86,89,89,89,89,94,94,75,96,96,96,81,73,51,51,51,50,50,50,77,77,77,55,55,55,55],"gold":215,"neow_bonus":"THREE_SMALL_POTIONS","is_daily":false,"chose_seed":false,"campfire_upgraded":3,"win_rate":0.0,"timestamp":1611942173,"path_taken":["M","?","?","?","?","R","M","?","T","M","?","R","?","M","R","BOSS","M","?","M","M","M","R","AVR","?","T","?","R","M","?","?","R","BOSS"],"items_purchased_type":["Relic","Relic"],"build_version":"2020-12-22","purchased_purges":2,"victory":false,"max_hp_per_floor":[100,100,100,100,100,98,98,98,98,98,98,98,98,96,96,96,96,96,96,96,96,96,96,96,94,94,94,92,92,92,92,92,90,90],"card_choices":[{"not_picked":["DoubleEdge","DemonsDinnerFork_Remiria"],"picked":"BloodyMagicSquare","floor":1},{"not_picked":["LifeBreak","ServantFlier"],"picked":"ScarletDestiny","floor":7},{"not_picked":["DoubleEdge","BloodPact","LifeBreak"],"picked":"Warpath","floor":10},{"not_picked":["LifeBreak","DemonsDinnerFork_Remiria","FateCollect"],"picked":"Tearing","floor":14},{"not_picked":["ScarletDestiny","FateConcerto","Septette"],"picked":"BloodCoagulation","floor":16},{"not_picked":["ServantFlier+1","RocketKickup","Feint+1"],"picked":"BathedInBlood","floor":18},{"not_picked":["TricksterDevil","BloodCleaner","RocketKickup"],"picked":"PainBurst","floor":20},{"not_picked":["TricksterDevil","Offensive+1","ChainGang"],"picked":"CurseofVladTepes+1","floor":21},{"not_picked":["DemonsDinnerFork_Remiria","Warpath","ServantFlier"],"picked":"Coercion","floor":22},{"not_picked":["StigmaNizer","BloodCleaner","Warpath"],"picked":"BloodCollect","floor":25},{"not_picked":["Warpath+1","BodyStrengthen","FierceSweep+1"],"picked":"BloodCleaner+1","floor":29},{"not_picked":["Replay:Fractal Strike","ReplayTheSpireMod:Chaos Vortex"],"picked":"infinitespire:SealOfDarkness+","floor":31}],"player_experience":1503272,"relics_obtained":[{"floor":1,"key":"LetterFromLob"},{"floor":2,"key":"Ring of Misfortune"},{"floor":2,"key":"ReplayTheSpireMod:Ring of Addiction"},{"floor":2,"key":"Toy Ornithopter"},{"floor":2,"key":"Potion Belt"},{"floor":9,"key":"Question Card"},{"floor":26,"key":"Blue Candle"},{"floor":30,"key":"Regal Pillow"}],"event_choices":[{"damage_healed":0,"gold_gain":275,"player_choice":"Desecrate","damage_taken":0,"max_hp_gain":0,"max_hp_loss":0,"event_name":"Golden Shrine","floor":19,"gold_loss":0,"cards_obtained":["Regret"]}],"is_beta":false,"boss_relics":[{"not_picked":["Hololive_Finger","Pandora\u0027s Box"],"picked":"UnsealingCross"}],"items_purged_floors":[4,24],"is_endless":false,"potions_floor_spawned":[7,10,16,18,22,25],"killed_by":"Pondfish","ascension_level":0}}