{"host":"Arthrogeddon","time":1611960746,"event":{"mods":["BaseMod","Beaked The Cultist","ChefMod","Downfall","Glutton Mod","Hermit","Highlight Path","Infinite Spire","Mad Scientist","Minty Spire (QoL Compilation)","StSLib","The Construct","The Cursed","The Disciple","The Hierophant","The Marked","The Mystic","The Necromancer","The Runesmith","The Witch"],"gold_per_floor":[114,125,125,145,161,161,191,210,280,300,75,101,101,101,101,203,203,219,239,253,352,370,370,380,398,398,433,128,153,171,96,96,198,198,212,212,16,16,32,32,63,63,89,100,117,117,129,139,139,139],"floor_reached":51,"language":"ENG","playtime":6641,"items_purged":["Strike_G","Strike_G","Defend_G"],"score":813,"play_id":"16ccdc7a-94a0-41a6-bf88-08ad88733ef9","local_time":"20210129235226","is_ascension_mode":false,"campfire_choices":[{"data":"Footwork","floor":6.0,"key":"SMITH"},{"data":"Deadly Poison","floor":13.0,"key":"SMITH"},{"floor":15.0,"key":"REST"},{"data":"Deadly Poison","floor":23.0,"key":"SMITH"},{"floor":32.0,"key":"REST"},{"data":"DevaForm","floor":40.0,"key":"SMITH"},{"data":"Noxious Fumes","floor":42.0,"key":"SMITH"},{"data":"Neutralize","floor":46.0,"key":"SMITH"},{"floor":49.0,"key":"REST"}],"circlet_count":0,"master_deck":["Strike_G","Strike_G","Defend_G","Defend_G","Defend_G","Survivor","Neutralize+1","Deadly Poison+1","Deflect","Footwork+1","Backflip","Blur","Sucker Punch","Footwork+1","Deadly Poison+1","Flying Knee","Flying Knee+1","Dodge and Roll+1","Blur","Deadly Poison","Envenom","DevaForm+1","Dodge and Roll","Noxious Fumes+1"],"relics":["Ring of the Snake","infinitespire:Beetle Shell","construct:FoamFinger","Nunchaku","Tingsha","SlaversCollar","infinitespire:Eraser","Red Mask","Ancient Tea Set","MealTicket","beaked:SacredDeck","Blood Vial","Potion Belt"],"acts_visited":["Exordium","TheCity","TheBeyond"],"potions_floor_usage":[50,50,50,50],"damage_taken":[{"damage":0.0,"enemies":"Small Slimes","floor":1.0,"turns":4.0},{"damage":0.0,"enemies":"Cultist","floor":2.0,"turns":4.0},{"damage":0.0,"enemies":"2 Louse","floor":4.0,"turns":4.0},{"damage":0.0,"enemies":"Exordium Wildlife","floor":5.0,"turns":3.0},{"damage":27.0,"enemies":"Gremlin Nob","floor":7.0,"turns":6.0},{"damage":0.0,"enemies":"Large Slime","floor":8.0,"turns":15.0},{"damage":0.0,"enemies":"Blue Slaver","floor":10.0,"turns":5.0},{"damage":0.0,"enemies":"3 Sentries","floor":12.0,"turns":13.0},{"damage":8.0,"enemies":"Hexaghost","floor":16.0,"turns":12.0},{"damage":9.0,"enemies":"3 Byrds","floor":18.0,"turns":9.0},{"damage":4.0,"enemies":"Spheric Guardian","floor":19.0,"turns":9.0},{"damage":1.0,"enemies":"Centurion and Healer","floor":20.0,"turns":12.0},{"damage":3.0,"enemies":"Snake Plant","floor":22.0,"turns":5.0},{"damage":0.0,"enemies":"Snecko","floor":24.0,"turns":5.0},{"damage":14.0,"enemies":"Cultist and Chosen","floor":25.0,"turns":8.0},{"damage":29.0,"enemies":"Masked Bandits","floor":27.0,"turns":8.0},{"damage":0.0,"enemies":"Slavers","floor":29.0,"turns":7.0},{"damage":2.0,"enemies":"Chosen and Byrds","floor":30.0,"turns":10.0},{"damage":0.0,"enemies":"Automaton","floor":33.0,"turns":12.0},{"damage":23.0,"enemies":"3 Shapes","floor":35.0,"turns":6.0},{"damage":17.0,"enemies":"Orb Walker","floor":39.0,"turns":7.0},{"damage":0.0,"enemies":"beaked:SuperParasite","floor":41.0,"turns":10.0},{"damage":13.0,"enemies":"Jaw Worm Horde","floor":44.0,"turns":6.0},{"damage":5.0,"enemies":"Writhing Mass","floor":45.0,"turns":8.0},{"damage":24.0,"enemies":"4 Shapes","floor":47.0,"turns":7.0},{"damage":30.0,"enemies":"Spire Growth","floor":48.0,"turns":5.0},{"damage":27,"enemies":"Donu and Deca","floor":50,"turns":11}],"seed_played":"313826044720259175","potions_obtained":[{"floor":3.0,"key":"SmokeBomb"},{"floor":3.0,"key":"Explosive Potion"},{"floor":3.0,"key":"SneckoOil"},{"floor":4.0,"key":"DuplicationPotion"},{"floor":5.0,"key":"Fire Potion"},{"floor":10.0,"key":"sneckomod:MuddlingPotion"},{"floor":16.0,"key":"SteroidPotion"},{"floor":22.0,"key":"hexamod:SoulburnPotion"},{"floor":24.0,"key":"SkillPotion"},{"floor":25.0,"key":"hexamod:SoulburnPotion"},{"floor":27.0,"key":"Dexterity Potion"},{"floor":29.0,"key":"Explosive Potion"},{"floor":35.0,"key":"PowerPotion"},{"floor":39.0,"key":"ColorlessPotion"},{"floor":41.0,"key":"EntropicBrew"},{"floor":44.0,"key":"SkillPotion"}],"is_trial":false,"path_per_floor":["M","M","?","M","M","R","E","M","T","M","$","E","R","?","R","B",null,"M","M","M","?","M","R","M","M","T","?","$","E","M","?","R","B",null,"M","?","$","?","M","R","E","R","T","M","M","R","M","M","R","B",null],"character_chosen":"THE_SILENT","items_purchased":["Nunchaku","Deadly Poison","Ancient Tea Set","Noxious Fumes"],"campfire_rested":3,"item_purchase_floors":[11,28,28,37],"current_hp_per_floor":[77,77,77,77,77,77,50,50,50,50,50,50,50,43,66,58,77,68,64,63,63,60,60,60,46,46,17,17,17,15,15,38,38,77,54,54,69,87,70,70,70,70,70,59,56,56,34,6,32,7],"gold":139,"neow_bonus":"TEN_PERCENT_HP_BONUS","is_daily":false,"chose_seed":false,"campfire_upgraded":6,"win_rate":0.0,"timestamp":1611960746,"path_taken":["M","M","?","M","M","R","E","?","T","M","$","E","R","?","R","BOSS","M","M","M","?","M","R","M","M","T","?","$","E","M","?","R","BOSS","M","?","$","?","M","R","E","R","T","M","M","R","M","?","R","BOSS"],"items_purchased_type":["Relic","Card","Relic","Card"],"build_version":"2020-11-17","purchased_purges":3,"victory":true,"max_hp_per_floor":[77,77,77,77,77,77,77,77,77,77,77,77,77,77,77,77,77,77,77,77,77,77,77,77,77,77,77,77,77,77,77,77,77,77,77,77,77,87,87,87,87,87,87,87,87,87,87,87,87,87],"card_choices":[{"not_picked":["Bouncing Flask","Skewer"],"picked":"Deadly Poison","floor":1.0},{"not_picked":["Deadly Poison","Leg Sweep"],"picked":"Deflect","floor":2.0},{"not_picked":["Deadly Poison","Quick Slash"],"picked":"Footwork","floor":4.0},{"not_picked":["Prepared","Deadly Poison"],"picked":"Backflip","floor":5.0},{"not_picked":["Predator","Well Laid Plans"],"picked":"Blur","floor":7.0},{"not_picked":["Dash","A Thousand Cuts"],"picked":"Sucker Punch","floor":8.0},{"not_picked":["Expertise","Dagger Spray","PiercingWail"],"picked":"SKIP","floor":10.0},{"not_picked":["Flechettes","Blade Dance","Infinite Blades"],"picked":"SKIP","floor":12.0},{"not_picked":["Unload","Phantasmal Killer"],"picked":"Envenom","floor":16.0},{"not_picked":["Quick Slash+1","Skewer+1"],"picked":"Footwork+1","floor":18.0},{"not_picked":["Underhanded Strike","Choke","Dagger Spray+1"],"picked":"SKIP","floor":19.0},{"not_picked":["Dagger Throw","Caltrops+1"],"picked":"Deadly Poison","floor":20.0},{"not_picked":["Blur","Glass Knife"],"picked":"Flying Knee","floor":22.0},{"not_picked":["Dagger Throw","Sucker Punch"],"picked":"Flying Knee+1","floor":24.0},{"not_picked":["Crippling Poison","Dagger Throw"],"picked":"Dodge and Roll+1","floor":25.0},{"not_picked":["Escape Plan","Expertise"],"picked":"Blur","floor":27.0},{"not_picked":["Distraction+1","Prepared+1","Leg Sweep"],"picked":"SKIP","floor":29.0},{"not_picked":["PiercingWail+1","Dagger Throw","Flying Knee+1"],"picked":"SKIP","floor":30.0},{"not_picked":["Phantasmal Killer","A Thousand Cuts"],"picked":"Envenom","floor":33.0},{"not_picked":["Infinite Blades+1","Deflect"],"picked":"Dodge and Roll","floor":35.0},{"not_picked":["Deadly Poison","Predator","Acrobatics"],"picked":"SKIP","floor":39.0},{"not_picked":["Prepared+1","Dodge and Roll","Dash"],"picked":"SKIP","floor":41.0},{"not_picked":["Tools of the Trade","Dagger Spray","Leg Sweep+1"],"picked":"SKIP","floor":44.0},{"not_picked":["Expertise+1","Riddle With Holes+1","Eviscerate+1"],"picked":"SKIP","floor":45.0},{"not_picked":["Terror","Backstab","Masterful Stab"],"picked":"SKIP","floor":47.0},{"not_picked":["Finisher","Dagger Spray","All Out Attack+1"],"picked":"SKIP","floor":48.0}],"player_experience":24642,"relics_obtained":[{"floor":7.0,"key":"infinitespire:Beetle Shell"},{"floor":9.0,"key":"construct:FoamFinger"},{"floor":12.0,"key":"Tingsha"},{"floor":26.0,"key":"infinitespire:Eraser"},{"floor":27.0,"key":"Red Mask"},{"floor":29.0,"key":"MealTicket"},{"floor":41.0,"key":"Blood Vial"},{"floor":43.0,"key":"Potion Belt"}],"event_choices":[{"damage_healed":0.0,"max_hp_gain":0.0,"max_hp_loss":0.0,"gold_gain":0.0,"event_name":"Lab","player_choice":"Got Potions","floor":3.0,"gold_loss":0.0,"damage_taken":0.0},{"cards_removed":["Defend_G"],"damage_healed":0.0,"max_hp_gain":0.0,"max_hp_loss":0.0,"gold_gain":0.0,"event_name":"Golden Wing","player_choice":"Card Removal","floor":14.0,"gold_loss":0.0,"damage_taken":7.0},{"damage_healed":0.0,"max_hp_gain":0.0,"max_hp_loss":0.0,"gold_gain":99.0,"event_name":"Nest","player_choice":"Stole From Cult","floor":21.0,"gold_loss":0.0,"damage_taken":0.0},{"damage_healed":0.0,"max_hp_gain":0.0,"max_hp_loss":0.0,"gold_gain":0.0,"event_name":"Masked Bandits","player_choice":"Fought Bandits","floor":27.0,"gold_loss":0.0,"damage_taken":0.0},{"cards_removed":["Strike_G"],"damage_healed":0.0,"max_hp_gain":0.0,"max_hp_loss":0.0,"gold_gain":0.0,"event_name":"Beggar","player_choice":"Gave Gold","floor":31.0,"gold_loss":75.0,"damage_taken":0.0},{"damage_healed":0.0,"max_hp_gain":0.0,"max_hp_loss":0.0,"gold_gain":0.0,"event_name":"Mysterious Sphere","player_choice":"Ignored","floor":36.0,"gold_loss":0.0,"damage_taken":0.0},{"cards_removed":["Envenom"],"damage_healed":8.0,"max_hp_gain":10.0,"max_hp_loss":0.0,"gold_gain":0.0,"event_name":"Bonfire Elementals","player_choice":"Offered Rare","floor":38.0,"gold_loss":0.0,"damage_taken":0.0}],"is_beta":true,"boss_relics":[{"not_picked":["HoveringKite","Runic Dome"],"picked":"SlaversCollar"},{"not_picked":["Cursed Key","Busted Crown"],"picked":"beaked:SacredDeck"}],"items_purged_floors":[11,28,37],"is_endless":false,"potions_floor_spawned":[4,5,10,16,22,24,25,27,29,35,39,41,44],"ascension_level":0}}