{"host":"gobyjzz6xbwq9f9i","time":1611887208,"event":{"mods":["AchievementEnabler","BaseMod","Bestiary","Colored Map","Minty Spire (QoL Compilation)","Relic Stats"],"gold_per_floor":[110,123,123,139,164,164,189,189,189,189,189,230,253,288,288,412,412,432,451,451,14,0,0,31,31,102,143,69,82,82,107,107,227,227,250,274,290,215,215,254,5,43,43,43,143,143,163,182,182,182],"floor_reached":51,"language":"ENG","playtime":2754,"items_purged":["Strike_B"],"score":1120,"play_id":"b70f0da6-74ff-42c7-8616-3476dbe0976b","local_time":"20210128182648","is_ascension_mode":true,"campfire_choices":[{"data":"Electrodynamics","floor":6,"key":"SMITH"},{"data":"Compile Driver","floor":8,"key":"SMITH"},{"data":"Stack","floor":10,"key":"SMITH"},{"floor":15,"key":"REST"},{"data":"Fission","floor":23,"key":"SMITH"},{"data":"Creative AI","floor":25,"key":"SMITH"},{"data":"Capacitor","floor":30,"key":"SMITH"},{"data":"Rainbow","floor":32,"key":"SMITH"},{"data":"Biased Cognition","floor":44,"key":"SMITH"},{"data":"Steam Power","floor":46,"key":"SMITH"},{"data":"Heatsinks","floor":49,"key":"SMITH"}],"circlet_count":0,"master_deck":["AscendersBane","Strike_B","Strike_B","Strike_B","Defend_B+1","Defend_B","Defend_B","Defend_B","Zap","Dualcast","Chill","Ball Lightning","Stack+1","Electrodynamics+1","Compile Driver+1","Steam+1","Capacitor+1","Fission+1","Redo+1","Self Repair+1","Rainbow+1","Barrage","Creative AI+1","Heatsinks+1","Turbo","Cold Snap","Biased Cognition+1","Hologram","Go for the Eyes+1","Steam Power+1","Core Surge","Steam Power+1","Capacitor+1"],"relics":["Cracked Core","Pocketwatch","Golden Idol","Strawberry","Centennial Puzzle","Sundial","Happy Flower","Coffee Dripper","War Paint","ClockworkSouvenir","Regal Pillow","Bottled Tornado","MealTicket","Nuclear Battery","White Beast Statue","Singing Bowl","Shuriken","HornCleat"],"acts_visited":["Exordium","TheCity","TheBeyond"],"potions_floor_usage":[12,12,27,50,50],"damage_taken":[{"damage":8,"enemies":"2 Louse","floor":1,"turns":2},{"damage":2,"enemies":"Jaw Worm","floor":2,"turns":3},{"damage":1,"enemies":"Small Slimes","floor":4,"turns":3},{"damage":0,"enemies":"2 Fungi Beasts","floor":5,"turns":4},{"damage":4,"enemies":"Exordium Wildlife","floor":7,"turns":4},{"damage":13,"enemies":"Lagavulin","floor":12,"turns":4},{"damage":1,"enemies":"Looter","floor":13,"turns":3},{"damage":10,"enemies":"3 Sentries","floor":14,"turns":3},{"damage":14,"enemies":"The Guardian","floor":16,"turns":10},{"damage":0,"enemies":"Spheric Guardian","floor":18,"turns":3},{"damage":8,"enemies":"3 Byrds","floor":19,"turns":2},{"damage":31,"enemies":"Gremlin Leader","floor":24,"turns":5},{"damage":0,"enemies":"Slavers","floor":27,"turns":3},{"damage":5,"enemies":"Centurion and Healer","floor":29,"turns":5},{"damage":0,"enemies":"3 Cultists","floor":31,"turns":2},{"damage":52,"enemies":"Collector","floor":33,"turns":6},{"damage":0,"enemies":"3 Darklings","floor":35,"turns":2},{"damage":11,"enemies":"3 Shapes","floor":36,"turns":3},{"damage":18,"enemies":"Maw","floor":37,"turns":7},{"damage":15,"enemies":"Giant Head","floor":40,"turns":8},{"damage":37,"enemies":"Reptomancer","floor":42,"turns":6},{"damage":5,"enemies":"Spire Growth","floor":47,"turns":4},{"damage":11,"enemies":"3 Darklings","floor":48,"turns":3},{"damage":24,"enemies":"Time Eater","floor":50,"turns":8}],"seed_played":"-8437674010353790323","potions_obtained":[{"floor":4,"key":"Regen Potion"},{"floor":5,"key":"Block Potion"},{"floor":13,"key":"GamblersBrew"},{"floor":19,"key":"Swift Potion"},{"floor":24,"key":"SmokeBomb"},{"floor":37,"key":"LiquidMemories"},{"floor":42,"key":"Explosive Potion"},{"floor":47,"key":"EssenceOfSteel"},{"floor":48,"key":"Dexterity Potion"}],"is_trial":false,"path_per_floor":["M","M","?","M","M","R","M","R","T","R","?","E","M","E","R","B",null,"M","M","?","$","?","R","E","R","T","E","$","M","R","M","R","B",null,"M","M","M","$","?","E","$","E","T","R","?","R","M","M","R","B",null],"character_chosen":"DEFECT","items_purchased":["War Paint","ClockworkSouvenir","Rainbow","Barrage","Heatsinks","Singing Bowl"],"campfire_rested":1,"item_purchase_floors":[21,21,21,21,28,41],"current_hp_per_floor":[60,58,41,40,40,40,36,36,43,43,18,17,16,6,28,14,60,60,52,52,52,52,52,31,31,31,41,56,61,61,71,71,29,64,64,63,55,70,70,65,71,44,44,44,44,44,49,48,48,34],"gold":182,"neow_bonus":"ONE_RARE_RELIC","is_daily":false,"chose_seed":false,"campfire_upgraded":10,"win_rate":0.0,"timestamp":1611887208,"path_taken":["M","M","?","M","M","R","M","R","T","R","?","E","M","E","R","BOSS","M","M","?","$","?","R","E","R","T","E","?","M","R","M","R","BOSS","M","M","M","$","?","E","$","E","T","R","?","R","?","M","R","BOSS"],"items_purchased_type":["Relic","Relic","Card","Card","Card","Relic"],"build_version":"2020-12-22","purchased_purges":1,"victory":true,"max_hp_per_floor":[68,68,68,68,68,68,68,68,75,75,75,75,75,75,75,75,75,75,75,75,75,75,75,75,75,75,75,75,75,75,75,75,75,75,75,75,75,75,71,71,71,71,71,71,71,71,71,71,71,71],"relic_stats":{"Centennial Puzzle":[45],"Regal Pillow":0,"Happy Flower":[25],"Singing Bowl":0,"counters":[24,102],"Golden Idol":174,"Sundial":[12],"Shuriken":[3],"MealTicket":36,"War Paint":["Defend_B","Steam"],"obtain_stats":[{"Regal Pillow":24,"Happy Flower":14,"Singing Bowl":41,"Golden Idol":3,"War Paint":21,"Bottled Tornado":26,"White Beast Statue":40,"ClockworkSouvenir":21,"Nuclear Battery":34,"Centennial Puzzle":11,"HornCleat":43,"Sundial":12,"Shuriken":42,"Strawberry":9,"MealTicket":27,"Coffee Dripper":17,"Cracked Core":0,"Pocketwatch":0},{"Regal Pillow":12,"Happy Flower":8,"Singing Bowl":20,"Golden Idol":2,"War Paint":11,"Bottled Tornado":12,"White Beast Statue":20,"ClockworkSouvenir":11,"Nuclear Battery":16,"Centennial Puzzle":5,"HornCleat":21,"Sundial":6,"Shuriken":21,"Strawberry":5,"MealTicket":13,"Coffee Dripper":9,"Cracked Core":0,"Pocketwatch":0},{"Regal Pillow":46,"Happy Flower":26,"Singing Bowl":81,"Golden Idol":5,"War Paint":41,"Bottled Tornado":46,"White Beast Statue":81,"ClockworkSouvenir":41,"Nuclear Battery":62,"Centennial Puzzle":16,"HornCleat":87,"Sundial":20,"Shuriken":87,"Strawberry":16,"MealTicket":49,"Coffee Dripper":36,"Cracked Core":0,"Pocketwatch":0}],"Pocketwatch":[76]},"card_choices":[{"not_picked":["Stack","Streamline"],"picked":"Chill","floor":1},{"not_picked":["Undo","Hologram"],"picked":"Ball Lightning","floor":2},{"not_picked":["Recycle","Fusion"],"picked":"Stack","floor":4},{"not_picked":["Double Energy","Ball Lightning"],"picked":"Electrodynamics","floor":5},{"not_picked":["Heatsinks","Redo"],"picked":"Compile Driver","floor":7},{"not_picked":["Rainbow","Stack","Streamline"],"picked":"SKIP","floor":12},{"not_picked":["Go for the Eyes","Conserve Battery"],"picked":"Steam","floor":13},{"not_picked":["Steam","Turbo"],"picked":"Capacitor","floor":14},{"not_picked":["Amplify","Machine Learning"],"picked":"Fission","floor":16},{"not_picked":["Conserve Battery","Turbo"],"picked":"Redo+1","floor":18},{"not_picked":["Beam Cell+1","Conserve Battery"],"picked":"Self Repair+1","floor":19},{"not_picked":["Hello World","Steam"],"picked":"Creative AI","floor":24},{"not_picked":["Barrage","Leap","Hello World+1"],"picked":"SKIP","floor":27},{"not_picked":["Steam","Compile Driver"],"picked":"Turbo","floor":29},{"not_picked":["Conserve Battery","Leap"],"picked":"Cold Snap","floor":31},{"not_picked":["Electrodynamics","Machine Learning"],"picked":"Biased Cognition","floor":33},{"not_picked":["Leap+1","Stack"],"picked":"Hologram","floor":35},{"not_picked":["Force Field","Scrape","Heatsinks"],"picked":"SKIP","floor":36},{"not_picked":["Steam","Recycle+1"],"picked":"Go for the Eyes+1","floor":37},{"not_picked":["Steam","White Noise"],"picked":"Steam Power","floor":40},{"not_picked":["Hello World","White Noise+1"],"picked":"Core Surge","floor":42},{"not_picked":["Static Discharge+1","Auto Shields+1"],"picked":"Steam Power+1","floor":47},{"not_picked":["Conserve Battery+1","Streamline"],"picked":"Capacitor+1","floor":48}],"player_experience":1192501,"relics_obtained":[{"floor":9,"key":"Strawberry"},{"floor":12,"key":"Sundial"},{"floor":14,"key":"Happy Flower"},{"floor":24,"key":"Regal Pillow"},{"floor":26,"key":"Bottled Tornado"},{"floor":27,"key":"MealTicket"},{"floor":40,"key":"White Beast Statue"},{"floor":42,"key":"Shuriken"},{"floor":43,"key":"HornCleat"}],"event_choices":[{"damage_healed":0,"gold_gain":0,"player_choice":"Take Damage","damage_taken":17,"relics_obtained":["Golden Idol"],"max_hp_gain":0,"max_hp_loss":0,"event_name":"Golden Idol","floor":3,"gold_loss":0},{"damage_healed":0,"gold_gain":0,"player_choice":"Success","damage_taken":25,"relics_obtained":["Centennial Puzzle"],"max_hp_gain":0,"max_hp_loss":0,"event_name":"Scrap Ooze","floor":11,"gold_loss":0},{"damage_healed":0,"gold_gain":0,"player_choice":"Ignored","damage_taken":0,"max_hp_gain":0,"max_hp_loss":0,"event_name":"Vampires","floor":20,"gold_loss":0},{"damage_healed":0,"gold_gain":0,"player_choice":"Paid Fearfully","damage_taken":0,"max_hp_gain":0,"max_hp_loss":0,"event_name":"Masked Bandits","floor":22,"gold_loss":14},{"damage_healed":0,"gold_gain":0,"player_choice":"Max HP","damage_taken":0,"max_hp_gain":0,"max_hp_loss":4,"event_name":"Winding Halls","floor":39,"gold_loss":0},{"damage_healed":0,"gold_gain":100,"player_choice":"Pray","damage_taken":0,"max_hp_gain":0,"max_hp_loss":0,"event_name":"Golden Shrine","floor":45,"gold_loss":0}],"is_beta":false,"boss_relics":[{"not_picked":["Snecko Eye","Tiny House"],"picked":"Coffee Dripper"},{"not_picked":["Calling Bell","Astrolabe"],"picked":"Nuclear Battery"}],"items_purged_floors":[38],"is_endless":false,"potions_floor_spawned":[4,5,13,19,24,37,40,42,47,48],"ascension_level":10}}