{"host":"u0qetpmu4y58k1tf","time":1611928903,"event":{"mods":["AchievementEnabler","BaseMod","Colored Map","Colored Powertips","Hermit","Marisa£¨Ùöéë¡¡Øª×âÞÞ£©","Minty Spire (QoL Compilation)","Replay The Spire","StSLib","SuperFastMode","The Bug Knight","The Cursed","The Hierophant","The Runesmith"],"gold_per_floor":[112,126,126,140,151,178,191,191,214,214,214],"floor_reached":10,"language":"KOR","playtime":255,"items_purged":[],"score":81,"play_id":"aa12b351-9b1f-4463-8c97-a09efccb0165","local_time":"20210129230143","is_ascension_mode":true,"campfire_choices":[],"circlet_count":0,"master_deck":["Strike_R","Strike_R","Strike_R","Strike_R","Strike_R+1","Defend_R","Defend_R+1","Defend_R","Defend_R","Bash","Havoc+1","Clash","Iron Wave","Feel No Pain","ReplayTheSpireMod:Muscle Training"],"relics":["Sozu","Happy Flower"],"acts_visited":["Exordium"],"potions_floor_usage":[],"damage_taken":[{"damage":0,"enemies":"2 Louse","floor":1,"turns":3},{"damage":1,"enemies":"Cultist","floor":2,"turns":3},{"damage":7,"enemies":"Jaw Worm","floor":4,"turns":3},{"damage":3,"enemies":"Blue Slaver","floor":5,"turns":3},{"damage":25,"enemies":"Gremlin Nob","floor":6,"turns":4},{"damage":13,"enemies":"Large Slime","floor":7,"turns":5},{"damage":16,"enemies":"Lagavulin","floor":10,"turns":3}],"seed_played":"5405598330956373553","potions_obtained":[],"is_trial":false,"path_per_floor":["M","M","?","M","M","E","M","?","T","E"],"character_chosen":"IRONCLAD","items_purchased":[],"campfire_rested":0,"item_purchase_floors":[],"current_hp_per_floor":[80,79,79,72,69,44,31,15,15,0,0],"gold":214,"neow_bonus":"BOSS_RELIC","is_daily":false,"chose_seed":false,"campfire_upgraded":0,"win_rate":0.0,"timestamp":1611928903,"path_taken":["M","M","?","?","M","E","M","?","T","E"],"items_purchased_type":[],"build_version":"2020-12-22","purchased_purges":0,"victory":false,"max_hp_per_floor":[80,80,80,80,80,80,80,80,80,80,80],"card_choices":[{"not_picked":["Rage","Wild Strike"],"picked":"Havoc","floor":1},{"not_picked":["Sword Boomerang","Whirlwind"],"picked":"Clash","floor":2},{"not_picked":["Shrug It Off","Sever Soul"],"picked":"Iron Wave","floor":4},{"not_picked":["Armaments","Cleave","Dropkick"],"picked":"SKIP","floor":5},{"not_picked":["Spot Weakness","Heavy Blade"],"picked":"Feel No Pain","floor":6},{"not_picked":["True Grit","Sword Boomerang"],"picked":"ReplayTheSpireMod:Muscle Training","floor":7}],"player_experience":61703,"relics_obtained":[{"floor":6,"key":"Happy Flower"}],"event_choices":[{"damage_healed":0,"gold_gain":0,"player_choice":"Upgraded","damage_taken":0,"max_hp_gain":0,"max_hp_loss":0,"event_name":"Upgrade Shrine","floor":3,"gold_loss":0,"cards_upgraded":["Havoc"]},{"damage_healed":0,"gold_gain":0,"player_choice":"Entered Light","damage_taken":16,"max_hp_gain":0,"max_hp_loss":0,"event_name":"Shining Light","floor":8,"gold_loss":0,"cards_upgraded":["Strike_R","Defend_R"]}],"is_beta":false,"boss_relics":[],"items_purged_floors":[],"is_endless":false,"potions_floor_spawned":[1,2,6],"killed_by":"Lagavulin","ascension_level":3}}