{"host":"62ml2u9p5u2np5kb","time":1611934127,"event":{"mods":["BaseMod","Colored Map","Minty Spire (QoL Compilation)","Quick Restart","StSLib","Waifu the Spire","WarShipGirlsR/战舰少女R mod","[功能]功能增强和修复MOD","noobMod"],"gold_per_floor":[114,114,131,4,22,22,22,22,93,93,93,93,126,138,138,233,233,243,90,104,203,41,41,51,51,74,74,101,101,118,13,13,113,113,127,146,136,136,3,3,3,31,31,45,21,38,52,68,68,68,68,68,20,51,51],"floor_reached":56,"language":"ZHS","playtime":2988,"items_purged":["Regret","Writhe"],"score":1341,"play_id":"924d8648-82b6-4183-8775-c7741cdf621c","local_time":"20210129232847","is_ascension_mode":true,"campfire_choices":[{"data":"rmod:salvage","floor":6,"key":"SMITH"},{"floor":8,"key":"RECALL"},{"data":"rmod:generalist","floor":12,"key":"SMITH"},{"data":"rmod:victimresponsibility","floor":15,"key":"SMITH"},{"data":"rmod:desperatesituation","floor":23,"key":"SMITH"},{"data":"rmod:seals","floor":25,"key":"SMITH"},{"data":"rmod:robin","floor":27,"key":"SMITH"},{"data":"rmod:advancebysurprise","floor":29,"key":"SMITH"},{"data":"rmod:mineteam","floor":32,"key":"SMITH"},{"data":"rmod:saltedfish","floor":40,"key":"SMITH"},{"data":"rmod:advancebysurprise","floor":49,"key":"SMITH"},{"data":"rmod:supportaircraftcarrier","floor":52,"key":"SMITH"}],"circlet_count":0,"master_deck":["rmod:basicallowance","rmod:maingunfire","rmod:wife+1","rmod:victimresponsibility+1","rmod:generalist+1","rmod:aluminumsupply","rmod:salvage+1","rmod:fletcherpendant","rmod:overbreakdown","rmod:fletcher+1","rmod:generalist+1","rmod:seals+1","rmod:intelligenceanalysis+1","rmod:advancebysurprise+1","rmod:robin+1","rmod:rockthrower","rmod:desperatesituation+1","rmod:diamondstrike","rmod:smokecover+1","rmod:mineteam+1","rmod:fuelsupply","rmod:saltedfish+1","rmod:lastglory","rmod:smokecover","rmod:highspeedshooting","rmod:advancebysurprise","rmod:advancebysurprise+1","rmod:concentratefire","rmod:fuelsupply","rmod:launchingtorpedo","rmod:expedition","rmod:fletcherpendant","rmod:aluminumsupply+1","rmod:goodsister","rmod:firesupport","rmod:fletcherpendant","rmod:supportaircraftcarrier+1","rmod:diamondstrike+1","rmod:aviationdawn","rmod:intelligenceanalysis+1","rmod:concentratefire+1","rmod:heivgo+1","rmod:fletcherpendant+1","rmod:aviationdawn","rmod:generalist+1"],"relics":["rmod:firstchargereward","ice","NeowsBlessing","Pen Nib","Oddly Smooth Stone","SlaversCollar","Whetstone","Blood Vial","Pandora\u0027s Box","Juzu Bracelet","Molten Egg 2","Letter Opener"],"acts_visited":["Exordium","TheCity","TheBeyond","TheEnding"],"potions_floor_usage":[11,13,14,14,16,16,18,20,24,28,28,28,33,33,35,36,42,42,44,47,48,48,48,50,55],"damage_taken":[{"damage":0,"enemies":"2 Louse","floor":1,"turns":1},{"damage":0,"enemies":"Jaw Worm","floor":3,"turns":1},{"damage":0,"enemies":"Cultist","floor":5,"turns":1},{"damage":3,"enemies":"3 Sentries","floor":11,"turns":2},{"damage":33,"enemies":"Lagavulin","floor":13,"turns":7},{"damage":3,"enemies":"Exordium Thugs","floor":14,"turns":3},{"damage":38,"enemies":"The Guardian","floor":16,"turns":13},{"damage":5,"enemies":"Shell Parasite","floor":18,"turns":6},{"damage":4,"enemies":"Spheric Guardian","floor":20,"turns":3},{"damage":12,"enemies":"Shelled Parasite and Fungi","floor":24,"turns":5},{"damage":12,"enemies":"Book of Stabbing","floor":28,"turns":3},{"damage":14,"enemies":"3 Cultists","floor":30,"turns":5},{"damage":25,"enemies":"Collector","floor":33,"turns":8},{"damage":13,"enemies":"Orb Walker","floor":35,"turns":5},{"damage":85,"enemies":"3 Shapes","floor":36,"turns":3},{"damage":13,"enemies":"Giant Head","floor":42,"turns":6},{"damage":48,"enemies":"Maw","floor":44,"turns":7},{"damage":42,"enemies":"4 Shapes","floor":46,"turns":4},{"damage":12,"enemies":"Writhing Mass","floor":47,"turns":3},{"damage":0,"enemies":"Spire Growth","floor":48,"turns":2},{"damage":42,"enemies":"Awakened One","floor":50,"turns":8},{"damage":71,"enemies":"Shield and Spear","floor":54,"turns":3},{"damage":56,"enemies":"The Heart","floor":55,"turns":8}],"seed_played":"6945290137492769701","potions_obtained":[{"floor":1,"key":"LiquidBronze"},{"floor":3,"key":"SmokeBomb"},{"floor":13,"key":"GamblersBrew"},{"floor":13,"key":"DistilledChaos"},{"floor":13,"key":"Ancient Potion"},{"floor":14,"key":"SpeedPotion"},{"floor":16,"key":"Energy Potion"},{"floor":18,"key":"CultistPotion"},{"floor":20,"key":"AttackPotion"},{"floor":24,"key":"ColorlessPotion"},{"floor":24,"key":"Explosive Potion"},{"floor":28,"key":"Fruit Juice"},{"floor":28,"key":"GamblersBrew"},{"floor":30,"key":"SpeedPotion"},{"floor":30,"key":"Swift Potion"},{"floor":33,"key":"DistilledChaos"},{"floor":35,"key":"LiquidMemories"},{"floor":35,"key":"BlessingOfTheForge"},{"floor":36,"key":"SteroidPotion"},{"floor":44,"key":"SteroidPotion"},{"floor":46,"key":"Energy Potion"},{"floor":46,"key":"SneckoOil"},{"floor":47,"key":"Swift Potion"},{"floor":48,"key":"Energy Potion"},{"floor":54,"key":"Energy Potion"},{"floor":54,"key":"ColorlessPotion"}],"is_trial":false,"path_per_floor":["M","?","M","$","M","R","?","R","T","?","E","R","E","M","R","B",null,"M","$","M","?","$","R","M","R","T","R","E","R","M","$","R","B",null,"M","M","?","?","$","R","?","E","T","M","$","M","M","M","R","B",null,"R","$","E","B",null],"character_chosen":"PRAEFECT","items_purchased":["rmod:generalist","rmod:aluminumsupply","rmod:advancebysurprise","rmod:robin","rmod:desperatesituation","rmod:mineteam","rmod:fuelsupply","rmod:goodsister","rmod:firesupport","rmod:aviationdawn","rmod:aviationdawn"],"campfire_rested":0,"item_purchase_floors":[4,4,19,19,22,31,31,39,39,45,53],"current_hp_per_floor":[75,75,75,75,75,75,75,75,75,75,72,72,39,36,36,70,89,84,84,80,80,80,80,68,68,68,68,61,61,49,49,49,26,122,109,26,26,61,61,61,61,50,50,4,4,104,94,96,96,56,164,164,164,93,235],"gold":51,"neow_bonus":"THREE_ENEMY_KILL","is_daily":false,"chose_seed":false,"campfire_upgraded":11,"win_rate":0.0,"timestamp":1611934127,"path_taken":["M","?","M","$","M","R","?","R","T","?","E","R","E","?","R","BOSS","M","$","?","?","$","R","M","R","T","R","E","R","M","?","R","BOSS","M","M","?","?","?","R","?","E","T","M","$","M","M","M","R","BOSS","R","$","E","BOSS"],"items_purchased_type":["Card","Card","Card","Card","Card","Card","Card","Card","Card","Card","Card"],"build_version":"2020-12-22","purchased_purges":2,"victory":true,"max_hp_per_floor":[75,75,75,75,75,75,75,75,75,75,75,75,75,75,75,89,89,96,96,97,97,97,97,103,103,103,103,113,113,118,118,118,122,122,126,141,141,141,141,141,141,144,144,146,146,151,153,154,154,164,164,164,164,170,242],"card_choices":[{"not_picked":["rmod:steelsupply","rmod:overbreakdown"],"picked":"rmod:wife","floor":1},{"not_picked":["rmod:supportescort","rmod:highspeedshooting"],"picked":"rmod:victimresponsibility","floor":3},{"not_picked":["rmod:unsinkable","rmod:wolves"],"picked":"rmod:salvage","floor":5},{"not_picked":["rmod:steelsupply","rmod:victimresponsibility"],"picked":"rmod:overbreakdown","floor":13},{"not_picked":["rmod:overbreakdown","rmod:mineteam"],"picked":"rmod:generalist","floor":14},{"not_picked":["rmod:fletcher","rmod:ridicule"],"picked":"rmod:seals","floor":16},{"not_picked":["rmod:supportescort+1","rmod:diamondstrike"],"picked":"rmod:intelligenceanalysis+1","floor":18},{"not_picked":["rmod:ammunitionsupply","rmod:circuitoustactics"],"picked":"rmod:rockthrower","floor":20},{"not_picked":["rmod:steelsupply","rmod:wife"],"picked":"rmod:diamondstrike","floor":24},{"not_picked":["rmod:capitalist","rmod:lastglory"],"picked":"rmod:intelligenceanalysis","floor":28},{"not_picked":["rmod:unsinkable","rmod:diaomin"],"picked":"rmod:smokecover+1","floor":30},{"not_picked":["rmod:expeditionaryescort","rmod:ridicule"],"picked":"rmod:saltedfish","floor":33},{"not_picked":["rmod:supportescort","rmod:combined+1"],"picked":"rmod:expedition","floor":35},{"not_picked":["rmod:mineteam+1","rmod:circuitoustactics+1"],"picked":"rmod:aluminumsupply+1","floor":36},{"not_picked":["rmod:gendarmerie","rmod:firesupport+1"],"picked":"rmod:supportaircraftcarrier","floor":42},{"not_picked":["rmod:ammunitionsupply","rmod:combined+1"],"picked":"rmod:diamondstrike+1","floor":44},{"not_picked":["rmod:fuelsupply+1","rmod:diaomin"],"picked":"rmod:intelligenceanalysis+1","floor":46},{"not_picked":["rmod:luckystar+1","rmod:supportescort+1"],"picked":"rmod:concentratefire+1","floor":47},{"not_picked":["rmod:steelsupply+1","rmod:diamondstrike+1"],"picked":"rmod:heivgo+1","floor":48},{"not_picked":["rmod:advancebysurprise","rmod:capitalist+1"],"picked":"rmod:generalist+1","floor":54}],"player_experience":41699,"relics_obtained":[{"floor":13,"key":"Oddly Smooth Stone"},{"floor":26,"key":"Whetstone"},{"floor":28,"key":"Blood Vial"},{"floor":42,"key":"Juzu Bracelet"},{"floor":43,"key":"Molten Egg 2"},{"floor":54,"key":"Letter Opener"}],"event_choices":[{"damage_healed":0,"gold_gain":0,"player_choice":"Grow","damage_taken":0,"max_hp_gain":0,"max_hp_loss":0,"event_name":"Living Wall","floor":2,"gold_loss":0,"cards_upgraded":["rmod:wife"]},{"damage_healed":0,"gold_gain":0,"player_choice":"Ignored","damage_taken":0,"max_hp_gain":0,"max_hp_loss":0,"event_name":"Liars Game","floor":7,"gold_loss":0},{"damage_healed":0,"gold_gain":0,"player_choice":"Box","damage_taken":0,"relics_obtained":["Pen Nib"],"max_hp_gain":0,"max_hp_loss":0,"event_name":"Big Fish","floor":10,"gold_loss":0,"cards_obtained":["Regret"]},{"damage_healed":0,"gold_gain":99,"player_choice":"Stole From Cult","damage_taken":0,"max_hp_gain":0,"max_hp_loss":0,"event_name":"Nest","floor":21,"gold_loss":0},{"damage_healed":35,"gold_gain":0,"player_choice":"Writhe","damage_taken":0,"max_hp_gain":0,"max_hp_loss":0,"event_name":"Winding Halls","floor":38,"gold_loss":0,"cards_obtained":["Writhe"]},{"cards_removed":["rmod:intelligenceanalysis"],"damage_healed":0,"gold_gain":0,"player_choice":"Removed Attack","damage_taken":0,"max_hp_gain":0,"max_hp_loss":0,"event_name":"Falling","floor":41,"gold_loss":0}],"is_beta":false,"boss_relics":[{"not_picked":["Coffee Dripper","Busted Crown"],"picked":"SlaversCollar"},{"not_picked":["Empty Cage","Black Star"],"picked":"Pandora\u0027s Box"}],"items_purged_floors":[19,39],"is_endless":false,"potions_floor_spawned":[1,3,11,11,13,13,13,14,16,18,20,24,24,28,28,30,30,33,35,35,36,44,46,46,47,48,54,54],"ascension_level":2}}