{"host":"2j7k79oxv8es4yqd","time":1611934219,"event":{"mods":["BaseMod","Minty Spire (QoL Compilation)","Permanent Neow","Reliquary","StSLib"],"gold_per_floor":[113,133,148,162,162,162,190,204,258,290,307,272,272,305,305,405,405,417,435,435,435,240,240,240],"floor_reached":23,"language":"ZHS","playtime":1036,"items_purged":["Strike_G"],"score":311,"play_id":"c0f0c7e8-c661-4a29-b0e1-5fdc6587f14e","local_time":"20210129233019","is_ascension_mode":false,"campfire_choices":[{"data":"Neutralize","floor":6,"key":"SMITH"},{"floor":13,"key":"RECALL"},{"floor":15,"key":"REST"}],"circlet_count":0,"master_deck":["Strike_G","Strike_G","Strike_G","Strike_G","Defend_G","Defend_G","Defend_G","Defend_G","Survivor","Neutralize+1","Backflip","Reflex","Dagger Spray","Tools of the Trade","Eviscerate","Reflex","Tactician","Adrenaline","Underhanded Strike+1"],"relics":["reliquary:Ember","Matryoshka","reliquary:Firecrackers","Art of War","Smiling Mask","HoveringKite","Tiny Chest","Molten Egg 2","Sling"],"acts_visited":["Exordium","TheCity"],"potions_floor_usage":[7,10,11,23],"damage_taken":[{"damage":0,"enemies":"Cultist","floor":1,"turns":4},{"damage":0,"enemies":"Jaw Worm","floor":2,"turns":4},{"damage":0,"enemies":"2 Louse","floor":3,"turns":2},{"damage":13,"enemies":"Exordium Thugs","floor":4,"turns":7},{"damage":10,"enemies":"3 Sentries","floor":7,"turns":6},{"damage":4,"enemies":"3 Louse","floor":8,"turns":2},{"damage":14,"enemies":"Lagavulin","floor":10,"turns":5},{"damage":2,"enemies":"2 Fungi Beasts","floor":11,"turns":3},{"damage":29,"enemies":"Gremlin Nob","floor":14,"turns":5},{"damage":28,"enemies":"Hexaghost","floor":16,"turns":13},{"damage":15,"enemies":"Shell Parasite","floor":18,"turns":6},{"damage":12,"enemies":"Spheric Guardian","floor":19,"turns":4},{"damage":36,"enemies":"Gremlin Leader","floor":23,"turns":3}],"seed_played":"7065490240819625309","potions_obtained":[{"floor":4,"key":"Strength Potion"},{"floor":7,"key":"Fire Potion"},{"floor":8,"key":"GamblersBrew"},{"floor":19,"key":"Fire Potion"}],"is_trial":false,"path_per_floor":["M","M","M","M","?","R","E","M","T","E","M","?","R","E","R","B",null,"M","M","?","T","$","E"],"character_chosen":"THE_SILENT","items_purchased":["Sling"],"campfire_rested":1,"item_purchase_floors":[22],"current_hp_per_floor":[70,70,70,57,50,50,40,36,36,22,20,37,37,8,29,1,70,55,43,30,30,30,0,0],"gold":240,"neow_bonus":"BOSS_RELIC","is_daily":false,"chose_seed":false,"campfire_upgraded":1,"win_rate":0.0,"timestamp":1611934219,"path_taken":["M","M","?","M","?","R","E","M","T","E","M","?","R","E","R","BOSS","M","M","?","?","$","E"],"items_purchased_type":["Relic"],"build_version":"2020-12-22","purchased_purges":1,"victory":false,"max_hp_per_floor":[70,70,70,70,70,70,70,70,70,70,70,70,70,70,70,70,70,70,70,75,75,75,75,75],"card_choices":[{"not_picked":["Dodge and Roll","Terror"],"picked":"Backflip","floor":1},{"not_picked":["Flying Knee","Calculated Gamble"],"picked":"Reflex","floor":2},{"not_picked":["Flying Knee","Prepared"],"picked":"Dagger Spray","floor":3},{"not_picked":["Deadly Poison","Grand Finale","Caltrops"],"picked":"SKIP","floor":4},{"not_picked":["Bane","Caltrops"],"picked":"Tools of the Trade","floor":7},{"not_picked":["Cloak And Dagger","Riddle With Holes"],"picked":"Eviscerate","floor":8},{"not_picked":["Backstab","Calculated Gamble","Catalyst"],"picked":"SKIP","floor":10},{"not_picked":["Flying Knee","Bane"],"picked":"Reflex","floor":11},{"not_picked":["Terror","PiercingWail"],"picked":"Tactician","floor":14},{"not_picked":["Die Die Die","Doppelganger"],"picked":"Adrenaline","floor":16},{"not_picked":["Poisoned Stab","Blade Dance","Distraction"],"picked":"SKIP","floor":18},{"not_picked":["Well Laid Plans","Backflip"],"picked":"Underhanded Strike+1","floor":19}],"player_experience":520348,"relics_obtained":[{"floor":7,"key":"Matryoshka"},{"floor":9,"key":"reliquary:Firecrackers"},{"floor":10,"key":"Art of War"},{"floor":14,"key":"Smiling Mask"},{"floor":21,"key":"Tiny Chest"},{"floor":21,"key":"Molten Egg 2"}],"event_choices":[{"cards_removed":["Defend_G"],"damage_healed":0,"gold_gain":0,"player_choice":"Card Removal","damage_taken":7,"max_hp_gain":0,"max_hp_loss":0,"event_name":"Golden Wing","floor":5,"gold_loss":0},{"damage_healed":17,"gold_gain":0,"player_choice":"Healed","damage_taken":0,"max_hp_gain":0,"max_hp_loss":0,"event_name":"The Cleric","floor":12,"gold_loss":35},{"damage_healed":0,"gold_gain":0,"player_choice":"Shed Blood","damage_taken":18,"max_hp_gain":5,"max_hp_loss":0,"event_name":"Forgotten Altar","floor":20,"gold_loss":0}],"is_beta":false,"boss_relics":[{"not_picked":["reliquary:KinkedSpring","Black Star"],"picked":"HoveringKite"}],"items_purged_floors":[22],"is_endless":false,"potions_floor_spawned":[4,7,8,19],"killed_by":"Gremlin Leader","ascension_level":0}}