{"host":"gfxjwtol062e9znw","time":1611915683,"event":{"mods":["BaseMod","Colored Map","Minty Spire (QoL Compilation)"],"gold_per_floor":[128,159,185,209,234,246,358,404,463,500,527,539,564,590,602,711,723,750,776,788,820,856,901,913,944,956,985,997,483,498,163,163,267,267,278,278,44,62,80,80,91,91,114,125,136,136,136,136,136,136,136],"floor_reached":50,"language":"ENG","playtime":3630,"items_purged":["Defend_P"],"score":631,"play_id":"add115bc-4582-49b7-8aa3-de3fe17bece9","local_time":"20210129212123","is_ascension_mode":true,"campfire_choices":[{"data":"Crescendo","floor":6.0,"key":"SMITH"},{"floor":12.0,"key":"REST"},{"floor":15.0,"key":"REST"},{"floor":24.0,"key":"REST"},{"floor":32.0,"key":"REST"},{"data":"DeusExMachina","floor":40.0,"key":"SMITH"},{"floor":42.0,"key":"REST"},{"floor":47.0,"key":"REST"},{"data":"Establishment","floor":49.0,"key":"SMITH"}],"circlet_count":0,"master_deck":["Strike_P","Strike_P","Strike_P","Strike_P","Defend_P","Eruption","Vigilance","ReachHeaven","Crescendo+1","CutThroughFate","EmptyBody","EmptyMind","Consecrate","Consecrate","Evaluate","Establishment+1","CarveReality","EmptyMind","RitualDagger","Adaptation+1","Evaluate+1","Scrawl","Evaluate","Vault","BattleHymn","DeusExMachina+1","Swivel","Cloak And Dagger+1","Wild Strike+1","Blade Dance+1","Battle Trance"],"relics":["PureWater","MawBank","Art of War","Lantern","Sundial","Black Star","Vajra","Juzu Bracelet","Damaru","Bag of Preparation","FossilizedHelix","PrismaticShard","Pantograph","Snecko Eye","Bronze Scales"],"acts_visited":["Exordium","TheCity","TheBeyond"],"potions_floor_usage":[],"damage_taken":[{"damage":0.0,"enemies":"Cultist","floor":1.0,"turns":2.0},{"damage":4.0,"enemies":"Jaw Worm","floor":2.0,"turns":3.0},{"damage":0.0,"enemies":"2 Louse","floor":3.0,"turns":2.0},{"damage":15.0,"enemies":"Exordium Thugs","floor":4.0,"turns":3.0},{"damage":0.0,"enemies":"Looter","floor":5.0,"turns":2.0},{"damage":10.0,"enemies":"Gremlin Nob","floor":8.0,"turns":3.0},{"damage":27.0,"enemies":"Lagavulin","floor":10.0,"turns":5.0},{"damage":1.0,"enemies":"3 Louse","floor":11.0,"turns":2.0},{"damage":5.0,"enemies":"Exordium Thugs","floor":13.0,"turns":2.0},{"damage":0.0,"enemies":"Gremlin Gang","floor":14.0,"turns":1.0},{"damage":13.0,"enemies":"Slime Boss","floor":16.0,"turns":5.0},{"damage":20.0,"enemies":"Spheric Guardian","floor":18.0,"turns":4.0},{"damage":2.0,"enemies":"Chosen","floor":19.0,"turns":3.0},{"damage":5.0,"enemies":"Snecko","floor":21.0,"turns":4.0},{"damage":0.0,"enemies":"Gremlin Leader","floor":23.0,"turns":3.0},{"damage":4.0,"enemies":"Snake Plant","floor":25.0,"turns":3.0},{"damage":26.0,"enemies":"Cultist and Chosen","floor":27.0,"turns":7.0},{"damage":0.0,"enemies":"Sentry and Sphere","floor":30.0,"turns":2.0},{"damage":33.0,"enemies":"Automaton","floor":33.0,"turns":6.0},{"damage":0.0,"enemies":"Orb Walker","floor":35.0,"turns":2.0},{"damage":0.0,"enemies":"3 Shapes","floor":38.0,"turns":3.0},{"damage":0.0,"enemies":"Transient","floor":39.0,"turns":6.0},{"damage":24.0,"enemies":"4 Shapes","floor":41.0,"turns":4.0},{"damage":22.0,"enemies":"Maw","floor":44.0,"turns":7.0},{"damage":12.0,"enemies":"Transient","floor":45.0,"turns":6.0},{"damage":130,"enemies":"Donu and Deca","floor":50,"turns":7}],"seed_played":"6739778906077072436","potions_obtained":[{"floor":2.0,"key":"PowerPotion"},{"floor":10.0,"key":"LiquidBronze"},{"floor":11.0,"key":"Swift Potion"},{"floor":13.0,"key":"SteroidPotion"},{"floor":14.0,"key":"EssenceOfSteel"},{"floor":16.0,"key":"AttackPotion"},{"floor":18.0,"key":"EntropicBrew"},{"floor":19.0,"key":"Fire Potion"},{"floor":38.0,"key":"Energy Potion"}],"is_trial":false,"path_per_floor":["M","M","M","M","M","R","?","E","T","E","M","R","M","M","R","B",null,"M","M","?","M","T","E","R","M","T","M","?","$","M","$","R","B",null,"M","?","$","M","M","R","M","R","T","M","M","?","R","?","R","B"],"character_chosen":"WATCHER","items_purchased":["FossilizedHelix","PrismaticShard","Pantograph","BattleHymn","DeusExMachina","Swivel"],"campfire_rested":6,"item_purchase_floors":[29,29,31,31,37,37],"current_hp_per_floor":[72,68,68,53,53,53,53,43,43,16,15,36,31,31,52,39,72,52,50,44,39,39,39,60,56,56,30,30,30,30,30,51,39,72,72,68,68,68,68,68,44,64,64,51,39,44,64,64,64,0,0],"gold":136,"neow_bonus":"RANDOM_COMMON_RELIC","is_daily":false,"chose_seed":false,"campfire_upgraded":3,"win_rate":0.0,"timestamp":1611915683,"path_taken":["M","M","?","M","M","R","?","E","T","E","M","R","?","M","R","BOSS","M","M","?","M","?","E","R","M","T","M","?","$","M","$","R","BOSS","M","?","$","M","M","R","M","R","T","M","M","?","R","?","R","BOSS"],"items_purchased_type":["Relic","Relic","Relic","Card","Card","Card"],"build_version":"2020-12-22","purchased_purges":1,"victory":false,"max_hp_per_floor":[72,72,72,72,72,72,72,72,72,72,72,72,72,72,72,72,72,72,72,72,72,72,72,72,72,72,72,72,72,72,72,72,72,72,72,68,68,68,68,68,68,68,68,68,68,68,68,68,68,68,68],"card_choices":[{"not_picked":["FlurryOfBlows","Wireheading"],"picked":"ReachHeaven","floor":1.0},{"not_picked":["EmptyBody","TalkToTheHand"],"picked":"Crescendo","floor":2.0},{"not_picked":["Vengeance","PathToVictory"],"picked":"CutThroughFate","floor":3.0},{"not_picked":["Worship","Weave"],"picked":"EmptyBody","floor":4.0},{"not_picked":["ReachHeaven","Fasting2"],"picked":"EmptyMind","floor":5.0},{"not_picked":["Prostrate","EmptyBody","Nirvana"],"picked":"SKIP","floor":8.0},{"not_picked":["TalkToTheHand","LikeWater"],"picked":"Consecrate","floor":10.0},{"not_picked":["Protect","Ragnarok"],"picked":"Consecrate","floor":11.0},{"not_picked":["JustLucky","EmptyBody"],"picked":"FollowUp","floor":13.0},{"not_picked":["Consecrate","PathToVictory"],"picked":"Evaluate","floor":14.0},{"not_picked":["MasterReality","Scrawl"],"picked":"Establishment","floor":16.0},{"not_picked":["ForeignInfluence","DeceiveReality"],"picked":"CarveReality","floor":18.0},{"not_picked":["CrushJoints","Consecrate"],"picked":"EmptyMind","floor":19.0},{"not_picked":["ThirdEye","WaveOfTheHand","SashWhip+1"],"picked":"SKIP","floor":21.0},{"not_picked":["PathToVictory+1","FollowUp"],"picked":"Adaptation+1","floor":23.0},{"not_picked":["EmptyBody+1","Study","JustLucky"],"picked":"SKIP","floor":25.0},{"not_picked":["BowlingBash+1","Consecrate"],"picked":"Evaluate+1","floor":27.0},{"not_picked":["Coolheaded","Sword Boomerang"],"picked":"Vault","floor":30.0},{"not_picked":["Setup","Pommel Strike","Backstab"],"picked":"SKIP","floor":35.0},{"not_picked":["Slice+1","Perseverance"],"picked":"Cloak And Dagger+1","floor":38.0},{"not_picked":["Anger+1","Metallicize"],"picked":"Wild Strike+1","floor":39.0},{"not_picked":["Compile Driver+1","Doom and Gloom","Eviscerate"],"picked":"SKIP","floor":41.0},{"not_picked":["Sweeping Beam+1","Discovery+1"],"picked":"Blade Dance+1","floor":44.0},{"not_picked":["Perseverance+1","Consecrate"],"picked":"Battle Trance","floor":45.0}],"player_experience":23193,"relics_obtained":[{"floor":8.0,"key":"Art of War"},{"floor":9.0,"key":"Lantern"},{"floor":10.0,"key":"Sundial"},{"floor":22.0,"key":"Vajra"},{"floor":23.0,"key":"Juzu Bracelet"},{"floor":23.0,"key":"Damaru"},{"floor":26.0,"key":"Bag of Preparation"},{"floor":43.0,"key":"Bronze Scales"}],"event_choices":[{"damage_healed":0.0,"max_hp_gain":0.0,"max_hp_loss":0.0,"gold_gain":100.0,"event_name":"Wheel of Change","player_choice":"Gold","floor":7.0,"gold_loss":0.0,"damage_taken":0.0},{"damage_healed":0.0,"max_hp_gain":0.0,"max_hp_loss":0.0,"gold_gain":0.0,"event_name":"Nest","player_choice":"Joined the Cult","floor":20.0,"gold_loss":0.0,"damage_taken":6.0,"cards_obtained":["RitualDagger"]},{"damage_healed":0.0,"max_hp_gain":0.0,"max_hp_loss":0.0,"gold_gain":0.0,"cards_transformed":["Defend_P","Defend_P"],"event_name":"Drug Dealer","player_choice":"Became Test Subject","floor":28.0,"gold_loss":0.0,"damage_taken":0.0,"cards_obtained":["Scrawl","Evaluate"]},{"damage_healed":0.0,"max_hp_gain":0.0,"max_hp_loss":4.0,"gold_gain":0.0,"event_name":"Winding Halls","player_choice":"Max HP","floor":36.0,"gold_loss":0.0,"damage_taken":0.0},{"cards_removed":["FollowUp"],"damage_healed":5.0,"max_hp_gain":0.0,"max_hp_loss":0.0,"gold_gain":0.0,"event_name":"Bonfire Elementals","player_choice":"Offered Common","floor":46.0,"gold_loss":0.0,"damage_taken":0.0},{"cards_removed":["FollowUp"],"damage_healed":5.0,"max_hp_gain":0.0,"max_hp_loss":0.0,"gold_gain":0.0,"event_name":"Bonfire Elementals","player_choice":"Offered Special","floor":46.0,"gold_loss":0.0,"damage_taken":0.0},{"damage_healed":0.0,"max_hp_gain":0.0,"max_hp_loss":0.0,"gold_gain":0.0,"event_name":"SecretPortal","player_choice":"Ignored","floor":48.0,"gold_loss":0.0,"damage_taken":0.0}],"is_beta":false,"boss_relics":[{"not_picked":["Empty Cage","SacredBark"],"picked":"Black Star"},{"not_picked":["Sozu","Coffee Dripper"],"picked":"Snecko Eye"}],"items_purged_floors":[29],"is_endless":false,"potions_floor_spawned":[2,10,11,13,14,16,18,19,25,27,38,41],"killed_by":"Donu and Deca","ascension_level":4}}