{"host":"lh9qfzqeqctr28d2","time":1611915383,"event":{"mods":["BaseMod","CapriCore","Luminous","Minty Spire (QoL Compilation)","Quick Restart","Relic Stats","Remilia£®¿Ÿ√◊¿Ú—«£©","StSLib","Yakumo Yukari mod"],"gold_per_floor":[115,115,190,36,88,113,113,131,184,203,215,241,241,253,253,325,325,345,55,69,69,89,119,119,171,252,267,267,267,284,302,302,375,375,392,247,247,247,0,27,27,27,27,38,38,55,75,93,93,113],"floor_reached":51,"language":"ZHS","playtime":1763,"items_purged":[],"score":1316,"play_id":"b39f2b49-5ed4-4ece-93ae-238bdd39004b","local_time":"20210129181623","is_ascension_mode":true,"campfire_choices":[{"floor":15.0,"key":"REST"},{"floor":24.0,"key":"REST"},{"data":"ChainGang","floor":29.0,"key":"SMITH"},{"floor":32.0,"key":"REST"},{"data":"ScarletCoffin","floor":41.0,"key":"SMITH"},{"data":"BloodySeventeenLaser","floor":49,"key":"SMITH"}],"circlet_count":0,"master_deck":["AscendersBane","Strike_RM","Defend_RM","Defend_RM","Defend_RM","Defend_RM","RedMoon","ScarletShoot","ChainGang+1","Regret","BombardNight+1","Decay","BloodHunter","KillingBlow","ScarletSymphony","BloodySeventeenLaser+1","FavorOfDestiny+1","ScarletDream+1","CurseOfVladTepes+1","UnderTheZenith+1","BombardNight+1","NightLord+1","RedRainbow","ScarletCoffin+1","NightLord+1"],"relics":["ScarletHat","NeowsBlessing","AntiCross","Orichalcum","Bag of Marbles","Sundial","PreservedInsect","Juzu Bracelet","Omamori","Astrolabe","Medical Kit","Bag of Preparation","Potion Belt","Toy Ornithopter","Regal Pillow","White Beast Statue","Mango","SlaversCollar","Oddly Smooth Stone","Red Mask","Pear","Shuriken"],"acts_visited":["Exordium","TheCity","TheBeyond"],"potions_floor_usage":[50,50,50,50],"damage_taken":[{"damage":0.0,"enemies":"Small Slimes","floor":1.0,"turns":1.0},{"damage":0.0,"enemies":"Lagavulin","floor":6.0,"turns":1.0},{"damage":0.0,"enemies":"2 Louse","floor":8.0,"turns":1.0},{"damage":8.0,"enemies":"Jaw Worm","floor":10.0,"turns":2.0},{"damage":3.0,"enemies":"Large Slime","floor":11.0,"turns":3.0},{"damage":25.0,"enemies":"Gremlin Nob","floor":12.0,"turns":2.0},{"damage":0.0,"enemies":"Exordium Thugs","floor":14.0,"turns":1.0},{"damage":57.0,"enemies":"Slime Boss","floor":16.0,"turns":8.0},{"damage":0.0,"enemies":"Spheric Guardian","floor":18.0,"turns":2.0},{"damage":0.0,"enemies":"2 Thieves","floor":20.0,"turns":1.0},{"damage":0.0,"enemies":"3 Cultists","floor":22.0,"turns":1.0},{"damage":29.0,"enemies":"Gremlin Leader","floor":23.0,"turns":4.0},{"damage":46.0,"enemies":"Book of Stabbing","floor":25.0,"turns":5.0},{"damage":0.0,"enemies":"Snake Plant","floor":27.0,"turns":1.0},{"damage":8.0,"enemies":"Snecko","floor":30.0,"turns":4.0},{"damage":4.0,"enemies":"Cultist and Chosen","floor":31.0,"turns":4.0},{"damage":77.0,"enemies":"Champ","floor":33.0,"turns":8.0},{"damage":4.0,"enemies":"Orb Walker","floor":35.0,"turns":3.0},{"damage":0.0,"enemies":"Reptomancer","floor":40.0,"turns":2.0},{"damage":0.0,"enemies":"3 Darklings","floor":44.0,"turns":1.0},{"damage":16.0,"enemies":"Transient","floor":46.0,"turns":5.0},{"damage":0.0,"enemies":"4 Shapes","floor":47.0,"turns":2.0},{"damage":0,"enemies":"Spire Growth","floor":48,"turns":1},{"damage":52,"enemies":"Donu and Deca","floor":50,"turns":6}],"seed_played":"7370577962956641381","potions_obtained":[{"floor":6.0,"key":"SteroidPotion"},{"floor":8.0,"key":"FairyPotion"},{"floor":18.0,"key":"Fruit Juice"},{"floor":22.0,"key":"BlessingOfTheForge"},{"floor":25.0,"key":"AttackPotion"},{"floor":27.0,"key":"AttackPotion"},{"floor":30.0,"key":"Ancient Potion"},{"floor":31.0,"key":"Block Potion"},{"floor":33.0,"key":"SkillPotion"},{"floor":40.0,"key":"AttackPotion"},{"floor":44.0,"key":"CultistPotion"},{"floor":46.0,"key":"Fire Potion"},{"floor":47.0,"key":"AttackPotion"}],"is_trial":false,"path_per_floor":["M","?","?","$","T","E","?","M","T","M","M","E","?","M","R","B",null,"M","$","M","?","M","E","R","E","T","M","?","R","M","M","R","B",null,"M","$","?","?","?","E","R","?","T","M","$","M","M","M","R","B",null],"character_chosen":"REMILIA","items_purchased":["Orichalcum","Medical Kit","Bag of Preparation","Oddly Smooth Stone"],"campfire_rested":3,"item_purchase_floors":[4,19,19,36],"current_hp_per_floor":[68,68,57,57,57,57,57,57,57,51,48,23,23,23,45,22,62,72,72,72,72,73,46,70,35,35,45,59,59,58,65,94,24,77,74,74,74,74,74,89,89,104,104,104,104,99,100,104,104,57],"gold":113,"neow_bonus":"THREE_ENEMY_KILL","is_daily":false,"chose_seed":false,"campfire_upgraded":3,"win_rate":0.0,"timestamp":1611915383,"path_taken":["M","?","?","$","?","E","?","?","T","M","M","E","?","M","R","BOSS","M","$","M","?","M","E","R","E","T","M","?","R","M","M","R","BOSS","M","$","?","?","?","E","R","?","T","M","$","M","M","M","R","BOSS"],"items_purchased_type":["Relic","Relic","Relic","Relic"],"build_version":"2020-12-22","purchased_purges":0,"victory":true,"max_hp_per_floor":[75,75,75,75,75,75,75,75,75,75,75,75,75,75,75,75,75,80,80,80,80,80,80,80,80,80,80,94,94,94,94,94,94,94,94,94,94,94,94,104,104,104,104,104,104,104,104,104,104,104],"relic_stats":{"Regal Pillow":1,"counters":[24,69],"Sundial":[6],"Shuriken":[9],"Astrolabe":["FavorOfDestiny","ScarletDream","CurseOfVladTepes"],"PreservedInsect":173,"Juzu Bracelet":2,"Bag of Preparation":[30],"Orichalcum":[114],"Medical Kit":[2],"obtain_stats":[{"Potion Belt":21,"Regal Pillow":25,"Pear":40,"NeowsBlessing":0,"Astrolabe":17,"Oddly Smooth Stone":36,"Mango":28,"PreservedInsect":9,"Juzu Bracelet":12,"Omamori":13,"Bag of Preparation":19,"Orichalcum":4,"Medical Kit":19,"ScarletHat":0,"White Beast Statue":26,"SlaversCollar":34,"Sundial":6,"Shuriken":43,"AntiCross":2,"Bag of Marbles":5,"Red Mask":39,"Toy Ornithopter":23},{"Potion Belt":10,"Regal Pillow":13,"Pear":19,"NeowsBlessing":0,"Astrolabe":8,"Oddly Smooth Stone":18,"Mango":14,"PreservedInsect":3,"Juzu Bracelet":6,"Omamori":6,"Bag of Preparation":9,"Orichalcum":1,"Medical Kit":9,"ScarletHat":0,"White Beast Statue":13,"SlaversCollar":17,"Sundial":2,"Shuriken":19,"AntiCross":1,"Bag of Marbles":1,"Red Mask":18,"Toy Ornithopter":12},{"Potion Belt":22,"Regal Pillow":32,"Pear":54,"NeowsBlessing":0,"Astrolabe":19,"Oddly Smooth Stone":52,"Mango":33,"PreservedInsect":3,"Juzu Bracelet":10,"Omamori":10,"Bag of Preparation":21,"Orichalcum":1,"Medical Kit":21,"ScarletHat":0,"White Beast Statue":32,"SlaversCollar":49,"Sundial":2,"Shuriken":54,"AntiCross":1,"Bag of Marbles":1,"Red Mask":52,"Toy Ornithopter":27}],"Toy Ornithopter":30},"card_choices":[{"not_picked":["NightDance","GlobalNightmare"],"picked":"ChainGang","floor":1.0},{"not_picked":["BloodHunter","BloodyMagicSquare"],"picked":"BombardNight","floor":6.0},{"not_picked":["RedRainbow","DiffusionOfMisfortune"],"picked":"BloodHunter","floor":8.0},{"not_picked":["DevilSight","BloodHunter","BombardNight"],"picked":"SKIP","floor":10.0},{"not_picked":["ScarletImprint","Septette"],"picked":"KillingBlow","floor":11.0},{"not_picked":["VampireKiss","FavorOfDestiny"],"picked":"ScarletSymphony","floor":12.0},{"not_picked":["BlasphemousPunishment","RedRainbow","EndlessAdversity"],"picked":"SKIP","floor":14.0},{"not_picked":["ScarletCoffin","EquivalentExchange"],"picked":"BloodySeventeenLaser","floor":16.0},{"not_picked":["BlasphemousPunishment","NightDance"],"picked":"UnderTheZenith+1","floor":18.0},{"not_picked":["ReincarnationDial","FavorOfDestiny+1"],"picked":"BombardNight+1","floor":20.0},{"not_picked":["UnderTheZenith","RedRainbow","ScarletDevil"],"picked":"SKIP","floor":22.0},{"not_picked":["BlasphemousPunishment","CharismaGuard","BloodyTrap"],"picked":"SKIP","floor":23.0},{"not_picked":["NightDance","ChainGang+1","DevilSight"],"picked":"SKIP","floor":25.0},{"not_picked":["CharismaGuard","ScarletNetherworld"],"picked":"NightLord+1","floor":27.0},{"not_picked":["HunterOfTheNight","UnstableMagic","DiffusionOfMisfortune"],"picked":"SKIP","floor":30.0},{"not_picked":["ScarletImprint","NightDance"],"picked":"RedRainbow","floor":31.0},{"not_picked":["BatForm","BloodySeventeenLaser"],"picked":"ScarletCoffin","floor":33.0},{"not_picked":["Maim+1","DiffusionOfMisfortune"],"picked":"NightLord+1","floor":35.0},{"not_picked":["Stigmanizer","BatForm","SuperhumanBloodyKnife"],"picked":"SKIP","floor":40.0},{"not_picked":["BombardNight+1","FavorOfDestiny","UnderTheZenith"],"picked":"SKIP","floor":44.0},{"not_picked":["HellCatastrophe","DiffusionOfMisfortune","ScarletDevil+1"],"picked":"SKIP","floor":46.0},{"not_picked":["RedMagic+1","ChainGang+1","MastersStateliness"],"picked":"SKIP","floor":47.0},{"not_picked":["StarOfDavid+1","RedNightlessCastle","Stigmanizer"],"picked":"SKIP","floor":48}],"player_experience":456831,"relics_obtained":[{"floor":5.0,"key":"Bag of Marbles"},{"floor":6.0,"key":"Sundial"},{"floor":9.0,"key":"PreservedInsect"},{"floor":12.0,"key":"Juzu Bracelet"},{"floor":23.0,"key":"Toy Ornithopter"},{"floor":25.0,"key":"Regal Pillow"},{"floor":26.0,"key":"White Beast Statue"},{"floor":40.0,"key":"Pear"},{"floor":43.0,"key":"Shuriken"}],"event_choices":[{"damage_healed":0.0,"max_hp_gain":0.0,"max_hp_loss":0.0,"gold_gain":0.0,"event_name":"Big Fish","player_choice":"Box","floor":2.0,"gold_loss":0.0,"damage_taken":0.0,"relics_obtained":["AntiCross"],"cards_obtained":["Regret"]},{"damage_healed":0.0,"max_hp_gain":0.0,"max_hp_loss":0.0,"gold_gain":75.0,"event_name":"World of Goop","player_choice":"Gather Gold","floor":3.0,"gold_loss":0.0,"damage_taken":11.0},{"damage_healed":0.0,"max_hp_gain":0.0,"max_hp_loss":0.0,"gold_gain":0.0,"event_name":"Wheel of Change","player_choice":"Cursed","floor":7.0,"gold_loss":0.0,"damage_taken":0.0,"cards_obtained":["Decay"]},{"damage_healed":0.0,"max_hp_gain":0.0,"max_hp_loss":0.0,"gold_gain":0.0,"event_name":"WeMeetAgain","player_choice":"Gave Potion","floor":13.0,"gold_loss":0.0,"damage_taken":0.0,"relics_obtained":["Omamori"]},{"damage_healed":0.0,"max_hp_gain":0.0,"max_hp_loss":0.0,"gold_gain":0.0,"event_name":"Addict","player_choice":"Stole Relic","floor":21.0,"gold_loss":0.0,"damage_taken":0.0,"relics_obtained":["Potion Belt"],"cards_obtained":["Shame"]},{"damage_healed":0.0,"max_hp_gain":0.0,"max_hp_loss":0.0,"gold_gain":0.0,"event_name":"SensoryStone","player_choice":"Memory 1","floor":37.0,"gold_loss":0.0,"damage_taken":0.0},{"damage_healed":0.0,"max_hp_gain":0.0,"max_hp_loss":0.0,"gold_gain":0.0,"event_name":"Tomb of Lord Red Mask","player_choice":"Paid","floor":39.0,"gold_loss":247.0,"damage_taken":0.0,"relics_obtained":["Red Mask"]},{"damage_healed":26.0,"max_hp_gain":0.0,"max_hp_loss":0.0,"gold_gain":0.0,"event_name":"Winding Halls","player_choice":"Writhe","floor":42.0,"gold_loss":0.0,"damage_taken":0.0,"cards_obtained":["Writhe"]}],"is_beta":false,"boss_relics":[{"not_picked":["Philosopher\u0027s Stone","Ectoplasm"],"picked":"Astrolabe"},{"not_picked":["Sozu","Empty Cage"],"picked":"SlaversCollar"}],"items_purged_floors":[],"is_endless":false,"potions_floor_spawned":[6,8,12,18,22,25,27,30,31,33,35,40,44,46,47,48],"ascension_level":13}}