{"host":"1hw3ks68c0zl1mxv","time":1611916772,"event":{"mods":["Act Like it!","Ascension Reborn","Aspiration","BaseMod","BetterRewards","Colored Map","Colored Powertips","Conspire","Downfall","Energized Spire","GungeonMod","Halation","Hallownest","Hubris","Infinite Spire","Marisa????????","Mimic Mod","Minty Spire (QoL Compilation)","Quick Restart","Replay The Spire","Shop Mod","StSLib","The Bug Knight","The Construct","The Elementalist","The Necromancer","The Saiyan","The Servant 0.9.4","TheHero"],"gold_per_floor":[99,118,137,147,147,147,147,147,162,188,363,379,379,390,407,505,505,505,519,519,165,165,165,199,199,39,51,64,64,64,79,93,194,194,194,244,261,289,2,19,19,19,33,33,33,33,33,49,63,63,63,63],"floor_reached":50,"language":"ENG","playtime":3378,"items_purged":["downfall:Malfunctioning","hubris:Envy"],"score":469,"play_id":"c2f5fb75-50b3-4f08-99db-79af2be256af","local_time":"20210129033932","is_ascension_mode":false,"campfire_choices":[{"data":"Slimebound:CorrosiveSpit","floor":1.0,"key":"SMITH"},{"data":"Slimebound:ForwardTackle","floor":6.0,"key":"SMITH"},{"data":"Slimebound:MassRepurpose","floor":18.0,"key":"SMITH"},{"data":"expansioncontent:QuickStudy","floor":23.0,"key":"SMITH"},{"data":"Slimebound:MassRepurpose","floor":25.0,"key":"SMITH"},{"floor":30.0,"key":"REST"},{"data":"Slimebound:SelfFormingGoo","floor":35.0,"key":"SMITH"},{"floor":45,"key":"REST"},{"data":"expansioncontent:StudyTheSpire","floor":47,"key":"SMITH"}],"circlet_count":0,"master_deck":["Slimebound:Strike_Slimebound","Slimebound:Strike_Slimebound","Slimebound:Strike_Slimebound","Slimebound:Tackle","Slimebound:Defend_Slimebound","Slimebound:Defend_Slimebound","Slimebound:Defend_Slimebound","Slimebound:Defend_Slimebound","Slimebound:Split+1","Slimebound:CorrosiveSpit+1","Slimebound:SplitBruiser+1","Slimebound:ForwardTackle+1","Slimebound:MassRepurpose+1","Doubt","Slimebound:ForwardTackle","Slimebound:LevelUp","Slimebound:SlimeSpikes","Slimebound:MassRepurpose+1","Slimebound:SplitLeeching","expansioncontent:QuickStudy+1","Slimebound:LevelUp","Slimebound:GoopSpray","Slimebound:SelfFormingGoo+1","Slimebound:Teamwork","Slimebound:Repurpose","Slimebound:GrowthPunch+1","Slimebound:Repurpose","expansioncontent:StudyTheSpire+1","Overencumbered","Slimebound:SlimeSpikes+1","Twin Strike+1","Slimebound:RallyTheTroops"],"relics":["halation:BottledLove","Simple Rune","m_BurningSludge","energizedSpire:CursedPentagram","MutagenicStrength","hubris:Reverence","Black Star","Replay:PocketPolymizer","DemoMod:PinkGuonStone","Replay:WaspNest","aspiration:RitualDagger","conspire:BottledYoYo"],"acts_visited":["Exordium","TheCity","TheBeyond"],"potions_floor_usage":[50,50,50],"damage_taken":[{"damage":8.0,"enemies":"infinitespire:Voidling","floor":2.0,"turns":4.0},{"damage":0.0,"enemies":"2 Louse","floor":3.0,"turns":3.0},{"damage":1.0,"enemies":"Jaw Worm","floor":4.0,"turns":3.0},{"damage":10.0,"enemies":"3 Louse","floor":9.0,"turns":3.0},{"damage":0.0,"enemies":"HollowMod:MossKnight","floor":10.0,"turns":6.0},{"damage":0.0,"enemies":"Large Slime","floor":12.0,"turns":4.0},{"damage":3.0,"enemies":"Exordium Wildlife","floor":14.0,"turns":3.0},{"damage":13.0,"enemies":"Blue Slaver","floor":15.0,"turns":4.0},{"damage":36.0,"enemies":"WA_ARCHETYPE_RETAIN","floor":16.0,"turns":11.0},{"damage":4.0,"enemies":"Chosen","floor":19.0,"turns":3.0},{"damage":4.0,"enemies":"downfall:FleeingMerchant","floor":21.0,"turns":4.0},{"damage":0.0,"enemies":"Centurion and Healer","floor":24.0,"turns":5.0},{"damage":7.0,"enemies":"downfall:FleeingMerchant","floor":26.0,"turns":4.0},{"damage":3.0,"enemies":"Centurion and Healer","floor":27.0,"turns":6.0},{"damage":26.0,"enemies":"Snake Plant","floor":28.0,"turns":3.0},{"damage":21.0,"enemies":"Shelled Parasite and Fungi","floor":31.0,"turns":5.0},{"damage":0.0,"enemies":"Centurion and Healer","floor":32.0,"turns":6.0},{"damage":27.0,"enemies":"SI_MIRROR_ARCHETYPE","floor":33.0,"turns":12.0},{"damage":13.0,"enemies":"SI_MIRROR_ARCHETYPE","floor":36.0,"turns":6.0},{"damage":35.0,"enemies":"3 Darklings","floor":37.0,"turns":6.0},{"damage":2.0,"enemies":"conspire:MimicChest","floor":38.0,"turns":6.0},{"damage":5.0,"enemies":"downfall:FleeingMerchant","floor":39.0,"turns":4.0},{"damage":7,"enemies":"Orb Walker","floor":40,"turns":5},{"damage":22,"enemies":"Transient","floor":43,"turns":5},{"damage":15,"enemies":"Spire Growth","floor":48,"turns":5},{"damage":29,"enemies":"3 Darklings","floor":49,"turns":4},{"damage":203,"enemies":"IC_BLOCK_ARCHETYPE","floor":50,"turns":7}],"seed_played":"-6166437974949317492","potions_obtained":[{"floor":3.0,"key":"BlessingOfTheForge"},{"floor":14.0,"key":"SpeedPotion"},{"floor":15.0,"key":"conspire:TimeTravelPotion"},{"floor":16.0,"key":"Toxic Potion"},{"floor":31.0,"key":"AttackPotion"},{"floor":33.0,"key":"PowerPotion"},{"floor":37.0,"key":"DistilledChaos"},{"floor":40,"key":"BlessingOfTheForge"},{"floor":43,"key":"SpeedPotion"},{"floor":49,"key":"Weak Potion"}],"is_trial":false,"path_per_floor":["R","M","M","M","?","R","T","?","M","E","?","M","?","M","M","B",null,"R","M","?","$","?","R","MIM","R","$","M","M","?","R","M","M","B",null,"R","?","M","?","$","M","T","AVR","M","?","R","T","R","M","M","B"],"character_chosen":"SLIMEBOUND","items_purchased":["expansioncontent:QuickStudy","Slimebound:LevelUp","Slimebound:SelfFormingGoo","expansioncontent:StudyTheSpire"],"campfire_rested":2,"item_purchase_floors":[21,21,26,39],"current_hp_per_floor":[65,61,63,65,65,65,65,65,57,63,63,65,65,65,58,28,65,65,65,65,65,65,65,65,65,64,65,41,41,60,43,49,28,65,65,58,42,53,50,47,47,47,31,31,52,52,52,43,20,0,0,0],"gold":63,"neow_bonus":"UPGRADE_CARD","is_daily":false,"chose_seed":false,"campfire_upgraded":7,"win_rate":0.0,"timestamp":1611916772,"path_taken":["R","M","M","?","?","R","T","?","M","E","?","M","?","M","M","BOSS","R","M","?","$","?","R","MIM","R","?","M","M","?","R","?","M","BOSS","R","?","M","?","$","M","T","AVR","M","?","R","?","R","M","M","BOSS"],"items_purchased_type":["Card","Card","Card","Card"],"build_version":"2020-12-22","purchased_purges":2,"victory":false,"max_hp_per_floor":[65,65,65,65,65,65,65,65,65,65,65,65,65,65,65,65,65,65,65,65,65,65,65,65,65,65,65,65,65,65,65,65,65,65,65,65,65,72,72,72,72,72,72,72,72,72,72,72,72,72,72,72],"card_choices":[{"not_picked":["Slimebound:RejuvenatingLick","Slimebound:ComboTackle","Slimebound:Chomp"],"picked":"SKIP","floor":2.0},{"not_picked":["Slimebound:SplitMire","Slimebound:Schlurp"],"picked":"Slimebound:SplitBruiser","floor":3.0},{"not_picked":["Slimebound:SamplingLick","Slimebound:SplitAcid"],"picked":"Slimebound:ForwardTackle","floor":4.0},{"not_picked":["Slimebound:ViciousTackle","Slimebound:Prepare","Slimebound:ComboTackle"],"picked":"SKIP","floor":9.0},{"not_picked":["Slimebound:LivingWall","Slimebound:AcidTongue"],"picked":"Slimebound:MassRepurpose","floor":10.0},{"not_picked":["Slimebound:Schlurp","Slimebound:SplitBruiser"],"picked":"Slimebound:ForwardTackle","floor":12.0},{"not_picked":["Slimebound:Prepare","Slimebound:BestDefense"],"picked":"Slimebound:LevelUp","floor":14.0},{"not_picked":["Reaper","Slimebound:LeechingTouch"],"picked":"Slimebound:SlimeSpikes","floor":15.0},{"not_picked":["Slimebound:DuplicatedForm","Slimebound:MassFeed"],"picked":"Slimebound:MassRepurpose","floor":16.0},{"not_picked":["Slimebound:SamplingLick","Slimebound:SplitMire","Slimebound:Prepare"],"picked":"SKIP","floor":19.0},{"not_picked":["Slimebound:SplitAcid","Slimebound:SamplingLick"],"picked":"Slimebound:SplitLeeching","floor":21.0},{"not_picked":["Slimebound:TongueLash","Slimebound:SamplingLick"],"picked":"Slimebound:GoopSpray","floor":24.0},{"not_picked":["Slimebound:Grow","Slimebound:RejuvenatingLick","Slimebound:LivingWall+1"],"picked":"SKIP","floor":26.0},{"not_picked":["Slimebound:GoopTackle","Slimebound:LeechEnergy","Slimebound:Equalize"],"picked":"SKIP","floor":27.0},{"not_picked":["Slimebound:FormOfPuddle","Slimebound:SplitMire","Slimebound:Schlurp"],"picked":"SKIP","floor":28.0},{"not_picked":["Slimebound:Grow","Slimebound:ProtectTheBoss+1","Slimebound:TongueLash+1"],"picked":"SKIP","floor":31.0},{"not_picked":["Slimebound:LeechingTouch","Slimebound:FlameTackle","Slimebound:SlimeTap"],"picked":"SKIP","floor":32.0},{"not_picked":["Slimebound:FirmFortitude","Slimebound:Overexert"],"picked":"Slimebound:Teamwork","floor":33.0},{"not_picked":["Slimebound:DivideAndConquer+1","Slimebound:ServeAndProtect"],"picked":"Slimebound:Repurpose","floor":36.0},{"not_picked":["Slimebound:Prepare+1","Slimebound:AcidTongue+1"],"picked":"Slimebound:GrowthPunch+1","floor":37.0},{"not_picked":["Slimebound:ComboTackle","Slimebound:GoopTackle+1"],"picked":"Slimebound:Repurpose","floor":38.0},{"not_picked":["Slimebound:SlimeSlap","Slimebound:FlameTackle","Slimebound:LeechEnergy+1"],"picked":"SKIP","floor":39.0},{"not_picked":["Slimebound:GoopTackle+1","Slimebound:SplitLeeching+1"],"picked":"Slimebound:SlimeSpikes+1","floor":40},{"not_picked":["Offering","Slimebound:Nibble+1"],"picked":"Twin Strike+1","floor":43},{"not_picked":["Twin Strike","Slimebound:DisruptingSlam+1","Slimebound:ComboTackle+1"],"picked":"SKIP","floor":48},{"not_picked":["Twin Strike","Slimebound:DisruptingSlam+1","Slimebound:ComboTackle+1"],"picked":"SKIP","floor":48},{"not_picked":["Slimebound:Prepare+1","Slimebound:GoopTackle"],"picked":"Slimebound:RallyTheTroops","floor":49}],"player_experience":1447916,"relics_obtained":[{"floor":7.0,"key":"halation:BottledLove"},{"floor":10.0,"key":"Simple Rune"},{"floor":24.0,"key":"hubris:Reverence"},{"floor":36.0,"key":"Replay:PocketPolymizer"},{"floor":38.0,"key":"DemoMod:PinkGuonStone"},{"floor":41,"key":"Replay:WaspNest"},{"floor":46,"key":"conspire:BottledYoYo"}],"event_choices":[{"damage_healed":0.0,"max_hp_gain":0.0,"max_hp_loss":0.0,"gold_gain":0.0,"event_name":"Drug Dealer","player_choice":"Inject Mutagens","floor":20.0,"gold_loss":0.0,"damage_taken":0.0,"relics_obtained":["MutagenicStrength"]},{"damage_healed":0,"gold_gain":0,"player_choice":"Ignored","damage_taken":0,"max_hp_gain":0,"max_hp_loss":0,"event_name":"Mysterious Sphere","floor":44,"gold_loss":0}],"is_beta":false,"boss_relics":[{"not_picked":["ReplayTheSpireMod:SealedPack","Replay:Bronze Core"],"picked":"energizedSpire:CursedPentagram"},{"not_picked":["aspiration:RunicSpoon","conspire:SeveredTorchhead"],"picked":"Black Star"}],"items_purged_floors":[21,39],"is_endless":false,"potions_floor_spawned":[3,14,15,16,27,31,33,37,40,43,49],"killed_by":"IC_BLOCK_ARCHETYPE","ascension_level":0}}