{"host":"w9njud19qyl0lpz1","time":1611923142,"event":{"mods":["BaseMod","Minty Spire (QoL Compilation)","Replay The Spire","StSLib"],"gold_per_floor":[110,123,137,87,102,135,152,40,40,57,57,68,68,88,88,183,183,201,13,26,46,46,46,46,46,71,171,171,171,189,201,201,304,304,322,337,51,63,113,113,129,129,129,129,143,158,174,193,193,193,193],"floor_reached":50,"language":"ENG","playtime":6895,"items_purged":["Strike_R","Strike_R","Strike_R"],"score":604,"play_id":"9c0a7db2-0ed3-4979-ae00-5c02ebf1172d","local_time":"20210129072542","is_ascension_mode":false,"campfire_choices":[{"data":"Searing Blow","floor":11.0,"key":"SMITH"},{"data":"Searing Blow+1","floor":13.0,"key":"SMITH"},{"data":"Metamorphosis","floor":15.0,"key":"SMITH"},{"data":"Searing Blow+2","floor":23.0,"key":"SMITH"},{"data":"Searing Blow+3","floor":25.0,"key":"SMITH"},{"data":"Searing Blow+4","floor":29.0,"key":"SMITH"},{"floor":32.0,"key":"REST"},{"data":"Seeing Red","floor":40.0,"key":"SMITH"},{"data":"Limit Break","floor":40.0,"key":"SMITH"},{"floor":42.0,"key":"REST"},{"floor":44.0,"key":"REST"},{"floor":49.0,"key":"REST"}],"circlet_count":0,"master_deck":["Defend_R","Defend_R","Defend_R","Bash","Metamorphosis+1","Searing Blow+5","Run Through","Inflame","ReplayTheSpireMod:Stacked","Offering","CurseOfTheBell","ReplayReversal+1","Replay:Bootleg Shield Generator","RitualDagger","Shrug It Off","Perfected Strike","Carnage+1","Limit Break+1","Ghostly Armor+1","Life Link","Seeing Red+1","Battle Trance","Rupture+1","Rage"],"relics":["Burning Blood","Replay:Mystery Machine","Torii","Calling Bell","ReplayTheSpireMod:Lightbulb","The Courier","Turnip","Dream Catcher","Peace Pipe","Pear","Runic Cube","Bag of Marbles","Replay:Arrowhead","Quantum Egg"],"acts_visited":["Exordium","TheCity","TheBeyond"],"potions_floor_usage":[50],"damage_taken":[{"damage":1.0,"enemies":"Jaw Worm","floor":1.0,"turns":3.0},{"damage":8.0,"enemies":"Small Slimes","floor":2.0,"turns":3.0},{"damage":0.0,"enemies":"2 Louse","floor":3.0,"turns":2.0},{"damage":10.0,"enemies":"Looter","floor":5.0,"turns":3.0},{"damage":10.0,"enemies":"Replay:BlueRogue","floor":6.0,"turns":6.0},{"damage":8.0,"enemies":"Red Slaver","floor":7.0,"turns":2.0},{"damage":11.0,"enemies":"Large Slime","floor":10.0,"turns":3.0},{"damage":3.0,"enemies":"Lots of Slimes","floor":12.0,"turns":8.0},{"damage":2.0,"enemies":"Blue Slaver","floor":14.0,"turns":5.0},{"damage":54.0,"enemies":"Fading Forest","floor":16.0,"turns":11.0},{"damage":7.0,"enemies":"2 Thieves","floor":18.0,"turns":4.0},{"damage":6.0,"enemies":"Chosen","floor":20.0,"turns":4.0},{"damage":8.0,"enemies":"3 Cultists","floor":21.0,"turns":5.0},{"damage":0.0,"enemies":"Snake Plant","floor":24.0,"turns":1.0},{"damage":19.0,"enemies":"Colosseum Slavers","floor":27.0,"turns":4.0},{"damage":30.0,"enemies":"Colosseum Nobs","floor":27.0,"turns":5.0},{"damage":6.0,"enemies":"Snecko","floor":30.0,"turns":3.0},{"damage":6.0,"enemies":"Sentry and Sphere","floor":31.0,"turns":4.0},{"damage":46.0,"enemies":"Pondfish","floor":33.0,"turns":11.0},{"damage":24.0,"enemies":"3 Darklings","floor":35.0,"turns":4.0},{"damage":13.0,"enemies":"3 Shapes","floor":36.0,"turns":5.0},{"damage":21.0,"enemies":"Writhing Mass","floor":38.0,"turns":4.0},{"damage":12.0,"enemies":"Mind Bloom Boss Battle","floor":39.0,"turns":9.0},{"damage":38.0,"enemies":"Sphere and 2 Shapes","floor":41.0,"turns":5.0},{"damage":9.0,"enemies":"4 Shapes","floor":45.0,"turns":3.0},{"damage":17.0,"enemies":"Jaw Worm Horde","floor":46.0,"turns":4.0},{"damage":29.0,"enemies":"Transient","floor":47.0,"turns":5.0},{"damage":8.0,"enemies":"4 Shapes","floor":48.0,"turns":5.0},{"damage":67,"enemies":"Awakened One","floor":50,"turns":8}],"seed_played":"-116707832146853083","potions_obtained":[{"floor":3.0,"key":"DuplicationPotion"},{"floor":5.0,"key":"SmokeBomb"},{"floor":14.0,"key":"Toxic Potion"},{"floor":16.0,"key":"HeartOfIron"},{"floor":18.0,"key":"BlessingOfTheForge"},{"floor":30.0,"key":"Energy Potion"},{"floor":33.0,"key":"Elixir"},{"floor":35.0,"key":"Milkshake"},{"floor":41.0,"key":"Swift Potion"},{"floor":46.0,"key":"Dexterity Potion"},{"floor":48.0,"key":"Strength Potion"}],"is_trial":false,"path_per_floor":["M","M","M","?","M","E","M","$","T","M","R","M","R","M","R","B",null,"M","$","M","M","?","R","M","R","T","?","?","R","M","M","R","B",null,"M","M","$","M","?","R","M","R","T","R","M","M","M","M","R","B"],"character_chosen":"IRONCLAD","items_purchased":["Inflame","Replay:Bootleg Shield Generator","Block Potion","Life Link","Bag of Marbles"],"campfire_rested":4,"item_purchase_floors":[8,19,19,37,37],"current_hp_per_floor":[61,59,65,65,61,57,55,55,55,50,50,53,53,57,57,19,80,79,79,79,77,71,71,77,77,77,50,50,50,50,50,77,37,90,72,65,65,50,44,44,12,39,39,66,63,52,29,27,54,0,0],"gold":193,"neow_bonus":"RANDOM_COLORLESS_2","is_daily":false,"chose_seed":false,"campfire_upgraded":8,"win_rate":0.0,"timestamp":1611923142,"path_taken":["M","M","M","?","M","E","M","$","T","M","R","M","R","M","R","BOSS","M","$","M","M","?","R","M","R","T","?","?","R","M","M","R","BOSS","M","M","$","M","?","R","M","R","T","R","M","M","M","M","R","BOSS"],"items_purchased_type":["Card","Card","Potion","Card","Relic"],"build_version":"2020-12-22","purchased_purges":3,"victory":false,"max_hp_per_floor":[80,80,80,80,80,80,80,80,80,80,80,80,80,80,80,80,80,80,80,80,80,80,80,80,80,80,90,90,90,90,90,90,90,90,90,90,90,90,90,90,90,90,90,90,90,90,90,90,90,90,90],"card_choices":[{"not_picked":["Panache","Master of Strategy"],"picked":"Metamorphosis","floor":0.0},{"not_picked":["Body Slam","Warcry","Clothesline"],"picked":"SKIP","floor":1.0},{"not_picked":["Sword Boomerang","Twin Strike"],"picked":"Searing Blow","floor":2.0},{"not_picked":["Cleave","Wild Strike","Body Slam"],"picked":"SKIP","floor":3.0},{"not_picked":["Second Wind","Cleave"],"picked":"Run Through","floor":5.0},{"not_picked":["Dropkick","Sentinel","Twin Strike"],"picked":"SKIP","floor":6.0},{"not_picked":["Heavy Blade","Perfected Strike","Clash"],"picked":"SKIP","floor":7.0},{"not_picked":["Carnage","Pommel Strike"],"picked":"ReplayTheSpireMod:Stacked","floor":10.0},{"not_picked":["Body Slam","Metallicize","Heavy Blade"],"picked":"SKIP","floor":12.0},{"not_picked":["Pummel","Hemokinesis","ReplayTheSpireMod:Strike From Hell"],"picked":"SKIP","floor":14.0},{"not_picked":["Corruption","Berserk"],"picked":"Offering","floor":16.0},{"not_picked":["Rupture+1","Headbutt"],"picked":"ReplayReversal+1","floor":18.0},{"not_picked":["Body Slam","True Grit","Clash"],"picked":"SKIP","floor":20.0},{"not_picked":["Flex","Thunderclap","Armaments"],"picked":"SKIP","floor":21.0},{"not_picked":["ReplayTheSpireMod:Corrosion Curse","Dark Embrace","Replay:Undeath\u0027s Touch"],"picked":"SKIP","floor":30.0},{"not_picked":["Clash+1","Body Slam","Flex"],"picked":"SKIP","floor":31.0},{"not_picked":["Dropkick","Thunderclap"],"picked":"Carnage+1","floor":32.0},{"not_picked":["Fiend Fire","Offering"],"picked":"Limit Break","floor":33.0},{"not_picked":["Sever Soul","Flex+1"],"picked":"Ghostly Armor+1","floor":35.0},{"not_picked":["Pommel Strike","Blood for Blood","Heavy Blade+1"],"picked":"SKIP","floor":36.0},{"not_picked":["Thunderclap+1","Heavy Blade","ReplayTheSpireMod:Strike From Hell"],"picked":"SKIP","floor":38.0},{"not_picked":["Brutality","Disarm+1"],"picked":"Seeing Red","floor":39.0},{"not_picked":["Twin Strike+1","Disarm+1"],"picked":"Battle Trance","floor":41.0},{"not_picked":["Evolve+1","Ghostly Armor+1"],"picked":"Rupture+1","floor":44.0},{"not_picked":["Iron Wave","Replay:Undeath\u0027s Touch+1"],"picked":"Rage","floor":45.0},{"not_picked":["Iron Wave","Defy Death+1","Shockwave"],"picked":"SKIP","floor":46.0},{"not_picked":["Havoc","Searing Blow","Metallicize+1"],"picked":"SKIP","floor":47.0},{"not_picked":["Thunderclap","Sever Soul+1","Reckless Charge+1"],"picked":"SKIP","floor":48.0}],"player_experience":2310230,"relics_obtained":[{"floor":6.0,"key":"Replay:Mystery Machine"},{"floor":9.0,"key":"Torii"},{"floor":17.0,"key":"ReplayTheSpireMod:Lightbulb"},{"floor":17.0,"key":"The Courier"},{"floor":17.0,"key":"Turnip"},{"floor":26.0,"key":"Dream Catcher"},{"floor":27.0,"key":"Peace Pipe"},{"floor":27.0,"key":"Pear"},{"floor":39.0,"key":"Replay:Arrowhead"},{"floor":43.0,"key":"Quantum Egg"}],"event_choices":[{"cards_removed":["Strike_R"],"damage_healed":0.0,"max_hp_gain":0.0,"max_hp_loss":0.0,"gold_gain":0.0,"event_name":"The Cleric","player_choice":"Card Removal","floor":4.0,"gold_loss":50.0,"damage_taken":0.0},{"damage_healed":0.0,"max_hp_gain":0.0,"max_hp_loss":0.0,"gold_gain":0.0,"event_name":"Nest","player_choice":"Joined the Cult","floor":22.0,"gold_loss":0.0,"damage_taken":6.0,"cards_obtained":["RitualDagger"]},{"damage_healed":0.0,"max_hp_gain":0.0,"max_hp_loss":0.0,"gold_gain":0.0,"event_name":"Colosseum","player_choice":"Fight","floor":27.0,"gold_loss":0.0,"damage_taken":0.0},{"damage_healed":0.0,"max_hp_gain":0.0,"max_hp_loss":0.0,"gold_gain":0.0,"event_name":"Colosseum","player_choice":"Fought Nobs","floor":27.0,"gold_loss":0.0,"damage_taken":0.0},{"damage_healed":0.0,"max_hp_gain":0.0,"max_hp_loss":0.0,"gold_gain":0.0,"cards_transformed":["Strike_R","Defend_R"],"event_name":"Drug Dealer","player_choice":"Became Test Subject","floor":28.0,"gold_loss":0.0,"damage_taken":0.0,"cards_obtained":["Shrug It Off","Perfected Strike"]},{"damage_healed":0.0,"max_hp_gain":0.0,"max_hp_loss":0.0,"gold_gain":0.0,"event_name":"MindBloom","player_choice":"Fight","floor":39.0,"gold_loss":0.0,"damage_taken":0.0}],"is_beta":false,"boss_relics":[{"not_picked":["Tiny House","Black Star"],"picked":"Calling Bell"},{"not_picked":["Runic Pyramid","Replay:Drink Me"],"picked":"Runic Cube"}],"items_purged_floors":[8,19,37],"is_endless":false,"potions_floor_spawned":[3,5,14,16,18,27,30,33,35,41,46,48],"killed_by":"Awakened One","ascension_level":0}}