{"host":"p4v0hquynnreu717","time":1611932451,"event":{"mods":["BaseMod","Better Vampires","DeckTracker","Googly Eyes","Minty Spire (QoL Compilation)","Quick Restart","StSLib","SuperFastMode"],"gold_per_floor":[118,118,44,44,44,73,73,100,100,119,131,148,178,189,189,260,260,278,288,301,216,216,216,227,227,527,555,555,566,601,29,29,106,106,117,17,29,40,0,35,35,68,118,118,118,118,118,143,143,143,143,143,18,46,46],"floor_reached":56,"language":"ZHS","playtime":3590,"items_purged":["Strike_R","Strike_R","Bash"],"score":2069,"play_id":"c653a78e-6635-4592-adde-59568c60f93e","local_time":"20210129230051","is_ascension_mode":true,"campfire_choices":[{"data":"Rampage","floor":15.0,"key":"SMITH"},{"data":"Corruption","floor":23.0,"key":"SMITH"},{"floor":25.0,"key":"REST"},{"floor":28.0,"key":"REST"},{"floor":32.0,"key":"REST"},{"floor":41.0,"key":"REST"},{"floor":45.0,"key":"REST"},{"floor":49.0,"key":"RECALL"},{"data":"Evolve","floor":52.0,"key":"SMITH"}],"circlet_count":0,"master_deck":["AscendersBane","Strike_R","Defend_R","Defend_R","Defend_R","Defend_R","Rampage+1","Feel No Pain","Corruption+1","Second Wind+1","Spot Weakness+1","Entrench+1","Pummel+1","Warcry+1","Limit Break+1","Power Through+1","Havoc+1","Disarm+1","Fiend Fire+1","Feed","Second Wind+1","True Grit+1","Evolve+1","Master of Strategy+1","Deep Breath+1","Deep Breath+1","Sentinel+1"],"relics":["Burning Blood","NeowsBlessing","Happy Flower","Toxic Egg 2","Incense Burner","Runic Cube","Anchor","Nilry\u0027s Codex","Old Coin","Tiny Chest","Bag of Preparation","TheAbacus","Lantern","Philosopher\u0027s Stone","Red Mask","Juzu Bracelet","Akabeko","MealTicket","StrikeDummy","Pocketwatch","Whetstone"],"acts_visited":["Exordium","TheCity","TheBeyond","TheEnding"],"potions_floor_usage":[55],"damage_taken":[{"damage":0.0,"enemies":"Jaw Worm","floor":1.0,"turns":1.0},{"damage":0.0,"enemies":"Lagavulin","floor":6.0,"turns":1.0},{"damage":0.0,"enemies":"3 Sentries","floor":8.0,"turns":2.0},{"damage":0.0,"enemies":"Cultist","floor":10.0,"turns":3.0},{"damage":19.0,"enemies":"2 Louse","floor":11.0,"turns":3.0},{"damage":21.0,"enemies":"Large Slime","floor":12.0,"turns":10.0},{"damage":22.0,"enemies":"Gremlin Nob","floor":13.0,"turns":6.0},{"damage":3.0,"enemies":"Exordium Wildlife","floor":14.0,"turns":4.0},{"damage":20.0,"enemies":"Hexaghost","floor":16.0,"turns":8.0},{"damage":11.0,"enemies":"Chosen","floor":18.0,"turns":8.0},{"damage":12.0,"enemies":"Shell Parasite","floor":19.0,"turns":6.0},{"damage":17.0,"enemies":"3 Cultists","floor":20.0,"turns":6.0},{"damage":19.0,"enemies":"Shelled Parasite and Fungi","floor":24.0,"turns":7.0},{"damage":21.0,"enemies":"Book of Stabbing","floor":27.0,"turns":5.0},{"damage":8.0,"enemies":"Cultist and Chosen","floor":29.0,"turns":8.0},{"damage":23.0,"enemies":"Gremlin Leader","floor":30.0,"turns":7.0},{"damage":25.0,"enemies":"Champ","floor":33.0,"turns":15.0},{"damage":9.0,"enemies":"3 Shapes","floor":35.0,"turns":8.0},{"damage":2.0,"enemies":"Orb Walker","floor":37.0,"turns":8.0},{"damage":26.0,"enemies":"Spire Growth","floor":38.0,"turns":10.0},{"damage":63.0,"enemies":"Nemesis","floor":40.0,"turns":15.0},{"damage":38.0,"enemies":"Giant Head","floor":42.0,"turns":11.0},{"damage":6.0,"enemies":"Mind Bloom Boss Battle","floor":48.0,"turns":7.0},{"damage":13.0,"enemies":"Donu and Deca","floor":50.0,"turns":10.0},{"damage":28.0,"enemies":"Shield and Spear","floor":54.0,"turns":8.0},{"damage":20,"enemies":"The Heart","floor":55,"turns":8}],"seed_played":"4819979267542759249","potions_obtained":[{"floor":2.0,"key":"ColorlessPotion"},{"floor":2.0,"key":"LiquidBronze"},{"floor":6.0,"key":"Block Potion"},{"floor":13.0,"key":"DuplicationPotion"},{"floor":20.0,"key":"BloodPotion"},{"floor":27.0,"key":"Block Potion"},{"floor":30.0,"key":"Strength Potion"},{"floor":38.0,"key":"Fruit Juice"},{"floor":40.0,"key":"Block Potion"},{"floor":54.0,"key":"Weak Potion"}],"is_trial":false,"path_per_floor":["M","?","$","?","?","E","T","E","T","M","M","M","E","M","R","B",null,"M","M","M","?","?","R","M","R","T","E","R","M","E","$","R","B",null,"M","$","M","M","?","E","R","E","T","?","R","T","?","?","R","B",null,"R","$","E","B",null],"character_chosen":"IRONCLAD","items_purchased":["Rampage","TheAbacus","Fiend Fire","Lantern","BloodPotion"],"campfire_rested":5,"item_purchase_floors":[3,31,31,31,31],"current_hp_per_floor":[74,74,74,67,67,73,73,75,75,75,62,47,31,34,34,20,61,56,50,54,54,33,33,20,42,42,27,49,47,30,30,52,33,65,65,65,72,73,73,16,41,12,12,2,28,28,28,31,31,24,75,75,90,71,60],"gold":46,"neow_bonus":"THREE_ENEMY_KILL","is_daily":false,"chose_seed":false,"campfire_upgraded":3,"win_rate":0.0,"timestamp":1611932451,"path_taken":["M","?","?","?","?","E","?","E","T","M","M","M","E","M","R","BOSS","M","M","M","?","?","R","M","R","T","E","R","?","E","$","R","BOSS","M","$","M","M","?","E","R","E","T","?","R","?","?","?","R","BOSS","R","$","E","BOSS"],"items_purchased_type":["Card","Relic","Card","Relic","Potion"],"build_version":"2020-12-22","purchased_purges":3,"victory":true,"max_hp_per_floor":[75,75,75,75,75,75,75,75,75,75,75,75,75,75,75,75,75,75,75,75,75,75,75,75,75,75,75,75,75,75,75,75,75,75,78,78,81,86,86,86,86,89,89,89,89,89,89,92,92,92,92,92,92,95,98],"card_choices":[{"not_picked":["Pommel Strike","Headbutt","Heavy Blade"],"picked":"SKIP","floor":1.0},{"not_picked":["Immolate","Blood for Blood"],"picked":"Feel No Pain","floor":6.0},{"not_picked":["Warcry","Flex"],"picked":"Corruption","floor":8.0},{"not_picked":["Rupture","Sword Boomerang"],"picked":"Second Wind+1","floor":10.0},{"not_picked":["Clash","Infernal Blade+1"],"picked":"Spot Weakness+1","floor":11.0},{"not_picked":["Sever Soul","Heavy Blade"],"picked":"Entrench+1","floor":12.0},{"not_picked":["Rage+1","Carnage"],"picked":"Pummel","floor":13.0},{"not_picked":["Rampage","Clothesline"],"picked":"Warcry+1","floor":14.0},{"not_picked":["Brutality","Double Tap+1"],"picked":"Limit Break+1","floor":16.0},{"not_picked":["Wild Strike","Sever Soul","Sword Boomerang"],"picked":"SKIP","floor":18.0},{"not_picked":["Thunderclap","Warcry+1"],"picked":"Power Through+1","floor":19.0},{"not_picked":["Carnage","Iron Wave","Clash"],"picked":"SKIP","floor":20.0},{"not_picked":["Flex+1","Clothesline","Hemokinesis"],"picked":"SKIP","floor":24.0},{"not_picked":["Immolate","Pommel Strike"],"picked":"Havoc+1","floor":27.0},{"not_picked":["Heavy Blade","Infernal Blade+1"],"picked":"Disarm+1","floor":29.0},{"not_picked":["Twin Strike","Body Slam","Dual Wield+1"],"picked":"SKIP","floor":30.0},{"not_picked":["Impervious+1","Immolate"],"picked":"Feed","floor":33.0},{"not_picked":["Heavy Blade","Clothesline"],"picked":"Second Wind+1","floor":35.0},{"not_picked":["Thunderclap","Perfected Strike+1","Iron Wave"],"picked":"SKIP","floor":37.0},{"not_picked":["Shrug It Off+1","Flex+1"],"picked":"True Grit+1","floor":38.0},{"not_picked":["Pummel","Headbutt"],"picked":"Evolve","floor":40.0},{"not_picked":["Fire Breathing","True Grit+1","Immolate"],"picked":"SKIP","floor":42.0},{"not_picked":["Enlightenment+1","PanicButton+1"],"picked":"Master of Strategy+1","floor":44.0},{"not_picked":["Dark Shackles+1","Thinking Ahead+1"],"picked":"Deep Breath+1","floor":44.0},{"not_picked":["Bandage Up+1","Blind+1"],"picked":"Deep Breath+1","floor":44.0},{"not_picked":["Sever Soul","Warcry+1"],"picked":"Sentinel+1","floor":54.0}],"player_experience":794518,"relics_obtained":[{"floor":6.0,"key":"Happy Flower"},{"floor":9.0,"key":"Toxic Egg 2"},{"floor":13.0,"key":"Incense Burner"},{"floor":22.0,"key":"Nilry\u0027s Codex"},{"floor":26.0,"key":"Old Coin"},{"floor":27.0,"key":"Tiny Chest"},{"floor":30.0,"key":"Bag of Preparation"},{"floor":40.0,"key":"Juzu Bracelet"},{"floor":42.0,"key":"Akabeko"},{"floor":43.0,"key":"MealTicket"},{"floor":46.0,"key":"StrikeDummy"},{"floor":48.0,"key":"Pocketwatch"},{"floor":54.0,"key":"Whetstone"}],"event_choices":[{"damage_healed":0.0,"max_hp_gain":0.0,"max_hp_loss":0.0,"gold_gain":0.0,"event_name":"Lab","player_choice":"Got Potions","floor":2.0,"gold_loss":0.0,"damage_taken":0.0},{"cards_removed":["Strike_R"],"damage_healed":0.0,"max_hp_gain":0.0,"max_hp_loss":0.0,"gold_gain":0.0,"event_name":"Golden Wing","player_choice":"Card Removal","floor":4.0,"gold_loss":0.0,"damage_taken":7.0},{"cards_removed":["Strike_R"],"damage_healed":0.0,"max_hp_gain":0.0,"max_hp_loss":0.0,"gold_gain":0.0,"event_name":"Living Wall","player_choice":"Forget","floor":5.0,"gold_loss":0.0,"damage_taken":0.0},{"damage_healed":0.0,"max_hp_gain":0.0,"max_hp_loss":0.0,"gold_gain":0.0,"event_name":"Addict","player_choice":"Obtained Relic","floor":21.0,"gold_loss":85.0,"damage_taken":0.0,"relics_obtained":["Anchor"]},{"damage_healed":0.0,"max_hp_gain":0.0,"max_hp_loss":0.0,"gold_gain":0.0,"event_name":"Cursed Tome","player_choice":"Obtained Book","floor":22.0,"gold_loss":0.0,"damage_taken":21.0},{"damage_healed":0.0,"max_hp_gain":0.0,"max_hp_loss":0.0,"gold_gain":0.0,"event_name":"Tomb of Lord Red Mask","player_choice":"Paid","floor":39.0,"gold_loss":40.0,"damage_taken":0.0,"relics_obtained":["Red Mask"]},{"damage_healed":0.0,"max_hp_gain":0.0,"max_hp_loss":0.0,"gold_gain":0.0,"event_name":"SensoryStone","player_choice":"Memory 3","floor":44.0,"gold_loss":0.0,"damage_taken":10.0},{"damage_healed":0.0,"max_hp_gain":0.0,"max_hp_loss":0.0,"gold_gain":0.0,"event_name":"Mysterious Sphere","player_choice":"Ignored","floor":47.0,"gold_loss":0.0,"damage_taken":0.0},{"damage_healed":0.0,"max_hp_gain":0.0,"max_hp_loss":0.0,"gold_gain":0.0,"event_name":"MindBloom","player_choice":"Fight","floor":48.0,"gold_loss":0.0,"damage_taken":0.0}],"is_beta":false,"boss_relics":[{"not_picked":["SlaversCollar","Calling Bell"],"picked":"Runic Cube"},{"not_picked":["Tiny House","Black Blood"],"picked":"Philosopher\u0027s Stone"}],"items_purged_floors":[31,36,53],"is_endless":false,"potions_floor_spawned":[6,13,14,16,19,20,27,30,38,40,54],"ascension_level":15}}