{"host":"ywif2ugnepgiw45s","time":1611960806,"event":{"mods":["Act Like it!","BaseMod","Better Skull","Downfall","Elementarium","GifTheSpireLib","Hermit","Lobotomy","Minty Spire (QoL Compilation)","READ ME - Guardian Mod","Shade Mod","Shop Mod","StSLib","The Cursed","The Exalted","The Jungle","The Servant 0.9.4"],"gold_per_floor":[99,117,117,117,132,132,132,32,43,28,43,68,68,68,81,81,81],"floor_reached":16,"language":"ENG","playtime":592,"items_purged":[],"score":105,"play_id":"a7dfd0d2-7fb7-4e4b-966e-fc77a5b6fd41","local_time":"20210129175326","is_ascension_mode":true,"campfire_choices":[{"data":"Exchange","floor":1,"key":"SMITH"},{"floor":6,"key":"RECALL"},{"data":"Defend_S","floor":8,"key":"SMITH"}],"circlet_count":0,"master_deck":["Strike_S","Strike_S","Strike_S","Strike_S","Defend_S","Defend_S+1","Defend_S+1","Defend_S+1","KidneyShot","Exchange+1","Potential","Potential","Foresight","ShiftingGears","BottledTime"],"relics":["Uniform","Bromod:ArcaneGuardian","War Paint","downfall:HeartBlessingRed","Nunchaku","Lantern","Smiling Mask"],"acts_visited":["Exordium"],"potions_floor_usage":[11,16],"damage_taken":[{"damage":5,"enemies":"Jaw Worm","floor":2,"turns":4},{"damage":0,"enemies":"Small Slimes","floor":5,"turns":3},{"damage":0,"enemies":"2 Louse","floor":9,"turns":2},{"damage":0,"enemies":"downfall:FleeingMerchant","floor":10,"turns":4},{"damage":22,"enemies":"Red Slaver","floor":11,"turns":4},{"damage":14,"enemies":"Gremlin Nob","floor":12,"turns":5},{"damage":12,"enemies":"Gremlin Gang","floor":15,"turns":6},{"damage":22,"enemies":"SI_SHIV_ARCHETYPE","floor":16,"turns":10}],"seed_played":"-4881804071799585377","potions_obtained":[{"floor":2,"key":"ColorlessPotion"},{"floor":12,"key":"DistilledChaos"}],"is_trial":false,"path_per_floor":["R","M","?","?","M","R","T","R","M","$","M","E","?","T","M","B"],"character_chosen":"THE_SERVANT","items_purchased":[],"campfire_rested":0,"item_purchase_floors":[],"current_hp_per_floor":[71,66,63,68,68,68,68,68,68,68,46,32,32,32,20,0,0],"gold":81,"neow_bonus":"TEN_PERCENT_HP_BONUS","is_daily":false,"chose_seed":false,"campfire_upgraded":2,"win_rate":0.0,"timestamp":1611960806,"path_taken":["R","M","?","?","M","R","T","R","M","$","M","E","?","?","M","BOSS"],"items_purchased_type":[],"build_version":"2020-12-22","purchased_purges":0,"victory":false,"max_hp_per_floor":[71,71,71,76,76,76,76,76,76,76,76,76,76,76,76,76,76],"card_choices":[{"not_picked":["Moondial","TimeTheft"],"picked":"Potential","floor":2},{"not_picked":["Rewind","Defy"],"picked":"Potential","floor":5},{"not_picked":["Rearm","Potential","Reset"],"picked":"SKIP","floor":9},{"not_picked":["FastForward","Duplication"],"picked":"Foresight","floor":10},{"not_picked":["Revamp","FastForward","Unruled"],"picked":"SKIP","floor":11},{"not_picked":["DualDimension","WasteNot"],"picked":"ShiftingGears","floor":12},{"not_picked":["Shuttle","DoubleEdge"],"picked":"BottledTime","floor":15}],"player_experience":1768228,"relics_obtained":[{"floor":7,"key":"War Paint"},{"floor":12,"key":"Nunchaku"},{"floor":14,"key":"Smiling Mask"}],"event_choices":[{"damage_healed":0,"gold_gain":0,"player_choice":"Success","damage_taken":3,"relics_obtained":["Bromod:ArcaneGuardian"],"max_hp_gain":0,"max_hp_loss":0,"event_name":"Scrap Ooze","floor":3,"gold_loss":0},{"damage_healed":0,"gold_gain":0,"player_choice":"Donut","damage_taken":0,"max_hp_gain":5,"max_hp_loss":0,"event_name":"Big Fish","floor":4,"gold_loss":0}],"is_beta":false,"boss_relics":[],"items_purged_floors":[],"is_endless":false,"potions_floor_spawned":[2,12],"killed_by":"SI_SHIV_ARCHETYPE","ascension_level":1}}