{"host":"36nosutyzulbwemu","time":1611903080,"event":{"mods":["BaseMod","Downfall","Marisa£®ÏF”Í°°ƒß¿Ì…≥£©","Minty Spire (QoL Compilation)","Reliquary","Replay The Spire","Shop Mod","StSLib","The Bug Knight","The Servant 0.9.4"],"gold_per_floor":[114,114,114,129,48,78,78,78],"floor_reached":7,"language":"ZHS","playtime":2217,"items_purged":[],"score":49,"play_id":"faa65eb0-15de-4cb2-85b0-cb3ceff5ed33","local_time":"20210129145120","daily_mods":["downfall:Improvised","Flight","Night Terrors"],"is_ascension_mode":false,"campfire_choices":[],"circlet_count":0,"master_deck":["Strike_S","Strike_S","Strike_S","Defend_S","Defend_S","Defend_S","Defend_S","KidneyShot","Exchange","sneckomod:UnknownCommonAttack","sneckomod:UnknownCommonAttack","sneckomod:UnknownCommonAttack","sneckomod:UnknownCommonSkill","sneckomod:UnknownCommonSkill","sneckomod:UnknownCommonSkill","sneckomod:UnknownUncommonAttack","sneckomod:UnknownUncommonSkill","sneckomod:UnknownUncommonPower","sneckomod:Unknown","ShatteredReality","Deadline+1","BestPractice","Snipe","Spin"],"relics":["Uniform","Slimebound:StickyStick"],"acts_visited":["Exordium"],"potions_floor_usage":[],"damage_taken":[{"damage":16,"enemies":"Jaw Worm","floor":1,"turns":4},{"damage":1,"enemies":"Small Slimes","floor":4,"turns":4},{"damage":20,"enemies":"Lagavulin","floor":6,"turns":7},{"damage":8,"enemies":"Replay:BlueRogue","floor":7,"turns":4}],"seed_played":"1138922244981197753","potions_obtained":[{"floor":1,"key":"Swift Potion"}],"is_trial":false,"path_per_floor":["M","?","?","M","$","E","E"],"character_chosen":"THE_SERVANT","items_purchased":["Snipe"],"campfire_rested":0,"item_purchase_floors":[5],"current_hp_per_floor":[54,54,65,64,64,44,36,36],"gold":78,"neow_bonus":"","is_daily":true,"chose_seed":false,"campfire_upgraded":0,"win_rate":0.0,"timestamp":1611903080,"path_taken":["M","?","?","?","?","E","E"],"items_purchased_type":["Card"],"build_version":"2020-12-22","purchased_purges":0,"victory":false,"max_hp_per_floor":[65,65,65,65,65,65,65,65],"card_choices":[{"not_picked":["Hightail","DoubleEdge"],"picked":"ShatteredReality","floor":1},{"not_picked":["StarChef","SilverBlades"],"picked":"BestPractice","floor":4},{"not_picked":["Orbit","Hightail"],"picked":"Spin","floor":6}],"player_experience":477743,"relics_obtained":[{"floor":6,"key":"Slimebound:StickyStick"}],"event_choices":[{"damage_healed":11,"gold_gain":0,"player_choice":"Full Heal","damage_taken":0,"max_hp_gain":0,"max_hp_loss":0,"event_name":"Wheel of Change","floor":3,"gold_loss":0}],"is_beta":false,"boss_relics":[],"items_purged_floors":[],"is_endless":false,"potions_floor_spawned":[1],"killed_by":"Replay:BlueRogue","ascension_level":0}}