{"host":"rylkjufw9dlhr07b","time":1611921435,"event":{"mods":["AchievementEnabler","BaseMod","Better Note","BetterRewards","Hubris","Minty Spire (QoL Compilation)","Quick Restart","StSLib"],"gold_per_floor":[117,134,151,168,187,213,213,239,239,186,261,274,274,103,103,179,179,189,204,204,222,222,222,255,255,255,268,287,287,287,302,302,373,373,385,385,402,402,415,448,448,482,482,497,508,2,2,30,30,30],"floor_reached":51,"language":"FRA","playtime":2442,"items_purged":[],"score":2179,"play_id":"a3dd1952-5696-43c4-9541-32da8afb4321","local_time":"20210129125715","is_ascension_mode":true,"campfire_choices":[{"floor":7.0,"key":"REST"},{"data":"1","floor":13.0,"key":"LIFT"},{"data":"2","floor":15.0,"key":"LIFT"},{"data":"3","floor":23.0,"key":"LIFT"},{"data":"Inflame","floor":25.0,"key":"SMITH"},{"data":"Sword Boomerang","floor":29.0,"key":"SMITH"},{"data":"Feed","floor":32.0,"key":"SMITH"},{"data":"Barricade","floor":41.0,"key":"SMITH"},{"floor":49,"key":"REST"}],"circlet_count":0,"master_deck":["AscendersBane","Strike_R+1","Strike_R+1","Strike_R+1","Strike_R+1","Strike_R+1","Defend_R+1","Defend_R+1","Defend_R+1","Defend_R+1","Flex","Uppercut","Power Through","Ghostly Armor","Carnage","True Grit","Exhume","Clash","True Grit","Shrug It Off","Feed","Iron Wave","Inflame+1","Twin Strike","Iron Wave+1","Sword Boomerang+1","Barricade+1","Clash+1","Heavy Blade","Demon Form","Armaments+1"],"relics":["Burning Blood","Incense Burner","hubris:TenFootPole","MealTicket","Anchor","hubris:EmptyBottle","Girya","hubris:IronBody","Brimstone","hubris:RunicObelisk","hubris:Zylophone","Bag of Preparation","hubris:ScarierMask","Molten Egg 2","Torii","Singing Bowl","Pear","Eternal Feather"],"acts_visited":["Exordium","TheCity","TheBeyond"],"potions_floor_usage":[50,50,50,50],"damage_taken":[{"damage":6.0,"enemies":"Cultist","floor":1.0,"turns":3.0},{"damage":1.0,"enemies":"Jaw Worm","floor":2.0,"turns":4.0},{"damage":0.0,"enemies":"Small Slimes","floor":3.0,"turns":5.0},{"damage":0.0,"enemies":"Exordium Wildlife","floor":4.0,"turns":4.0},{"damage":1.0,"enemies":"Blue Slaver","floor":5.0,"turns":4.0},{"damage":20.0,"enemies":"Gremlin Nob","floor":6.0,"turns":5.0},{"damage":15.0,"enemies":"Lagavulin","floor":8.0,"turns":4.0},{"damage":9.0,"enemies":"Red Slaver","floor":12.0,"turns":4.0},{"damage":0.0,"enemies":"Slime Boss","floor":16.0,"turns":6.0},{"damage":5.0,"enemies":"2 Thieves","floor":18.0,"turns":5.0},{"damage":0.0,"enemies":"Chosen","floor":19.0,"turns":3.0},{"damage":8.0,"enemies":"3 Cultists","floor":21.0,"turns":5.0},{"damage":3.0,"enemies":"Slavers","floor":24.0,"turns":4.0},{"damage":0.0,"enemies":"Cultist and Chosen","floor":27.0,"turns":8.0},{"damage":6.0,"enemies":"Chosen and Byrds","floor":28.0,"turns":5.0},{"damage":0.0,"enemies":"Snecko","floor":31.0,"turns":4.0},{"damage":14.0,"enemies":"hubris:MusketHawk","floor":33.0,"turns":4.0},{"damage":0.0,"enemies":"3 Darklings","floor":35.0,"turns":2.0},{"damage":2.0,"enemies":"3 Shapes","floor":37.0,"turns":2.0},{"damage":1.0,"enemies":"Writhing Mass","floor":39.0,"turns":6.0},{"damage":0.0,"enemies":"Reptomancer","floor":40.0,"turns":5.0},{"damage":0.0,"enemies":"Nemesis","floor":42.0,"turns":5.0},{"damage":1.0,"enemies":"Maw","floor":44.0,"turns":5.0},{"damage":18,"enemies":"Spire Growth","floor":45,"turns":4},{"damage":74,"enemies":"Reptomancer","floor":48,"turns":7},{"damage":57,"enemies":"Awakened One","floor":50,"turns":10}],"seed_played":"-3673340478347085066","potions_obtained":[{"floor":3.0,"key":"ColorlessPotion"},{"floor":6.0,"key":"AttackPotion"},{"floor":8.0,"key":"Block Potion"},{"floor":12.0,"key":"GamblersBrew"},{"floor":19.0,"key":"DuplicationPotion"},{"floor":28.0,"key":"LiquidBronze"}],"is_trial":false,"path_per_floor":["M","M","M","M","M","E","R","E","T","$","?","M","R","$","R","B",null,"M","M","?","M","?","R","E","R","T","M","M","R","?","M","R","B",null,"M","?","M","?","M","E","R","E","T","M","M","$","?","E","R","B",null],"character_chosen":"IRONCLAD","items_purchased":["Incense Burner","hubris:TenFootPole","MealTicket","Anchor","hubris:EmptyBottle","Flex","True Grit","Brimstone","Pear","Demon Form","Ancient Potion"],"campfire_rested":2,"item_purchase_floors":[0,0,0,0,0,0,10,14,46,46,46],"current_hp_per_floor":[29,34,40,46,51,37,59,50,50,65,60,57,57,72,72,75,75,75,78,78,79,79,79,84,84,84,90,93,93,91,96,96,88,94,96,99,103,103,107,110,110,114,114,116,106,128,128,60,116,68],"gold":30,"neow_bonus":"","is_daily":false,"chose_seed":false,"campfire_upgraded":4,"win_rate":0.0,"timestamp":1611921435,"path_taken":["M","M","?","?","M","E","R","E","T","?","?","M","R","$","R","BOSS","M","M","?","M","?","R","E","R","T","M","?","R","?","M","R","BOSS","M","?","M","?","M","E","R","E","T","M","?","$","?","E","R","BOSS"],"items_purchased_type":["Relic","Relic","Relic","Relic","Relic","Card","Card","Relic","Relic","Card","Potion"],"build_version":"2020-12-22","purchased_purges":0,"victory":true,"max_hp_per_floor":[75,75,75,75,75,75,75,75,75,75,75,75,75,75,75,75,75,75,78,78,81,81,81,84,84,84,90,93,93,93,96,96,96,96,96,99,103,103,107,110,110,114,114,116,118,128,128,128,128,131],"card_choices":[{"not_picked":["Sever Soul","Rupture"],"picked":"Uppercut","floor":1.0},{"not_picked":["Cleave","Perfected Strike"],"picked":"Power Through","floor":2.0},{"not_picked":["Twin Strike","Headbutt"],"picked":"Ghostly Armor","floor":3.0},{"not_picked":["hubris:ReadiedAction","Shrug It Off"],"picked":"Carnage","floor":4.0},{"not_picked":["Spot Weakness","Bludgeon"],"picked":"True Grit","floor":5.0},{"not_picked":["Fiend Fire","Dual Wield"],"picked":"Exhume","floor":6.0},{"not_picked":["Seeing Red","Carnage"],"picked":"Clash","floor":8.0},{"not_picked":["Warcry","Headbutt"],"picked":"Shrug It Off","floor":12.0},{"not_picked":["Barricade","Offering"],"picked":"Feed","floor":16.0},{"not_picked":["Warcry","hubris:ReadiedAction","True Grit"],"picked":"SKIP","floor":18.0},{"not_picked":["Flex","Seeing Red"],"picked":"Iron Wave","floor":19.0},{"not_picked":["Havoc","Whirlwind"],"picked":"Inflame","floor":21.0},{"not_picked":["Shockwave","Shrug It Off"],"picked":"Twin Strike","floor":24.0},{"not_picked":["Clash","Dual Wield"],"picked":"Iron Wave+1","floor":27.0},{"not_picked":["Burning Pact","Heavy Blade"],"picked":"Sword Boomerang","floor":28.0},{"not_picked":["Rampage","Body Slam"],"picked":"Feed","floor":31.0},{"not_picked":["Fiend Fire","Bludgeon"],"picked":"Barricade","floor":33.0},{"not_picked":["Shockwave+1","Anger+1","Wild Strike"],"picked":"SKIP","floor":35.0},{"not_picked":["Shrug It Off","Seeing Red"],"picked":"Clash+1","floor":37.0},{"not_picked":["Twin Strike","Bloodletting+1"],"picked":"Heavy Blade","floor":39.0},{"not_picked":["Combust","Flex+1","Rage+1"],"picked":"SKIP","floor":40.0},{"not_picked":["Anger+1","Flex","Warcry"],"picked":"SKIP","floor":42.0},{"not_picked":["Rage+1","Shockwave","Warcry"],"picked":"Singing Bowl","floor":44.0},{"not_picked":["Warcry+1","Dual Wield","Anger+1"],"picked":"Singing Bowl","floor":45},{"not_picked":["Hemokinesis+1","Wild Strike+1"],"picked":"Armaments+1","floor":48}],"player_experience":564786,"relics_obtained":[{"floor":6.0,"key":"Girya"},{"floor":9.0,"key":"hubris:IronBody"},{"floor":24.0,"key":"hubris:Zylophone"},{"floor":26.0,"key":"Bag of Preparation"},{"floor":40.0,"key":"Molten Egg 2"},{"floor":42.0,"key":"Torii"},{"floor":43.0,"key":"Singing Bowl"},{"floor":48,"key":"Eternal Feather"}],"event_choices":[{"damage_healed":0.0,"max_hp_gain":0.0,"max_hp_loss":0.0,"gold_gain":75.0,"event_name":"World of Goop","player_choice":"Gather Gold","floor":11.0,"gold_loss":0.0,"damage_taken":11.0},{"damage_healed":0.0,"max_hp_gain":0.0,"max_hp_loss":0.0,"gold_gain":0.0,"event_name":"betterNote:BetterNote","player_choice":"Ignored","floor":20.0,"gold_loss":0.0,"damage_taken":0.0,"cards_obtained":["SignatureMove"]},{"damage_healed":0.0,"max_hp_gain":0.0,"max_hp_loss":0.0,"gold_gain":0.0,"event_name":"Back to Basics","player_choice":"Simplicity","floor":22.0,"gold_loss":0.0,"damage_taken":0.0,"cards_upgraded":["Strike_R","Strike_R","Strike_R","Strike_R","Strike_R","Defend_R","Defend_R","Defend_R","Defend_R"]},{"damage_healed":0.0,"max_hp_gain":0.0,"max_hp_loss":0.0,"gold_gain":0.0,"event_name":"The Woman in Blue","player_choice":"Bought 0 Potions","floor":30.0,"gold_loss":0.0,"damage_taken":0.0},{"cards_removed":["Bash"],"damage_healed":0.0,"max_hp_gain":0.0,"max_hp_loss":0.0,"gold_gain":0.0,"event_name":"Purifier","player_choice":"Purged","floor":38.0,"gold_loss":0.0,"damage_taken":0.0},{"cards_removed":["Feed"],"damage_healed":0,"gold_gain":0,"player_choice":"Removed Attack","damage_taken":0,"max_hp_gain":0,"max_hp_loss":0,"event_name":"Falling","floor":47,"gold_loss":0}],"is_beta":false,"boss_relics":[{"not_picked":["Runic Cube","Busted Crown"],"picked":"hubris:RunicObelisk"},{"not_picked":["hubris:HollowSoul","SlaversCollar"],"picked":"hubris:ScarierMask"}],"items_purged_floors":[],"is_endless":false,"potions_floor_spawned":[3,6,8,12,19,28,33,35,40,48],"ascension_level":18}}