{"host":"5h6e4l6hpn0p5lap","time":1611945047,"event":{"mods":["AchievementEnabler","BaseMod","Better Altar","Better Match","Better Sensory Stone","Better Skull","Better Third Choice","Filter the Spire","Highlight Path","Minty Spire (QoL Compilation)","StSLib"],"gold_per_floor":[216,236,255,8,28,28,60,60,87,87,101,134,134,145,145,241,241,261,273,273,44,60,72,72,72,122,155,174,192,206,206,206,206,206],"floor_reached":33,"language":"ENG","playtime":1501,"items_purged":["Strike_R"],"score":306,"play_id":"ff047d1a-8341-4ff5-a3d1-1725ec83b0c4","local_time":"20210129133047","is_ascension_mode":false,"campfire_choices":[{"data":"Sword Boomerang","floor":6,"key":"SMITH"},{"data":"Sever Soul","floor":8,"key":"SMITH"},{"data":"True Grit","floor":13,"key":"SMITH"},{"floor":15,"key":"REST"},{"floor":24,"key":"REST"},{"floor":32,"key":"REST"}],"circlet_count":0,"master_deck":["Defend_R","Defend_R","Defend_R","Bash","Sword Boomerang+1","Inflame","Sever Soul+1","Disarm","Flame Barrier","Anger","True Grit+1","True Grit","Immolate+1","Sentinel+1","Warcry+1","Clothesline+1","Wild Strike","Evolve+1","Dark Embrace","Metallicize+1","Shrug It Off","Fire Breathing","Searing Blow"],"relics":["Burning Blood","Matryoshka","Art of War","Whetstone","Blood Vial","PreservedInsect","Astrolabe","Medical Kit","Anchor","Du-Vu Doll"],"acts_visited":["Exordium","TheCity"],"potions_floor_usage":[12,19,22,22,28,33],"damage_taken":[{"damage":1,"enemies":"Cultist","floor":1,"turns":3},{"damage":10,"enemies":"Small Slimes","floor":2,"turns":3},{"damage":6,"enemies":"Jaw Worm","floor":3,"turns":3},{"damage":12,"enemies":"Looter","floor":5,"turns":4},{"damage":28,"enemies":"Gremlin Nob","floor":7,"turns":4},{"damage":22,"enemies":"Exordium Thugs","floor":11,"turns":4},{"damage":0,"enemies":"Lagavulin","floor":12,"turns":4},{"damage":8,"enemies":"Blue Slaver","floor":14,"turns":3},{"damage":24,"enemies":"The Guardian","floor":16,"turns":11},{"damage":25,"enemies":"Shell Parasite","floor":18,"turns":4},{"damage":5,"enemies":"3 Byrds","floor":19,"turns":4},{"damage":28,"enemies":"Cultist and Chosen","floor":22,"turns":7},{"damage":16,"enemies":"Centurion and Healer","floor":23,"turns":8},{"damage":31,"enemies":"Gremlin Leader","floor":27,"turns":9},{"damage":3,"enemies":"Snake Plant","floor":28,"turns":5},{"damage":11,"enemies":"Chosen and Byrds","floor":29,"turns":6},{"damage":16,"enemies":"Snecko","floor":30,"turns":5},{"damage":71,"enemies":"Champ","floor":33,"turns":11}],"seed_played":"2568171861840147636","potions_obtained":[{"floor":3,"key":"SpeedPotion"},{"floor":5,"key":"PowerPotion"},{"floor":7,"key":"DuplicationPotion"},{"floor":16,"key":"SteroidPotion"},{"floor":19,"key":"BlessingOfTheForge"},{"floor":22,"key":"FearPotion"},{"floor":27,"key":"BloodPotion"}],"is_trial":false,"path_per_floor":["M","M","M","$","M","R","E","R","T","?","M","E","R","M","R","B",null,"M","M","?","$","M","M","R","$","T","E","M","M","M","?","R","B"],"character_chosen":"IRONCLAD","items_purchased":["Matryoshka","Medical Kit"],"campfire_rested":3,"item_purchase_floors":[4,21],"current_hp_per_floor":[80,76,76,76,70,70,48,48,48,48,34,42,42,42,66,50,80,61,64,64,64,44,36,60,60,60,37,58,55,47,47,71,2,2],"gold":206,"neow_bonus":"HUNDRED_GOLD","is_daily":false,"chose_seed":false,"campfire_upgraded":3,"win_rate":0.0,"timestamp":1611945047,"path_taken":["M","M","M","$","M","R","E","R","T","?","M","E","R","M","R","BOSS","M","M","?","$","M","M","R","?","T","E","M","M","M","?","R","BOSS"],"items_purchased_type":["Relic","Relic"],"build_version":"2020-12-22","purchased_purges":1,"victory":false,"max_hp_per_floor":[80,80,80,80,80,80,80,80,80,80,80,80,80,80,80,80,80,80,80,80,80,80,80,80,80,80,80,80,80,80,80,80,80,80],"card_choices":[{"not_picked":["Warcry","Bloodletting"],"picked":"Sword Boomerang","floor":1},{"not_picked":["Body Slam","Shrug It Off"],"picked":"Inflame","floor":2},{"not_picked":["True Grit","Heavy Blade"],"picked":"Sever Soul","floor":3},{"not_picked":["Iron Wave","Carnage"],"picked":"Disarm","floor":5},{"not_picked":["Clash","Dark Embrace"],"picked":"Flame Barrier","floor":7},{"not_picked":["Warcry","Heavy Blade"],"picked":"Anger","floor":11},{"not_picked":["Fiend Fire","Anger"],"picked":"True Grit","floor":12},{"not_picked":["Perfected Strike","Seeing Red"],"picked":"True Grit","floor":14},{"not_picked":["Impervious","Offering"],"picked":"Immolate","floor":16},{"not_picked":["Havoc","Cleave"],"picked":"Clothesline+1","floor":18},{"not_picked":["Battle Trance","Pommel Strike","Heavy Blade"],"picked":"SKIP","floor":19},{"not_picked":["Sword Boomerang","Bloodletting"],"picked":"Evolve+1","floor":22},{"not_picked":["Combust","Clothesline+1","Perfected Strike"],"picked":"SKIP","floor":23},{"not_picked":["Combust+1","Iron Wave","Thunderclap"],"picked":"SKIP","floor":27},{"not_picked":["Headbutt","Clash"],"picked":"Dark Embrace","floor":28},{"not_picked":["Thunderclap","Juggernaut"],"picked":"Metallicize+1","floor":29},{"not_picked":["Wild Strike","Sword Boomerang"],"picked":"Shrug It Off","floor":30}],"player_experience":1016110,"relics_obtained":[{"floor":7,"key":"Art of War"},{"floor":9,"key":"Whetstone"},{"floor":9,"key":"Blood Vial"},{"floor":12,"key":"PreservedInsect"},{"floor":26,"key":"Anchor"},{"floor":27,"key":"Du-Vu Doll"}],"event_choices":[{"damage_healed":48,"gold_gain":0,"player_choice":"Leave","damage_taken":0,"max_hp_gain":0,"max_hp_loss":80,"event_name":"betterThird:BetterShining","floor":10,"gold_loss":0},{"damage_healed":0,"gold_gain":0,"cards_transformed":["Immolate"],"player_choice":"Transformed","damage_taken":0,"max_hp_gain":0,"max_hp_loss":0,"event_name":"Transmorgrifier","floor":20,"gold_loss":0,"cards_obtained":["Wild Strike"]},{"damage_healed":0,"gold_gain":0,"cards_transformed":["Strike_R","Strike_R"],"player_choice":"Became Test Subject","damage_taken":0,"max_hp_gain":0,"max_hp_loss":0,"event_name":"Drug Dealer","floor":31,"gold_loss":0,"cards_obtained":["Fire Breathing","Searing Blow"]}],"is_beta":false,"boss_relics":[{"not_picked":["SacredBark","Black Blood"],"picked":"Astrolabe"}],"items_purged_floors":[21],"is_endless":false,"potions_floor_spawned":[3,5,7,16,19,22,27],"killed_by":"Champ","ascension_level":0}}