{"host":"95i1gxnztdrdyvhi","time":1611900632,"event":{"mods":["AchievementEnabler","Act Like it!","BaseMod","Downfall","Minty Spire (QoL Compilation)","Quick Restart","StSLib"],"gold_per_floor":[99,111,21,21,31,45,45,76,93,111,261,271,71,71,85,186,186,186,200,211,211,96,131,168,180,180,180],"floor_reached":25,"language":"ENG","playtime":1480,"items_purged":["bronze:Defend","downfall:Icky"],"score":273,"play_id":"5b1df00a-6ad3-445e-adac-a2c053a8916c","local_time":"20210129061032","is_ascension_mode":false,"campfire_choices":[{"data":"bronze:Replicate","floor":1.0,"key":"SMITH"},{"data":"bronze:Constructor","floor":13.0,"key":"SMITH"},{"floor":18.0,"key":"RECALL"}],"circlet_count":0,"master_deck":["bronze:Strike","bronze:Strike","bronze:Defend","bronze:Defend","bronze:Defend","bronze:Replicate+1","bronze:Goto","bronze:ClassDefault","bronze:Constructor+1","bronze:OilSpill","bronze:Terminator","bronze:Repulsor","bronze:HyperBeam","bronze:OilSpill","bronze:Mutator","bronze:FindAndReplace"],"relics":["bronze:BronzeCore","downfall:ShatteredFragment","Bottled Lightning","downfall:HeartBlessingGreen","downfall:HeartBlessingBlue","Black Star","MawBank","Pocketwatch","Akabeko"],"acts_visited":["Exordium","TheCity"],"potions_floor_usage":[],"damage_taken":[{"damage":2.0,"enemies":"Small Slimes","floor":2.0,"turns":4.0},{"damage":0.0,"enemies":"downfall:FleeingMerchant","floor":3.0,"turns":4.0},{"damage":0.0,"enemies":"2 Louse","floor":5.0,"turns":2.0},{"damage":0.0,"enemies":"Cultist","floor":6.0,"turns":2.0},{"damage":13.0,"enemies":"Lagavulin","floor":8.0,"turns":6.0},{"damage":0.0,"enemies":"Exordium Wildlife","floor":9.0,"turns":3.0},{"damage":0.0,"enemies":"2 Fungi Beasts","floor":10.0,"turns":3.0},{"damage":2.0,"enemies":"Blue Slaver","floor":12.0,"turns":4.0},{"damage":2.0,"enemies":"Large Slime","floor":15.0,"turns":4.0},{"damage":0.0,"enemies":"IC_STATUS_ARCHETYPE","floor":16.0,"turns":6.0},{"damage":2.0,"enemies":"3 Byrds","floor":19.0,"turns":5.0},{"damage":41.0,"enemies":"Cultist and Chosen","floor":20.0,"turns":7.0},{"damage":0.0,"enemies":"downfall:FleeingMerchant","floor":22.0,"turns":4.0},{"damage":25.0,"enemies":"Slavers","floor":23.0,"turns":5.0},{"damage":6,"enemies":"Centurion and Healer","floor":25,"turns":2}],"seed_played":"1740591897547653873","potions_obtained":[{"floor":2.0,"key":"SteroidPotion"},{"floor":5.0,"key":"Swift Potion"},{"floor":12.0,"key":"hexamod:SoulburnPotion"},{"floor":21.0,"key":"downfall:CursedFountainPotion"}],"is_trial":false,"path_per_floor":["R","M","$","?","M","M","T","E","M","M","?","M","R","?","M","B",null,"R","M","M","?","$","E","T","M"],"character_chosen":"THE_AUTOMATON","items_purchased":[],"campfire_rested":0,"item_purchase_floors":[],"current_hp_per_floor":[70,68,68,47,47,47,47,34,34,34,34,32,42,42,40,40,80,80,78,37,37,37,12,12,6,6,6],"gold":180,"neow_bonus":"REMOVE_CARD","is_daily":false,"chose_seed":false,"campfire_upgraded":2,"win_rate":0.0,"timestamp":1611900632,"path_taken":["R","M","$","?","M","M","T","E","M","M","?","M","R","?","M","BOSS","R","M","M","?","$","E","T","M"],"items_purchased_type":[],"build_version":"2020-12-22","purchased_purges":2,"victory":false,"max_hp_per_floor":[70,70,70,70,70,70,70,70,70,70,70,70,80,80,80,80,80,80,80,80,80,80,80,80,80,80,80],"card_choices":[{"not_picked":["bronze:Shield","bronze:Turbo"],"picked":"bronze:ClassDefault","floor":2.0},{"not_picked":["bronze:Frontload","bronze:Optimize"],"picked":"bronze:Constructor","floor":3.0},{"not_picked":["bronze:Turbo","bronze:Frontload"],"picked":"bronze:OilSpill","floor":5.0},{"not_picked":["bronze:Optimize","bronze:Deprecate"],"picked":"bronze:Terminator","floor":6.0},{"not_picked":["bronze:DarkDash","bronze:CutThrough","bronze:Philosophize"],"picked":"SKIP","floor":8.0},{"not_picked":["bronze:Deprecate","bronze:DarkDash","bronze:FineTuning"],"picked":"SKIP","floor":9.0},{"not_picked":["bronze:BronzeArmor","bronze:FineTuning"],"picked":"bronze:Repulsor","floor":10.0},{"not_picked":["bronze:BuggyMess","bronze:Terminator"],"picked":"bronze:HyperBeam","floor":12.0},{"not_picked":["bronze:Invalidate","bronze:Iterate"],"picked":"bronze:OilSpill","floor":15.0},{"not_picked":["bronze:ShipIt","bronze:AlphaBuild"],"picked":"bronze:Mutator","floor":16.0},{"not_picked":["bronze:Repulsor","bronze:WhirlingStrike","bronze:CutThrough"],"picked":"SKIP","floor":19.0},{"not_picked":["bronze:Constructor","bronze:CutThrough+1","bronze:Turbo"],"picked":"SKIP","floor":20.0},{"not_picked":["bronze:Branch","bronze:BuggyMess","bronze:Overheat"],"picked":"SKIP","floor":22.0},{"not_picked":["bronze:Turbo","bronze:BuggyMess+1"],"picked":"bronze:FindAndReplace","floor":23.0}],"player_experience":842450,"relics_obtained":[{"floor":8.0,"key":"Bottled Lightning"},{"floor":23.0,"key":"MawBank"},{"floor":23.0,"key":"Pocketwatch"},{"floor":24.0,"key":"Akabeko"}],"event_choices":[],"is_beta":false,"boss_relics":[{"not_picked":["bronze:MakeshiftBattery","Philosopher\u0027s Stone"],"picked":"Black Star"}],"items_purged_floors":[3,22],"is_endless":false,"potions_floor_spawned":[2,5,12,16],"killed_by":"Centurion and Healer","ascension_level":0}}