{"host":"71m6b5pyuze2esq2","time":1611952382,"event":{"mods":["2.2 Compatiblity","A Penny For Your Troubles","AchievementEnabler","Act Like it!","Aspiration","Astrologer","BaseMod","Better Debug","Better Note","Better Sensory Stone","Better Third Choice","CapriCore","Chat Monstrosity","Colored Powertips","Conjunction","Conspire","Defective Defect","Dota2Spire","Downfall","EXCEPTION","Ekko","Elementarium","Energized Spire","Friendly Minions","Gensokyo","GifTheSpireLib","Googly Eyes","Halation","Hallownest","Hermit","HexUI Lib","HololiveMod","Hubris","Infinite Spire","Ironclad Rager","Jedi Mod","Jess\u0027s Bottle","Mad Scientist","Marisa（霧雨　魔理沙）","Melee Mod","Menagerie","Mimic Mod","Minty Spire (QoL Compilation)","Morshu Shopkeeper","Permanent Neow","Poor People Problems","Quarter Circle Forward PUNCH!","Random Character Button","Rare Cards Sparkle","RatMod","Reliquary","Replay The Spire","Robot Space Explorer","Ryuuou龙王","Shade Mod","Shedinja","Shop Mod","Small Relic Pack","Somnambulant","Spicy Shops","Spikes Relics","Spire Arcade","StS++","StSLib","The Animator","The Blackbeard","The Bladedancer","The Blue Laboratory","The Bug Knight","The Construct","The Cursed","The Dragon Tamer","The Edgeheg","The Elementalist","The Gatherer","The Hayseed","The Hierophant","The Immortal","The Mystic","The Necromancer","The Poker Player","The Runesmith","The Servant 0.9.4","The Valiant","The Wild Card","TheFirefly","Trackpad","Uncapped","Useless Jewels Mod","Virulent Crown","Waifu the Spire","Wandering Minibosses","WarShipGirlsR/战舰少女R mod","Wide Potions","egg","everything is the same but u backflip on backflip","slay the spire mod where everything is the same but ironclad has a cowboy hat"],"gold_per_floor":[110,110,58,58,72,72,100,114,114,114,125,159,87,97,97,194,194,214,214,133,148,160,160,192,217,243,273,291,291,307,2,2,100,100,112,112,43,43,61,86,86,86,136,136,154,167,18,18,18,18,18,18,32,65,65],"floor_reached":56,"language":"ENG","playtime":5404,"items_purged":["Gatherer:EnergyBasket","ReplayTheSpireMod:Necrosis"],"score":1423,"play_id":"d0da5779-9fa1-4eb2-9375-40fbb5d2f74b","local_time":"20210129143302","is_ascension_mode":false,"campfire_choices":[{"data":"Neutralize","floor":6,"key":"SMITH"},{"floor":10,"key":"REST"},{"floor":15,"key":"DIG"},{"floor":23,"key":"REST"},{"floor":32,"key":"DIG"},{"floor":44,"key":"REST"},{"floor":49,"key":"RECALL"},{"data":"ReplayTheSpireMod:Scrap Shanks","floor":52,"key":"SMITH"}],"circlet_count":0,"master_deck":["Strike_G","Strike_G","Defend_G","Defend_G","Defend_G","Survivor","Neutralize+1","Cleave","Twin Strike","jedi:MakeshiftSword","Backflip","Dagger Throw","ReplayTheSpireMod:Scrap Shanks+1","hubris:SlightOfHand","blackbeard:Sword","theWildCard:IdentityTheft","hexamod:EtherealExpedition","Runesmith:HammerThrow","Dash+1","Outmaneuver","Warcry","jedi:pocketpoison","Reaper","Seeing Red+1","infinitespire:Execution","Slice","Envenom","Replay:Poison Smokescreen+1","Dodge and Roll","ShadowRift+1","Underhanded Strike+1","Intimidate","StSpp:SpareBlade","StSpp:MuscleMemory+1"],"relics":["aspiration:IroncladSkillbook","halation:PinkSoulGem","Dota2Spire:ArcaneBoots","Dota2Spire:PowerTreads","Anchor","rat:SoulRing","Ornamental Fan","halation:LettersToHer","jedi:gremlinknob","reliquary:PorcupineQuills","Snecko Scales","Unceasing Top","TwistedFunnel","Dota2Spire:RefresherOrb","MerchantsRug","Dead Branch","ReplayTheSpireMod:Onyx Gauntlets","StSpp:Monolith","relicPack:DSword","ToxicTincture","Blue Candle"],"acts_visited":["Gensokyo:Gensokyo","Gensokyo:Gensokyoer","Gensokyo:Gensokyoest","TheEnding"],"potions_floor_usage":[12,18,27,33,33,50],"damage_taken":[{"damage":0,"enemies":"Gensokyo:Gryphon","floor":1,"turns":5},{"damage":1,"enemies":"Gensokyo:Python","floor":5,"turns":4},{"damage":3,"enemies":"Gensokyo:Cirno","floor":7,"turns":6},{"damage":0,"enemies":"Gensokyo:2_Kodama","floor":8,"turns":4},{"damage":0,"enemies":"Gensokyo:5_Fairies","floor":11,"turns":4},{"damage":6,"enemies":"Gensokyo:Aya","floor":12,"turns":6},{"damage":3,"enemies":"Gensokyo:Python_and_Kodama","floor":14,"turns":4},{"damage":44,"enemies":"Gensokyo:Yukari","floor":16,"turns":7},{"damage":19,"enemies":"Gensokyo:3_Dogs","floor":18,"turns":4},{"damage":24,"enemies":"Gensokyo:CosmicMonolith","floor":21,"turns":5},{"damage":1,"enemies":"Gensokyo:Swordslinger","floor":22,"turns":4},{"damage":11,"enemies":"Gensokyo:Tenshi","floor":24,"turns":5},{"damage":11,"enemies":"Gensokyo:Koishi","floor":27,"turns":5},{"damage":32,"enemies":"Gensokyo:3_Gloops","floor":28,"turns":4},{"damage":0,"enemies":"Gensokyo:Slime_Group","floor":30,"turns":2},{"damage":14,"enemies":"Gensokyo:Eternal_Rivals","floor":33,"turns":5},{"damage":0,"enemies":"Gensokyo:3_Boulders","floor":35,"turns":2},{"damage":0,"enemies":"Gensokyo:AncientGuardian","floor":39,"turns":1},{"damage":0,"enemies":"Gensokyo:Kasen","floor":40,"turns":1},{"damage":0,"enemies":"Gensokyo:Dusk_and_Dawn","floor":45,"turns":1},{"damage":0,"enemies":"Gensokyo:3_Boulders","floor":46,"turns":2},{"damage":0,"enemies":"Gensokyo:Yuyuko","floor":50,"turns":2},{"damage":0,"enemies":"Shield and Spear","floor":54,"turns":1},{"damage":41,"enemies":"The Heart","floor":55,"turns":5}],"seed_played":"-732681874167514265","potions_obtained":[{"floor":5,"key":"blueLaboratory:ImpenetrablePotion"},{"floor":8,"key":"blueLaboratory:ArtistsPotion"},{"floor":16,"key":"ColorlessPotion"},{"floor":18,"key":"blueLaboratory:CorrosionFlask"},{"floor":22,"key":"Cursed Concoction"},{"floor":27,"key":"blueLaboratory:NinjaPotion"},{"floor":33,"key":"blueLaboratory:AbyssPotion"},{"floor":39,"key":"Weak Potion"},{"floor":40,"key":"blueLaboratory:ArtificerPotion"},{"floor":45,"key":"jedi:StrikingPotion"}],"is_trial":false,"path_per_floor":["M","?","COS","T","M","R","E","M","T","R","M","E","$","M","R","B",null,"M","?","COS","M","M","R","E","T","T","E","M","AVR","M","$","R","B",null,"M","?","$","?","M","E","?","COS","T","R","M","M","$","?","R","B",null,"R","$","E","B",null],"character_chosen":"THE_SILENT","items_purchased":["rat:SoulRing","TwistedFunnel","halation:Convergence","MerchantsRug","Dead Branch","ToxicTincture","StSpp:SpareBlade"],"campfire_rested":3,"item_purchase_floors":[13,31,31,37,37,47,53],"current_hp_per_floor":[70,70,70,70,70,70,70,70,70,70,70,68,68,69,69,29,70,55,55,55,35,38,59,52,52,52,45,17,17,33,33,33,49,70,70,70,70,53,53,53,18,18,18,48,53,53,53,53,53,53,53,53,53,53,53],"gold":65,"neow_bonus":"BOSS_RELIC","is_daily":false,"chose_seed":false,"campfire_upgraded":2,"win_rate":0.0,"timestamp":1611952382,"path_taken":["M","?","COS","?","M","R","E","?","T","R","M","E","$","M","R","BOSS","M","?","COS","M","M","R","E","?","T","E","M","AVR","M","?","R","BOSS","M","?","?","?","?","E","?","COS","T","R","?","M","$","?","R","BOSS","R","$","E","BOSS"],"items_purchased_type":["Relic","Relic","Relic","Relic","Relic","Relic","Card"],"build_version":"2020-12-22","purchased_purges":2,"victory":true,"max_hp_per_floor":[70,70,70,70,70,70,70,70,70,70,70,70,70,70,70,70,70,70,70,70,70,70,70,70,70,70,70,70,70,70,70,70,70,70,70,70,70,53,53,53,53,53,53,53,53,53,53,53,53,53,53,53,53,53,53],"card_choices":[{"not_picked":["ShadowRift","Outmaneuver","Backstab"],"picked":"Cleave","floor":1},{"not_picked":["rat:DextrousStrike","ShadowRift","Combust"],"picked":"Twin Strike","floor":5},{"not_picked":["Offering","Eclipse","StSpp:TimeParadox"],"picked":"jedi:MakeshiftSword","floor":7},{"not_picked":["Power Through","hubris:Counter","Thunderclap"],"picked":"Backflip","floor":8},{"not_picked":["Heavy Blade","Searing Blow","Inflame"],"picked":"Dagger Throw","floor":11},{"not_picked":["Eviscerate","Anger","Twin Strike"],"picked":"ReplayTheSpireMod:Scrap Shanks","floor":12},{"not_picked":["Backflip","Dagger Spray","Armaments"],"picked":"hubris:SlightOfHand","floor":14},{"not_picked":["Bullet Time","jedi:bloodyhammer","Hemogenesis"],"picked":"ReplayTheSpireMod:Necrosis","floor":16},{"not_picked":["True Grit+1","StSpp:Throw","Second Wind"],"picked":"Dash+1","floor":18},{"not_picked":["PiercingWail","True Grit","Setup"],"picked":"Outmaneuver","floor":21},{"not_picked":["ReplayTheSpireMod:Tripwire","Wraith Form v2","Heavy Blade"],"picked":"Warcry","floor":22},{"not_picked":["StSpp:Throw","Bloodletting","Entrench"],"picked":"jedi:pocketpoison","floor":24},{"not_picked":["Pommel Strike","ShadowRift","rat:RuptureArtery+1"],"picked":"Reaper","floor":27},{"not_picked":["Anger","Clothesline+1","Cleave+1"],"picked":"Seeing Red+1","floor":28},{"not_picked":["Outmaneuver","jedi:controlledanger+1","Wild Strike"],"picked":"Slice","floor":30},{"not_picked":["StSpp:IntoTheAbyss","Night Terror","rat:Dispatch"],"picked":"Envenom","floor":33},{"not_picked":["Anger","Dagger Throw","rat:WitheringShackles"],"picked":"Replay:Poison Smokescreen+1","floor":35},{"not_picked":["ReplayReversal+1","rat:ArgentInfusion+1","Bouncing Flask"],"picked":"Dodge and Roll","floor":39},{"not_picked":["infinitespire:OneForAll","rat:EchoingStrikes","Escape Plan"],"picked":"ShadowRift+1","floor":40},{"not_picked":["rat:SilverDagger","rat:SilveredBlade","Shrug It Off+1"],"picked":"Underhanded Strike+1","floor":45},{"not_picked":["Heavy Blade+1","StSpp:Betrayal","Flex+1"],"picked":"Intimidate","floor":46},{"not_picked":["rat:SilveredBlade+1","Sword Boomerang","StSpp:PoisonousPunch+1"],"picked":"StSpp:MuscleMemory+1","floor":54}],"player_experience":526383,"relics_obtained":[{"floor":7,"key":"Dota2Spire:ArcaneBoots"},{"floor":9,"key":"Anchor"},{"floor":12,"key":"Replay:Baseball"},{"floor":15,"key":"halation:PrussianBluePaint"},{"floor":24,"key":"Ornamental Fan"},{"floor":26,"key":"halation:LettersToHer"},{"floor":27,"key":"reliquary:PorcupineQuills"},{"floor":32,"key":"reliquary:TatteredRug"},{"floor":40,"key":"StSpp:Monolith"},{"floor":43,"key":"halation:LettersToHer"},{"floor":43,"key":"Regal Pillow"},{"floor":54,"key":"Blue Candle"}],"event_choices":[],"is_beta":false,"boss_relics":[{"not_picked":["jedi:battlestandard","Hololive_TopUpMoneyS"],"picked":"qcfpunch:Killian_Engine_Alpha"},{"not_picked":["hubris:VirtuousBlindfold","reliquary:WritOfMandamus"],"picked":"Dota2Spire:RefresherOrb"}],"items_purged_floors":[29,31],"is_endless":false,"potions_floor_spawned":[5,8,16,18,22,27,28,33,39,40,45],"ascension_level":0}}