{"host":"ow66nzv2xecjoor3","time":1611909075,"event":{"mods":["BaseMod","Bestiary","Block Reminder","Colored Powertips","Curses Come First","Highlight Path","Keyboard Shortcuts","Minty Spire (QoL Compilation)","Permanent Neow","Relic Stats","StSLib","UnlockEverythingMod"],"gold_per_floor":[111,126,141,141,155,155,189,200,249,249,249,249,262,262,262],"floor_reached":14,"language":"ENG","playtime":678,"items_purged":[],"score":184,"play_id":"28dfc51b-56a2-4d0a-992b-26a482d2168f","local_time":"20210129023115","is_ascension_mode":true,"campfire_choices":[{"data":"Go for the Eyes","floor":6.0,"key":"SMITH"},{"data":"Recycle","floor":10.0,"key":"SMITH"}],"circlet_count":0,"master_deck":["AscendersBane","Strike_B","Strike_B","Defend_B","Defend_B","Defend_B","Zap","Dualcast","Gash","Darkness","Gash","Leap","Go for the Eyes+1","Recycle+1","Lockon"],"relics":["Cracked Core","Meat on the Bone"],"acts_visited":["Exordium"],"potions_floor_usage":[14,14],"damage_taken":[{"damage":6.0,"enemies":"Cultist","floor":1.0,"turns":3.0},{"damage":0.0,"enemies":"2 Louse","floor":2.0,"turns":1.0},{"damage":0.0,"enemies":"Small Slimes","floor":3.0,"turns":2.0},{"damage":1.0,"enemies":"Looter","floor":5.0,"turns":4.0},{"damage":6.0,"enemies":"Lagavulin","floor":7.0,"turns":6.0},{"damage":33.0,"enemies":"Gremlin Gang","floor":8.0,"turns":4.0},{"damage":32.0,"enemies":"Exordium Wildlife","floor":13.0,"turns":5.0},{"damage":18,"enemies":"Gremlin Nob","floor":14,"turns":3}],"seed_played":"-6745282663584487401","potions_obtained":[{"floor":2.0,"key":"Dexterity Potion"},{"floor":3.0,"key":"DistilledChaos"},{"floor":8.0,"key":"BlessingOfTheForge"}],"is_trial":false,"path_per_floor":["M","M","M","?","M","R","E","M","T","R","?","?","M","E"],"character_chosen":"DEFECT","items_purchased":[],"campfire_rested":0,"item_purchase_floors":[],"current_hp_per_floor":[58,58,58,58,57,57,51,30,30,30,35,35,15,0,0],"gold":262,"neow_bonus":"TRANSFORM_TWO_CARDS","is_daily":false,"chose_seed":false,"campfire_upgraded":2,"win_rate":0.0,"timestamp":1611909075,"path_taken":["M","M","?","?","M","R","E","M","T","R","?","?","?","E"],"items_purchased_type":[],"build_version":"2020-12-22","purchased_purges":0,"victory":false,"max_hp_per_floor":[64,64,64,64,64,64,64,64,64,64,69,69,69,69,69],"relic_stats":{"counters":[8,28],"obtain_stats":[{"Cracked Core":0,"Meat on the Bone":7},{"Cracked Core":0,"Meat on the Bone":5},{"Cracked Core":0,"Meat on the Bone":16}],"Meat on the Bone":24},"card_choices":[{"not_picked":["Barrage","Skim"],"picked":"Gash","floor":1.0},{"not_picked":["Stack","Steam","Reprogram"],"picked":"SKIP","floor":2.0},{"not_picked":["Amplify","Force Field"],"picked":"Leap","floor":3.0},{"not_picked":["Heatsinks","Tempest"],"picked":"Go for the Eyes","floor":5.0},{"not_picked":["Double Energy","Tempest","Fusion"],"picked":"SKIP","floor":7.0},{"not_picked":["Redo","Fusion"],"picked":"Recycle","floor":8.0},{"not_picked":["White Noise","Cold Snap"],"picked":"Lockon","floor":13.0}],"player_experience":2763487,"relics_obtained":[{"floor":7.0,"key":"Meat on the Bone"}],"event_choices":[{"damage_healed":0.0,"max_hp_gain":0.0,"max_hp_loss":0.0,"gold_gain":0.0,"event_name":"Liars Game","player_choice":"Ignored","floor":4.0,"gold_loss":0.0,"damage_taken":0.0},{"damage_healed":0.0,"max_hp_gain":5.0,"max_hp_loss":0.0,"gold_gain":0.0,"event_name":"Big Fish","player_choice":"Donut","floor":11.0,"gold_loss":0.0,"damage_taken":0.0},{"cards_removed":["Strike_B"],"damage_healed":0.0,"max_hp_gain":0.0,"max_hp_loss":0.0,"gold_gain":0.0,"event_name":"Bonfire Elementals","player_choice":"Offered Basic","floor":12.0,"gold_loss":0.0,"damage_taken":0.0}],"is_beta":false,"boss_relics":[],"items_purged_floors":[],"is_endless":false,"potions_floor_spawned":[2,3,8,13],"killed_by":"Gremlin Nob","ascension_level":20}}