{"host":"y89x8uui45kcjy42","time":1611894243,"event":{"mods":["2.2 Compatiblity","BaseMod","CapriCore","Colored Map","Colored Powertips","Custom Start","Friendly Minions","Keyboard Shortcuts","Marisa£¨Ùöéë¡¡Øª×âÞÞ£©","Minty Spire (QoL Compilation)","Relic Stats","Slay the Relics Exporter","StSLib","SuperFastMode","Uncapped"],"gold_per_floor":[111,9,21,72,72,72,72,98,98,98,98,98,98,72,72,72,72],"floor_reached":16,"language":"KOR","playtime":380,"items_purged":["Strike_MRS","Strike_MRS"],"score":165,"play_id":"d58a4901-b435-4328-af4e-022c583887fb","local_time":"20210129132403","is_ascension_mode":true,"campfire_choices":[{"data":"OrrerysSun","floor":6,"key":"SMITH"},{"data":"MagicAbsorber","floor":7,"key":"SMITH"},{"data":"ChargeUpSpray","floor":13,"key":"SMITH"},{"data":"MasterSpark","floor":15,"key":"SMITH"}],"circlet_count":0,"master_deck":["Strike_MRS","Strike_MRS","Defend_MRS","Defend_MRS","Defend_MRS","MasterSpark+1","UpSweep","MagicAbsorber+1","OrrerysSun+1","Parasite","Parasite","DragonMeteor+1","ChargeUpSpray+1","SuperPerseids"],"relics":["MiniHakkero","ShroomBag","WingedGreaves","AmplifyWand","HandmadeGrimoire","Singing Bowl","Sling"],"acts_visited":["Exordium"],"potions_floor_usage":[],"damage_taken":[{"damage":1,"enemies":"Cultist","floor":1,"turns":3},{"damage":2,"enemies":"Jaw Worm","floor":3,"turns":4},{"damage":31,"enemies":"3 Sentries","floor":8,"turns":7},{"damage":47,"enemies":"Hexaghost","floor":16,"turns":9}],"seed_played":"4716065302937009603","potions_obtained":[{"floor":8,"key":"FearPotion"}],"is_trial":false,"path_per_floor":["M","$","M","T","?","R","R","E","T","?","T","?","R","$","R","B"],"character_chosen":"MARISA","items_purchased":["ShroomBag","DragonMeteor","SuperPerseids","Sling"],"campfire_rested":0,"item_purchase_floors":[2,2,14,14],"current_hp_per_floor":[62,62,64,64,64,64,64,37,37,42,42,42,42,42,42,0,0],"gold":72,"neow_bonus":"TRANSFORM_CARD","is_daily":false,"chose_seed":false,"campfire_upgraded":4,"win_rate":0.0,"timestamp":1611894243,"path_taken":["M","?","M","?","?","R","R","E","T","?","?","?","R","?","R","BOSS"],"items_purchased_type":["Relic","Card","Card","Relic"],"build_version":"2020-12-22","purchased_purges":2,"victory":false,"max_hp_per_floor":[70,70,70,70,70,70,70,70,70,75,75,75,75,75,75,75,75],"relic_stats":{"Singing Bowl":0,"counters":[4,23],"obtain_stats":[{"AmplifyWand":8,"ShroomBag":2,"Singing Bowl":11,"WingedGreaves":4,"HandmadeGrimoire":9,"MiniHakkero":0,"Sling":14},{"AmplifyWand":3,"ShroomBag":1,"Singing Bowl":3,"WingedGreaves":2,"HandmadeGrimoire":3,"MiniHakkero":0,"Sling":3},{"AmplifyWand":14,"ShroomBag":3,"Singing Bowl":14,"WingedGreaves":7,"HandmadeGrimoire":14,"MiniHakkero":0,"Sling":14}]},"card_choices":[{"not_picked":["UnstableBomb","GravityBeat"],"picked":"OrrerysSun","floor":1},{"not_picked":["PulseMagic","PowerUp","DarkSpark"],"picked":"SKIP","floor":3},{"not_picked":["GalacticHalo","Robbery"],"picked":"ChargeUpSpray","floor":8}],"player_experience":734479,"relics_obtained":[{"floor":8,"key":"AmplifyWand"},{"floor":9,"key":"HandmadeGrimoire"},{"floor":11,"key":"Singing Bowl"}],"event_choices":[{"damage_healed":0,"gold_gain":0,"player_choice":"Grow","damage_taken":0,"max_hp_gain":0,"max_hp_loss":0,"event_name":"Living Wall","floor":5,"gold_loss":0,"cards_upgraded":["DragonMeteor"]},{"damage_healed":0,"gold_gain":0,"player_choice":"Donut","damage_taken":0,"max_hp_gain":5,"max_hp_loss":0,"event_name":"Big Fish","floor":10,"gold_loss":0},{"damage_healed":0,"gold_gain":0,"player_choice":"Ignored","damage_taken":0,"max_hp_gain":0,"max_hp_loss":0,"event_name":"Liars Game","floor":12,"gold_loss":0}],"is_beta":false,"boss_relics":[],"items_purged_floors":[2,14],"is_endless":false,"potions_floor_spawned":[8],"killed_by":"Hexaghost","ascension_level":15}}