{"host":"bvp2uifzy1c463d9","time":1611893174,"event":{"mods":["AchievementEnabler","BaseMod","Block Reminder","Colored Map","Colored Powertips","Hermit","Highlight Path","Infinite Spire","Minty Spire (QoL Compilation)","Random Character Button","Relic Stats","Replay The Spire","StSLib","The Jungle"],"gold_per_floor":[113,129,146,166,184,184,210,210,210,210,210,40,60,82,82,177,277,294,305,59,70,70,397,397,316,316,344,362,381,481,481,481,577,627,646,852,872,885,895,924,924,949,973,973,973,987,1022,1041,1041,1041,1041,1041,532,562,562],"floor_reached":56,"language":"ENG","playtime":7206,"items_purged":["Strike_P","Strike_P","Defend_P+1"],"score":1399,"play_id":"4f0c4841-241d-46e0-97dc-7040a13f3391","local_time":"20210128220614","is_ascension_mode":true,"campfire_choices":[{"data":"Vigilance","floor":6.0,"key":"SMITH"},{"floor":8.0,"key":"REST"},{"data":"LessonLearned","floor":10.0,"key":"SMITH"},{"floor":15.0,"key":"REST"},{"floor":24.0,"key":"REST"},{"floor":32.0,"key":"REST"},{"floor":41.0,"key":"REST"},{"floor":45,"key":"REST"},{"floor":49,"key":"RECALL"},{"data":"1","floor":52,"key":"LIFT"}],"circlet_count":0,"master_deck":["Strike_P+1","Strike_P+1","Defend_P+1","Defend_P+1","Eruption+1","Vigilance+1","EmptyBody+1","FlurryOfBlows+1","ClearTheMind+1","Tantrum+1","Replay:AtTheReady+1","LessonLearned+1","Forethought+1","InnerPeace+1","EmptyMind+1","Vault+1","CurseOfTheBell","Vengeance+1","CutThroughFate+1","Meditate+1","LikeWater+1","TalkToTheHand+1","TalkToTheHand+1","Vengeance+1","CutThroughFate+1","Devotion+1","Swivel+1","InnerPeace+1","Replay:DivineShield+1","Ragnarok","PathToVictory+1","Halt+1","Indignation+1","FlurryOfBlows+1","Protect+1","Study+1"],"relics":["PureWater","NeowsBlessing","infinitespire:Lucky Rock","Counterbalance","Odd Mushroom","Replay:Grab Bag","Fusion Hammer","Replay:Wanted Poster","Calling Bell","Gremlin Food","Chameleon Ring","Ginger","Medical Kit","Old Coin","Girya","Replay:Kaleidoscope","Mummified Hand","Tiny House","Centennial Puzzle","infinitespire:Joker Card","PreservedInsect","Ornamental Fan","Anchor","Oddly Smooth Stone","Thread and Needle"],"acts_visited":["Exordium","TheCity","TheBeyond","TheEnding"],"potions_floor_usage":[50,55],"damage_taken":[{"damage":0.0,"enemies":"2 Louse","floor":1.0,"turns":1.0},{"damage":0.0,"enemies":"Jaw Worm","floor":2.0,"turns":1.0},{"damage":0.0,"enemies":"Small Slimes","floor":3.0,"turns":1.0},{"damage":0.0,"enemies":"2 Fungi Beasts","floor":4.0,"turns":5.0},{"damage":3.0,"enemies":"Blue Slaver","floor":5.0,"turns":3.0},{"damage":51.0,"enemies":"3 Sentries","floor":7.0,"turns":9.0},{"damage":6.0,"enemies":"Exordium Wildlife","floor":13.0,"turns":3.0},{"damage":12.0,"enemies":"The Mushroom Lair","floor":14.0,"turns":4.0},{"damage":19.0,"enemies":"Slime Boss","floor":16.0,"turns":7.0},{"damage":19.0,"enemies":"Shell Parasite","floor":18.0,"turns":8.0},{"damage":0.0,"enemies":"Spheric Guardian","floor":19.0,"turns":4.0},{"damage":7.0,"enemies":"Centurion and Healer","floor":21.0,"turns":5.0},{"damage":14.0,"enemies":"Gremlin Leader","floor":23.0,"turns":8.0},{"damage":11.0,"enemies":"Book of Stabbing","floor":27.0,"turns":6.0},{"damage":10.0,"enemies":"3 Cultists","floor":28.0,"turns":6.0},{"damage":0.0,"enemies":"Snake Plant","floor":29.0,"turns":5.0},{"damage":14.0,"enemies":"Colosseum Slavers","floor":30.0,"turns":3.0},{"damage":5.0,"enemies":"Colosseum Nobs","floor":30.0,"turns":4.0},{"damage":31.0,"enemies":"Automaton","floor":33.0,"turns":6.0},{"damage":0.0,"enemies":"Orb Walker","floor":35.0,"turns":2.0},{"damage":25.0,"enemies":"3 Darklings","floor":37.0,"turns":7.0},{"damage":12.0,"enemies":"Jaw Worm Horde","floor":38.0,"turns":7.0},{"damage":6.0,"enemies":"Transient","floor":39.0,"turns":6.0},{"damage":6.0,"enemies":"R_Hoarder","floor":40.0,"turns":13.0},{"damage":1.0,"enemies":"Giant Head","floor":42.0,"turns":7.0},{"damage":6,"enemies":"Writhing Mass","floor":46,"turns":4},{"damage":21,"enemies":"R_Hoarder","floor":47,"turns":9},{"damage":0,"enemies":"3 Darklings","floor":48,"turns":4},{"damage":18,"enemies":"Time Eater","floor":50,"turns":10},{"damage":34,"enemies":"Shield and Spear","floor":54,"turns":5},{"damage":34,"enemies":"The Heart","floor":55,"turns":8}],"seed_played":"-5866765176554578630","potions_obtained":[{"floor":2.0,"key":"Block Potion"},{"floor":3.0,"key":"Death Potion"},{"floor":5.0,"key":"LiquidBronze"},{"floor":14.0,"key":"PowerPotion"},{"floor":16.0,"key":"SteroidPotion"},{"floor":21.0,"key":"Block Potion"},{"floor":23.0,"key":"Block Potion"},{"floor":28.0,"key":"FairyPotion"},{"floor":30.0,"key":"Energy Potion"},{"floor":34.0,"key":"EssenceOfSteel"},{"floor":37.0,"key":"Block Potion"},{"floor":39.0,"key":"FearPotion"},{"floor":40.0,"key":"FearPotion"},{"floor":48,"key":"PowerPotion"}],"is_trial":false,"path_per_floor":["M","M","M","M","M","R","E","R","T","R","?","$","M","?","R","B",null,"M","M","$","M","?","E","R","$","T","E","M","M","?","?","R","B",null,"M","?","M","M","M","E","R","E","T","AVR","R","M","E","M","R","B",null,"R","$","E","B",null],"character_chosen":"WATCHER","items_purchased":["Forethought","Medical Kit","LikeWater","Reflective Coating","Anchor","Oddly Smooth Stone"],"campfire_rested":6,"item_purchase_floors":[12,20,25,53,53,53],"current_hp_per_floor":[72,72,72,72,69,69,18,39,39,39,39,39,33,21,42,23,72,53,53,53,46,46,32,53,53,53,42,32,32,13,37,58,27,77,77,58,33,21,15,9,32,31,31,31,54,48,27,27,27,9,77,77,77,43,9],"gold":562,"neow_bonus":"THREE_ENEMY_KILL","is_daily":false,"chose_seed":false,"campfire_upgraded":2,"win_rate":0.0,"timestamp":1611893174,"path_taken":["M","M","M","M","M","R","E","R","T","R","?","$","M","?","R","BOSS","M","M","$","M","?","E","R","$","T","E","M","M","?","?","R","BOSS","M","?","M","M","M","E","R","E","T","AVR","R","M","E","M","R","BOSS","R","$","E","BOSS"],"items_purchased_type":["Card","Relic","Card","Potion","Relic","Relic"],"build_version":"2020-12-22","purchased_purges":3,"victory":true,"max_hp_per_floor":[72,72,72,72,72,72,72,72,72,72,72,72,72,72,72,72,72,72,72,72,72,72,72,72,72,72,72,72,72,72,72,72,72,77,77,77,77,77,77,77,77,77,77,77,77,77,77,77,77,77,77,77,77,77,77],"relic_stats":{"Centennial Puzzle":[18],"counters":[31,171],"Mummified Hand":[24],"Ornamental Fan":[80],"PreservedInsect":143,"Ginger":[10],"Medical Kit":[7],"obtain_stats":[{"Tiny House":34,"Ginger":17,"Old Coin":23,"Replay:Wanted Poster":17,"Centennial Puzzle":40,"Chameleon Ring":17,"Mummified Hand":30,"Fusion Hammer":17,"Gremlin Food":17,"Girya":27,"NeowsBlessing":0,"Counterbalance":9,"Replay:Grab Bag":17,"Oddly Smooth Stone":53,"Thread and Needle":54,"infinitespire:Joker Card":42,"PreservedInsect":43,"infinitespire:Lucky Rock":7,"Replay:Kaleidoscope":30,"Odd Mushroom":14,"Medical Kit":20,"Calling Bell":17,"Anchor":53,"Ornamental Fan":47,"PureWater":0},{"Tiny House":19,"Ginger":9,"Old Coin":13,"Replay:Wanted Poster":9,"Centennial Puzzle":24,"Chameleon Ring":9,"Mummified Hand":18,"Fusion Hammer":9,"Gremlin Food":9,"Girya":14,"NeowsBlessing":0,"Counterbalance":6,"Replay:Grab Bag":9,"Oddly Smooth Stone":29,"Thread and Needle":30,"infinitespire:Joker Card":25,"PreservedInsect":25,"infinitespire:Lucky Rock":6,"Replay:Kaleidoscope":18,"Odd Mushroom":8,"Medical Kit":11,"Calling Bell":9,"Anchor":29,"Ornamental Fan":27,"PureWater":0},{"Tiny House":89,"Ginger":34,"Old Coin":59,"Replay:Wanted Poster":34,"Centennial Puzzle":124,"Chameleon Ring":34,"Mummified Hand":83,"Fusion Hammer":34,"Gremlin Food":34,"Girya":65,"NeowsBlessing":0,"Counterbalance":20,"Replay:Grab Bag":34,"Oddly Smooth Stone":158,"Thread and Needle":163,"infinitespire:Joker Card":131,"PreservedInsect":131,"infinitespire:Lucky Rock":20,"Replay:Kaleidoscope":83,"Odd Mushroom":27,"Medical Kit":46,"Calling Bell":34,"Anchor":158,"Ornamental Fan":144,"PureWater":0}]},"card_choices":[{"not_picked":["WheelKick","Consecrate"],"picked":"EmptyBody","floor":1.0},{"not_picked":["Fasting2","EmptyMind"],"picked":"FlurryOfBlows","floor":2.0},{"not_picked":["SignatureMove","PathToVictory"],"picked":"ClearTheMind","floor":3.0},{"not_picked":["Weave","ClearTheMind"],"picked":"Tantrum","floor":4.0},{"not_picked":["ForeignInfluence","Replay:Vibes"],"picked":"Replay:AtTheReady","floor":5.0},{"not_picked":["WreathOfFlame","Swivel"],"picked":"LessonLearned","floor":7.0},{"not_picked":["ReachHeaven","Evaluate"],"picked":"InnerPeace","floor":13.0},{"not_picked":["Replay:Vibes","FlurryOfBlows"],"picked":"EmptyMind","floor":14.0},{"not_picked":["SpiritShield","Blasphemy"],"picked":"Vault","floor":16.0},{"not_picked":["JustLucky+1","Prostrate"],"picked":"Vengeance","floor":18.0},{"not_picked":["BowlingBash","Crescendo"],"picked":"CutThroughFate+1","floor":19.0},{"not_picked":["Protect","Replay:Cycle"],"picked":"Meditate","floor":21.0},{"not_picked":["CarveReality","EmptyBody","SashWhip"],"picked":"SKIP","floor":23.0},{"not_picked":["Worship+1","CutThroughFate"],"picked":"TalkToTheHand","floor":27.0},{"not_picked":["Tantrum","CrushJoints"],"picked":"TalkToTheHand","floor":28.0},{"not_picked":["FollowUp","Omniscience"],"picked":"Vengeance","floor":29.0},{"not_picked":["Vengeance","InnerPeace"],"picked":"CutThroughFate+1","floor":30.0},{"not_picked":["Scrawl","MasterReality"],"picked":"Devotion","floor":33.0},{"not_picked":["BowlingBash","FlurryOfBlows"],"picked":"Swivel","floor":34.0},{"not_picked":["SignatureMove+1","Worship+1","Weave"],"picked":"SKIP","floor":35.0},{"not_picked":["Nirvana+1","Swivel+1"],"picked":"InnerPeace+1","floor":36.0},{"not_picked":["CrushJoints+1","PathToVictory+1"],"picked":"Replay:DivineShield+1","floor":37.0},{"not_picked":["Consecrate+1","Replay:AtTheReady"],"picked":"Ragnarok","floor":38.0},{"not_picked":["Vengeance+1","CrushJoints+1"],"picked":"PathToVictory","floor":39.0},{"not_picked":["BattleHymn","Wallop+1"],"picked":"Halt","floor":40.0},{"not_picked":["Vault","Consecrate"],"picked":"Indignation+1","floor":42.0},{"not_picked":["EmptyBody+1","Protect"],"picked":"FlurryOfBlows+1","floor":46},{"not_picked":["Worship+1","EmptyFist+1"],"picked":"Protect+1","floor":47},{"not_picked":["FollowUp","SashWhip+1","EmptyMind+1"],"picked":"SKIP","floor":48},{"not_picked":["Fasting2+1","Wallop+1"],"picked":"Study+1","floor":54}],"player_experience":199804,"relics_obtained":[{"floor":7.0,"key":"infinitespire:Lucky Rock"},{"floor":9.0,"key":"Counterbalance"},{"floor":14.0,"key":"Odd Mushroom"},{"floor":17.0,"key":"Gremlin Food"},{"floor":17.0,"key":"Chameleon Ring"},{"floor":17.0,"key":"Ginger"},{"floor":23.0,"key":"Old Coin"},{"floor":27.0,"key":"Girya"},{"floor":30.0,"key":"Replay:Kaleidoscope"},{"floor":30.0,"key":"Mummified Hand"},{"floor":40.0,"key":"Centennial Puzzle"},{"floor":42.0,"key":"infinitespire:Joker Card"},{"floor":43,"key":"PreservedInsect"},{"floor":47,"key":"Ornamental Fan"},{"floor":54,"key":"Thread and Needle"}],"event_choices":[{"damage_healed":0.0,"max_hp_gain":0.0,"max_hp_loss":0.0,"gold_gain":0.0,"event_name":"Mushrooms","player_choice":"Fought Mushrooms","floor":14.0,"gold_loss":0.0,"damage_taken":0.0},{"cards_removed":["Defend_P"],"damage_healed":0.0,"max_hp_gain":0.0,"max_hp_loss":0.0,"gold_gain":0.0,"event_name":"Back to Basics","player_choice":"Elegance","floor":22.0,"gold_loss":0.0,"damage_taken":0.0},{"damage_healed":0.0,"max_hp_gain":0.0,"max_hp_loss":0.0,"gold_gain":0.0,"event_name":"Colosseum","player_choice":"Fight","floor":30.0,"gold_loss":0.0,"damage_taken":0.0},{"damage_healed":0.0,"max_hp_gain":0.0,"max_hp_loss":0.0,"gold_gain":0.0,"event_name":"Colosseum","player_choice":"Fought Nobs","floor":30.0,"gold_loss":0.0,"damage_taken":0.0},{"damage_healed":24.0,"max_hp_gain":0.0,"max_hp_loss":0.0,"gold_gain":0.0,"event_name":"The Library","player_choice":"Heal","floor":31.0,"gold_loss":0.0,"damage_taken":0.0}],"is_beta":false,"boss_relics":[{"not_picked":["Coffee Dripper","Replay:Bronze Core"],"picked":"Replay:Grab Bag"},{"not_picked":["Cursed Key","infinitespire:Cupcake"],"picked":"Fusion Hammer"},{"not_picked":["Sozu","Ectoplasm"],"picked":"Replay:Wanted Poster"},{"not_picked":["SacredBark","Replay:Drink Me"],"picked":"Calling Bell"},{"not_picked":["Snecko Eye","Kintsugi"],"picked":"Tiny House"}],"items_purged_floors":[12,20,53],"is_endless":false,"potions_floor_spawned":[2,3,5,14,16,21,23,28,30,30,37,39,40,48],"ascension_level":2}}