{"host":"xi8yg1ddhptuxb9d","time":1611927731,"event":{"mods":["AchievementEnabler","AlwaysNeverKeys","BaseMod","Block Reminder","Minty Spire (QoL Compilation)","Relic Sorter","StSLib"],"gold_per_floor":[118,118,131,150,75,103,103,135,135,135,98,98,112,127,127,201,201,215,58,78,28,40,40,40,56,137,137,165,80,96,106,106,184,184,196,212,212,212,212,212],"floor_reached":39,"language":"ENG","playtime":1666,"items_purged":["Pain"],"score":897,"play_id":"d16beff9-0c41-4a1e-bfd7-e4c86bdbe59f","local_time":"20210129084211","is_ascension_mode":true,"campfire_choices":[{"floor":10.0,"key":"REST"},{"data":"Eruption","floor":12.0,"key":"SMITH"},{"data":"Devotion","floor":15.0,"key":"SMITH"},{"floor":23.0,"key":"REST"},{"floor":27.0,"key":"REST"},{"floor":32.0,"key":"REST"}],"circlet_count":0,"master_deck":["AscendersBane","Strike_P","Strike_P","Strike_P","Defend_P","Defend_P","Defend_P","Defend_P","Eruption+1","Vigilance","Adaptation+1","Consecrate","FearNoEvil","ClearTheMind","Devotion+1","Wallop","Conclude","Protect","Crescendo","FearNoEvil","Devotion","MentalFortress","WheelKick","FlyingSleeves","Worship","ThirdEye","DeceiveReality","EmptyFist","Evaluate","Brilliance","Prostrate+1","Pray+1","Writhe"],"relics":["PureWater","WarpedTongs","Boot","Prayer Wheel","Orichalcum","Pear","Philosopher\u0027s Stone","Oddly Smooth Stone","Shuriken","Shovel","FossilizedHelix","VioletLotus"],"acts_visited":["Exordium","TheCity","TheBeyond"],"potions_floor_usage":[35,39],"damage_taken":[{"damage":1.0,"enemies":"Small Slimes","floor":1.0,"turns":4.0},{"damage":4.0,"enemies":"Cultist","floor":3.0,"turns":3.0},{"damage":7.0,"enemies":"Jaw Worm","floor":4.0,"turns":2.0},{"damage":17.0,"enemies":"3 Sentries","floor":6.0,"turns":5.0},{"damage":0.0,"enemies":"Gremlin Nob","floor":8.0,"turns":2.0},{"damage":9.0,"enemies":"Exordium Wildlife","floor":13.0,"turns":3.0},{"damage":0.0,"enemies":"Looter","floor":14.0,"turns":1.0},{"damage":30.0,"enemies":"Hexaghost","floor":16.0,"turns":8.0},{"damage":0.0,"enemies":"Spheric Guardian","floor":18.0,"turns":3.0},{"damage":24.0,"enemies":"Shell Parasite","floor":20.0,"turns":5.0},{"damage":12.0,"enemies":"Centurion and Healer","floor":22.0,"turns":4.0},{"damage":15.0,"enemies":"3 Cultists","floor":25.0,"turns":5.0},{"damage":13.0,"enemies":"Slavers","floor":28.0,"turns":8.0},{"damage":17.0,"enemies":"Shelled Parasite and Fungi","floor":30.0,"turns":5.0},{"damage":0.0,"enemies":"Centurion and Healer","floor":31.0,"turns":4.0},{"damage":36.0,"enemies":"Automaton","floor":33.0,"turns":8.0},{"damage":0,"enemies":"3 Shapes","floor":35,"turns":4},{"damage":33,"enemies":"3 Darklings","floor":36,"turns":5},{"damage":67,"enemies":"Transient","floor":39,"turns":4}],"seed_played":"6495598905042523647","potions_obtained":[{"floor":1.0,"key":"Swift Potion"},{"floor":8.0,"key":"Fruit Juice"},{"floor":13.0,"key":"Fire Potion"},{"floor":25.0,"key":"Dexterity Potion"},{"floor":33.0,"key":"AttackPotion"},{"floor":36,"key":"Energy Potion"}],"is_trial":false,"path_per_floor":["M","?","M","M","$","E","?","E","T","R","$","R","M","M","R","B",null,"M","$","M","?","M","R","?","M","T","R","E","?","M","M","R","B",null,"M","M","?","?","M"],"character_chosen":"WATCHER","items_purchased":["Wallop","Oddly Smooth Stone"],"campfire_rested":4,"item_purchase_floors":[11,19],"current_hp_per_floor":[66,66,62,55,55,38,33,33,43,68,68,68,59,59,59,29,70,70,70,46,46,34,65,39,24,24,52,39,39,22,22,50,14,74,74,41,60,60,0,0],"gold":212,"neow_bonus":"TEN_PERCENT_HP_BONUS","is_daily":false,"chose_seed":false,"campfire_upgraded":2,"win_rate":0.0,"timestamp":1611927731,"path_taken":["M","?","?","?","$","E","?","E","T","R","?","R","M","M","R","BOSS","M","$","M","?","?","R","?","M","T","R","E","?","M","M","R","BOSS","M","M","?","?","?"],"items_purchased_type":["Card","Relic"],"build_version":"2020-12-22","purchased_purges":1,"victory":false,"max_hp_per_floor":[74,74,74,74,74,74,74,74,84,84,84,84,84,84,84,84,84,84,84,84,84,84,89,94,94,94,94,94,94,94,94,94,94,94,94,94,94,94,94,94],"card_choices":[{"not_picked":["FollowUp","PathToVictory"],"picked":"Adaptation","floor":1.0},{"not_picked":["Protect","BowlingBash"],"picked":"Consecrate","floor":3.0},{"not_picked":["JustLucky","BattleHymn"],"picked":"FearNoEvil","floor":4.0},{"not_picked":["Prostrate","SashWhip"],"picked":"ClearTheMind","floor":6.0},{"not_picked":["WindmillStrike","Perseverance"],"picked":"Devotion","floor":8.0},{"not_picked":["Swivel","Prostrate"],"picked":"Conclude","floor":13.0},{"not_picked":["Perseverance","Vengeance"],"picked":"Protect","floor":13.0},{"not_picked":["SashWhip","Protect"],"picked":"Crescendo","floor":14.0},{"not_picked":["BowlingBash","Consecrate"],"picked":"FearNoEvil","floor":14.0},{"not_picked":["DeusExMachina","MasterReality"],"picked":"Devotion","floor":16.0},{"not_picked":["WreathOfFlame","EmptyMind+1"],"picked":"MentalFortress","floor":18.0},{"not_picked":["SandsOfTime","JustLucky"],"picked":"WheelKick","floor":18.0},{"not_picked":["FlurryOfBlows+1","Vengeance+1","CrushJoints"],"picked":"SKIP","floor":20.0},{"not_picked":["Consecrate","Protect","ForeignInfluence"],"picked":"SKIP","floor":20.0},{"not_picked":["BowlingBash","Protect"],"picked":"FlyingSleeves","floor":22.0},{"not_picked":["Wireheading","ForeignInfluence","Perseverance"],"picked":"SKIP","floor":22.0},{"not_picked":["FollowUp","FlyingSleeves"],"picked":"Worship","floor":25.0},{"not_picked":["PathToVictory","MasterReality","Study"],"picked":"SKIP","floor":25.0},{"not_picked":["ClearTheMind","SignatureMove"],"picked":"ThirdEye","floor":28.0},{"not_picked":["SandsOfTime","Wireheading"],"picked":"DeceiveReality","floor":30.0},{"not_picked":["Swivel","FlyingSleeves"],"picked":"EmptyFist","floor":30.0},{"not_picked":["FlurryOfBlows","WreathOfFlame"],"picked":"Evaluate","floor":31.0},{"not_picked":["ConjureBlade","FlyingSleeves","Perseverance"],"picked":"SKIP","floor":31.0},{"not_picked":["DevaForm","Omniscience"],"picked":"Brilliance","floor":33.0},{"not_picked":["ThirdEye","FlyingSleeves"],"picked":"Prostrate+1","floor":35},{"not_picked":["InnerPeace+1","Adaptation","Weave+1"],"picked":"SKIP","floor":35},{"not_picked":["JustLucky","CutThroughFate"],"picked":"Pray+1","floor":36},{"not_picked":["CutThroughFate","ClearTheMind","Weave"],"picked":"SKIP","floor":36}],"player_experience":690349,"relics_obtained":[{"floor":6.0,"key":"Boot"},{"floor":8.0,"key":"Orichalcum"},{"floor":9.0,"key":"Pear"},{"floor":26.0,"key":"Shuriken"},{"floor":28.0,"key":"Shovel"}],"event_choices":[{"damage_healed":0.0,"max_hp_gain":0.0,"max_hp_loss":0.0,"gold_gain":0.0,"event_name":"Accursed Blacksmith","player_choice":"Rummage","floor":2.0,"gold_loss":0.0,"damage_taken":0.0,"relics_obtained":["WarpedTongs"],"cards_obtained":["Pain"]},{"damage_healed":0.0,"max_hp_gain":0.0,"max_hp_loss":0.0,"gold_gain":0.0,"event_name":"Scrap Ooze","player_choice":"Success","floor":7.0,"gold_loss":0.0,"damage_taken":5.0,"relics_obtained":["Prayer Wheel"]},{"damage_healed":0.0,"max_hp_gain":0.0,"max_hp_loss":0.0,"gold_gain":0.0,"event_name":"Designer","player_choice":"Upgrade","floor":21.0,"gold_loss":50.0,"damage_taken":0.0,"cards_upgraded":["Adaptation"]},{"damage_healed":0.0,"max_hp_gain":5.0,"max_hp_loss":0.0,"gold_gain":0.0,"event_name":"Forgotten Altar","player_choice":"Shed Blood","floor":24.0,"gold_loss":0.0,"damage_taken":31.0},{"damage_healed":0.0,"max_hp_gain":0.0,"max_hp_loss":0.0,"gold_gain":0.0,"event_name":"Addict","player_choice":"Obtained Relic","floor":29.0,"gold_loss":85.0,"damage_taken":0.0,"relics_obtained":["FossilizedHelix"]},{"damage_healed":19,"gold_gain":0,"player_choice":"Writhe","damage_taken":0,"max_hp_gain":0,"max_hp_loss":0,"event_name":"Winding Halls","floor":37,"gold_loss":0,"cards_obtained":["Writhe"]},{"cards_removed":["Strike_P"],"damage_healed":0,"gold_gain":0,"player_choice":"Removed Attack","damage_taken":0,"max_hp_gain":0,"max_hp_loss":0,"event_name":"Falling","floor":38,"gold_loss":0}],"is_beta":false,"boss_relics":[{"not_picked":["Astrolabe","Runic Dome"],"picked":"Philosopher\u0027s Stone"},{"not_picked":["Tiny House","Empty Cage"],"picked":"VioletLotus"}],"items_purged_floors":[5],"is_endless":false,"potions_floor_spawned":[1,8,13,25,33,36],"killed_by":"Transient","ascension_level":20}}