{"host":"9n6i2vl93jt4o42q","time":1611927913,"event":{"mods":["BaseMod","Minty Spire (QoL Compilation)","Relic Stats"],"gold_per_floor":[116,126,20,38,38,38,66,82,109,109,127,142,142,174,174,247,247,260,260,260,260,260,260,277,277,277,311,148,148,93,143,143,220,220,238,238,238,255,269,301,311,311,311,360,389,389,424,436,436,436,436],"floor_reached":50,"language":"ENG","playtime":10325,"items_purged":["Strike_B"],"score":1137,"play_id":"8460463f-f1a2-4b98-ae1f-2d3202de7ec4","local_time":"20210129144513","is_ascension_mode":true,"campfire_choices":[{"data":"Zap","floor":6.0,"key":"SMITH"},{"floor":10.0,"key":"REST"},{"data":"Barrage","floor":13.0,"key":"SMITH"},{"data":"Hologram","floor":15.0,"key":"SMITH"},{"floor":23.0,"key":"RECALL"},{"floor":25.0,"key":"REST"},{"floor":32,"key":"REST"},{"floor":42,"key":"REST"},{"floor":46,"key":"REST"},{"floor":49,"key":"REST"}],"circlet_count":0,"master_deck":["AscendersBane","Zap+1","Dualcast","Violence","Turbo","Glacier","Go for the Eyes+1","Sweeping Beam+1","Coolheaded","Ball Lightning","Ball Lightning","Barrage+1","Steam","Hologram+1","Buffer","Defragment","Capacitor","Lockon","Hologram","Aggregate","Static Discharge","Steam Power","Hello World","Compile Driver","Reboot","Fusion+1","Compile Driver+1","Storm+1","Cold Snap+1","Scrape","Amplify","Self Repair","Beam Cell+1","Chill+1","Steam Power+1"],"relics":["Cracked Core","Anchor","Whetstone","Regal Pillow","Fusion Hammer","Juzu Bracelet","Kunai","HornCleat","Astrolabe","Ice Cream","Akabeko","Lantern","White Beast Statue"],"acts_visited":["Exordium","TheCity","TheBeyond"],"potions_floor_usage":[],"damage_taken":[{"damage":1.0,"enemies":"Cultist","floor":1.0,"turns":3.0},{"damage":11.0,"enemies":"Small Slimes","floor":2.0,"turns":3.0},{"damage":4.0,"enemies":"Jaw Worm","floor":4.0,"turns":3.0},{"damage":24.0,"enemies":"Gremlin Nob","floor":7.0,"turns":4.0},{"damage":3.0,"enemies":"3 Louse","floor":8.0,"turns":3.0},{"damage":0.0,"enemies":"Lots of Slimes","floor":11.0,"turns":3.0},{"damage":0.0,"enemies":"Exordium Wildlife","floor":12.0,"turns":2.0},{"damage":1.0,"enemies":"3 Sentries","floor":14.0,"turns":5.0},{"damage":23.0,"enemies":"Slime Boss","floor":16.0,"turns":10.0},{"damage":1.0,"enemies":"3 Byrds","floor":18.0,"turns":4.0},{"damage":0.0,"enemies":"Spheric Guardian","floor":24.0,"turns":5.0},{"damage":33,"enemies":"Gremlin Leader","floor":27,"turns":8},{"damage":47,"enemies":"Collector","floor":33,"turns":13},{"damage":47,"enemies":"3 Darklings","floor":35,"turns":4},{"damage":0,"enemies":"Orb Walker","floor":38,"turns":3},{"damage":0,"enemies":"4 Shapes","floor":39,"turns":6},{"damage":38,"enemies":"Giant Head","floor":40,"turns":9},{"damage":1,"enemies":"Transient","floor":41,"turns":6},{"damage":21,"enemies":"Reptomancer","floor":45,"turns":8},{"damage":8,"enemies":"Nemesis","floor":47,"turns":7},{"damage":0,"enemies":"Jaw Worm Horde","floor":48,"turns":3},{"damage":54,"enemies":"Donu and Deca","floor":50,"turns":5}],"seed_played":"-1061956179964497399","potions_obtained":[{"floor":7.0,"key":"LiquidBronze"},{"floor":8.0,"key":"BlessingOfTheForge"},{"floor":12.0,"key":"Fire Potion"},{"floor":16.0,"key":"Fire Potion"},{"floor":27,"key":"EssenceOfDarkness"},{"floor":45,"key":"Ancient Potion"}],"is_trial":false,"path_per_floor":["M","M","$","M","?","R","E","M","T","R","M","M","R","E","R","B",null,"M","?","?","?","?","R","M","R","T","E","$","?","$","?","R","B",null,"M","?","?","M","M","E","M","R","T","T","E","R","E","M","R","B"],"character_chosen":"DEFECT","items_purchased":["Fire Potion","Go for the Eyes","Static Discharge","Compile Driver"],"campfire_rested":6,"item_purchase_floors":[3,3,28,30],"current_hp_per_floor":[63,52,52,48,48,48,24,21,21,40,40,40,40,39,39,16,52,51,51,51,51,51,51,51,64,64,31,31,31,31,31,64,17,52,5,5,52,52,52,14,13,43,43,43,22,52,52,52,52,0,0],"gold":436,"neow_bonus":"RANDOM_COLORLESS_2","is_daily":false,"chose_seed":false,"campfire_upgraded":3,"win_rate":0.0,"timestamp":1611927913,"path_taken":["M","M","?","M","?","R","E","M","T","R","M","M","R","E","R","BOSS","M","?","?","?","?","R","M","R","T","E","?","?","?","?","R","BOSS","M","?","?","M","M","E","M","R","T","?","E","R","E","M","R","BOSS"],"items_purchased_type":["Potion","Card","Card","Card"],"build_version":"2020-12-22","purchased_purges":1,"victory":false,"max_hp_per_floor":[64,64,64,64,64,64,64,64,64,64,64,64,64,64,64,64,64,64,64,64,64,64,64,64,64,64,64,64,64,64,64,64,64,64,64,64,52,52,52,52,52,52,52,52,52,52,52,52,52,52,52],"relic_stats":{"Regal Pillow":44,"counters":[22,117],"Astrolabe":["Fusion","Compile Driver","Storm"],"Juzu Bracelet":1,"Whetstone":["Go for the Eyes","Sweeping Beam"],"Kunai":[35],"obtain_stats":[{"Ice Cream":40,"Regal Pillow":14,"Lantern":45,"Astrolabe":34,"Juzu Bracelet":21,"Whetstone":9,"Akabeko":44,"White Beast Statue":47,"Anchor":7,"HornCleat":27,"Fusion Hammer":17,"Kunai":26,"Cracked Core":0},{"Ice Cream":17,"Regal Pillow":8,"Lantern":19,"Astrolabe":13,"Juzu Bracelet":10,"Whetstone":5,"Akabeko":18,"White Beast Statue":20,"Anchor":4,"HornCleat":12,"Fusion Hammer":9,"Kunai":11,"Cracked Core":0},{"Ice Cream":88,"Regal Pillow":26,"Lantern":102,"Astrolabe":66,"Juzu Bracelet":40,"Whetstone":16,"Akabeko":94,"White Beast Statue":109,"Anchor":13,"HornCleat":53,"Fusion Hammer":36,"Kunai":45,"Cracked Core":0}]},"card_choices":[{"not_picked":["Thinking Ahead","Mayhem"],"picked":"Violence","floor":0.0},{"not_picked":["Consume","Recycle"],"picked":"Turbo","floor":1.0},{"not_picked":["Steam","BootSequence"],"picked":"Glacier","floor":2.0},{"not_picked":["Hello World","Static Discharge"],"picked":"Sweeping Beam","floor":4.0},{"not_picked":["Stack","Biased Cognition"],"picked":"Ball Lightning","floor":7.0},{"not_picked":["Leap","Streamline"],"picked":"Ball Lightning","floor":8.0},{"not_picked":["Leap","Beam Cell"],"picked":"Barrage","floor":11.0},{"not_picked":["Self Repair","Streamline"],"picked":"Steam","floor":12.0},{"not_picked":["Coolheaded","Ball Lightning"],"picked":"Hologram","floor":14.0},{"not_picked":["Fission","Meteor Strike"],"picked":"Buffer","floor":16.0},{"not_picked":["Redo","Compile Driver"],"picked":"Defragment","floor":18.0},{"not_picked":["Barrage","Streamline"],"picked":"Hologram","floor":24.0},{"not_picked":["Turbo","Darkness"],"picked":"Aggregate","floor":27},{"not_picked":["Core Surge","Amplify"],"picked":"Reboot","floor":33},{"not_picked":["Redo","Rip and Tear"],"picked":"Cold Snap+1","floor":35},{"not_picked":["Stack","Redo+1"],"picked":"Scrape","floor":38},{"not_picked":["Fusion","Aggregate","Beam Cell"],"picked":"SKIP","floor":39},{"not_picked":["Hologram","Hello World"],"picked":"Amplify","floor":40},{"not_picked":["Barrage","Doom and Gloom"],"picked":"Self Repair","floor":41},{"not_picked":["Stack","Fusion+1"],"picked":"Beam Cell+1","floor":45},{"not_picked":["White Noise","Auto Shields"],"picked":"Chill+1","floor":47},{"not_picked":["Storm","Stack"],"picked":"Steam Power+1","floor":48}],"player_experience":2312371,"relics_obtained":[{"floor":7.0,"key":"Anchor"},{"floor":9.0,"key":"Whetstone"},{"floor":14.0,"key":"Regal Pillow"},{"floor":26.0,"key":"Kunai"},{"floor":27,"key":"HornCleat"},{"floor":40,"key":"Ice Cream"},{"floor":44,"key":"Akabeko"},{"floor":45,"key":"Lantern"},{"floor":47,"key":"White Beast Statue"}],"event_choices":[{"damage_healed":0.0,"max_hp_gain":0.0,"max_hp_loss":0.0,"gold_gain":0.0,"cards_transformed":["Strike_B"],"event_name":"Living Wall","player_choice":"Change","floor":5.0,"gold_loss":0.0,"damage_taken":0.0,"cards_obtained":["Coolheaded"]},{"damage_healed":0.0,"max_hp_gain":0.0,"max_hp_loss":0.0,"gold_gain":0.0,"event_name":"The Mausoleum","player_choice":"Ignored","floor":19.0,"gold_loss":0.0,"damage_taken":0.0},{"damage_healed":0.0,"max_hp_gain":0.0,"max_hp_loss":0.0,"gold_gain":0.0,"event_name":"The Library","player_choice":"Read","floor":20.0,"gold_loss":0.0,"damage_taken":0.0,"cards_obtained":["Capacitor"]},{"damage_healed":0.0,"max_hp_gain":0.0,"max_hp_loss":0.0,"gold_gain":0.0,"event_name":"WeMeetAgain","player_choice":"Gave Potion","floor":21.0,"gold_loss":0.0,"damage_taken":0.0,"relics_obtained":["Juzu Bracelet"]},{"damage_healed":0.0,"max_hp_gain":0.0,"max_hp_loss":0.0,"gold_gain":0.0,"cards_transformed":["Strike_B"],"event_name":"Transmorgrifier","player_choice":"Transformed","floor":22.0,"gold_loss":0.0,"damage_taken":0.0,"cards_obtained":["Lockon"]},{"damage_healed":0,"gold_gain":0,"cards_transformed":["Defend_B","Strike_B"],"player_choice":"Became Test Subject","damage_taken":0,"max_hp_gain":0,"max_hp_loss":0,"event_name":"Drug Dealer","floor":29,"gold_loss":0,"cards_obtained":["Steam Power","Hello World"]},{"damage_healed":0,"gold_gain":50,"player_choice":"Stole From Cult","damage_taken":0,"max_hp_gain":0,"max_hp_loss":0,"event_name":"Nest","floor":31,"gold_loss":0},{"damage_healed":0,"gold_gain":0,"player_choice":"Ignored","damage_taken":0,"max_hp_gain":0,"max_hp_loss":0,"event_name":"Tomb of Lord Red Mask","floor":36,"gold_loss":0},{"damage_healed":52,"gold_gain":0,"player_choice":"Heal","damage_taken":0,"max_hp_gain":0,"max_hp_loss":12,"event_name":"The Moai Head","floor":37,"gold_loss":0}],"is_beta":false,"boss_relics":[{"not_picked":["Runic Dome","SacredBark"],"picked":"Fusion Hammer"},{"not_picked":["Cursed Key","Velvet Choker"],"picked":"Astrolabe"}],"items_purged_floors":[28],"is_endless":false,"potions_floor_spawned":[7,8,12,16,27,33,40,41,45,48],"killed_by":"Donu and Deca","ascension_level":20}}