{"host":"684z1xpuwaoqmmh1","time":1611921406,"event":{"mods":["BaseMod","Downfall","Hermit","Jorbs\u0027s Wanderer Trilogy","Marisa????????","Minty Spire (QoL Compilation)","Robot Space Explorer","Shade Mod","StSLib","The Bug Knight","The Cursed","The Dragon Tamer","The Hayseed","The Hierophant","The Marked","The Mystic","The Runesmith","The Senshi"],"gold_per_floor":[116,16,91,266,216,249,267,293,318,318,77,77,52,72,72,177,177,189,17,17,34,34,34,46,46,124,157,169,169,169],"floor_reached":29,"language":"ENG","playtime":939,"items_purged":["Runesmith:Defend_RS"],"score":343,"play_id":"70c0f3bc-3f2b-4bb9-a1dd-0f63c04cacdd","local_time":"20210129135646","is_ascension_mode":true,"campfire_choices":[{"data":"Runesmith:Fortify","floor":10,"key":"SMITH"},{"data":"Runesmith:CraftFirestone","floor":12,"key":"SMITH"},{"data":"Runesmith:HammerThrow","floor":15,"key":"SMITH"},{"floor":23,"key":"REST"}],"circlet_count":0,"master_deck":["Runesmith:Strike_RS","Runesmith:Strike_RS","Runesmith:Strike_RS","Runesmith:Strike_RS","Runesmith:Defend_RS","Runesmith:Defend_RS","Runesmith:Defend_RS","Runesmith:CraftFirestone+1","Runesmith:Fortify+1","Runesmith:BackupBattery","Runesmith:EarthShield","Runesmith:PerfectChisel","Runesmith:PoweredAnvil","Runesmith:ChargedHammer","Runesmith:HeatedChisel","Runesmith:Firestorm","Runesmith:Grindstone","Runesmith:HammerThrow+1","Runesmith:FissionHammer","Runesmith:UnstableHammer","Runesmith:CraftSpiculum"],"relics":["Runesmith:BrokenRuby","NeowsBlessing","Regal Pillow","Mercury Hourglass","Strawberry","Medical Kit","Busted Crown","Bronze Scales","Enchiridion","HollowMod:StagPassRelic","bronze:DecasWashers"],"acts_visited":["Exordium","TheCity"],"potions_floor_usage":[27,29],"damage_taken":[{"damage":0,"enemies":"Small Slimes","floor":1,"turns":1},{"damage":0,"enemies":"3 Sentries","floor":6,"turns":1},{"damage":0,"enemies":"Jaw Worm","floor":7,"turns":1},{"damage":1,"enemies":"Lagavulin","floor":8,"turns":8},{"damage":0,"enemies":"2 Louse","floor":14,"turns":2},{"damage":31,"enemies":"Hexaghost","floor":16,"turns":9},{"damage":30,"enemies":"2 Thieves","floor":18,"turns":4},{"damage":12,"enemies":"Shell Parasite","floor":21,"turns":4},{"damage":4,"enemies":"Cultist and Chosen","floor":24,"turns":4},{"damage":20,"enemies":"Gremlin Leader","floor":27,"turns":7},{"damage":20,"enemies":"Snake Plant","floor":28,"turns":3},{"damage":21,"enemies":"Chosen and Byrds","floor":29,"turns":4}],"seed_played":"1967023185721627262","potions_obtained":[{"floor":6,"key":"LiquidBronze"},{"floor":14,"key":"FearPotion"},{"floor":21,"key":"Energy Potion"},{"floor":24,"key":"Block Potion"}],"is_trial":false,"path_per_floor":["M","$","?","?","?","E","M","E","T","R","$","R","$","M","R","B",null,"M","$","?","M","?","R","M","?","T","E","M","M"],"character_chosen":"RUNESMITH_CLASS","items_purchased":["Runesmith:EarthShield","Runesmith:HeatedChisel","Medical Kit","Runesmith:Firestorm","Runesmith:Grindstone","Bronze Scales","Runesmith:UnstableHammer"],"campfire_rested":1,"item_purchase_floors":[2,11,11,11,13,19,19],"current_hp_per_floor":[70,70,59,59,59,59,59,58,65,65,65,65,65,65,65,34,66,36,36,36,24,24,62,58,42,42,22,2,0,0],"gold":169,"neow_bonus":"THREE_ENEMY_KILL","is_daily":false,"chose_seed":false,"campfire_upgraded":3,"win_rate":0.0,"timestamp":1611921406,"path_taken":["M","$","?","?","?","E","?","E","T","R","$","R","?","M","R","BOSS","M","$","?","M","?","R","?","?","T","E","M","M"],"items_purchased_type":["Card","Card","Relic","Card","Card","Relic","Card"],"build_version":"2020-12-22","purchased_purges":1,"victory":false,"max_hp_per_floor":[70,70,70,70,70,70,70,70,77,77,77,77,77,77,77,77,77,77,77,77,77,77,77,77,77,77,77,77,77,77],"card_choices":[{"not_picked":["Runesmith:Terraform","Runesmith:Repurpose"],"picked":"Runesmith:BackupBattery","floor":1},{"not_picked":["Runesmith:MakeshiftArmor","Runesmith:PoweredAnvil"],"picked":"Runesmith:PerfectChisel","floor":6},{"not_picked":["Runesmith:EarthShield","Runesmith:CraftReservo"],"picked":"Runesmith:PoweredAnvil","floor":7},{"not_picked":["Runesmith:Repurpose","Runesmith:MakeshiftArmor"],"picked":"Runesmith:ChargedHammer","floor":8},{"not_picked":["Runesmith:Repurpose","Runesmith:RunicBlueprint"],"picked":"Runesmith:HammerThrow","floor":14},{"not_picked":["Runesmith:DuctTape","Runesmith:UnlimitedPower"],"picked":"Runesmith:FissionHammer","floor":16},{"not_picked":["Runesmith:EarthShield"],"picked":"SKIP","floor":18},{"not_picked":["Runesmith:ShiftingStrike"],"picked":"SKIP","floor":21},{"not_picked":["Runesmith:UnstableHammer"],"picked":"SKIP","floor":24},{"not_picked":[],"picked":"Runesmith:CraftSpiculum","floor":27},{"not_picked":["Runesmith:MakeshiftArmor"],"picked":"SKIP","floor":28}],"player_experience":2991032,"relics_obtained":[{"floor":6,"key":"Regal Pillow"},{"floor":8,"key":"Mercury Hourglass"},{"floor":9,"key":"Strawberry"},{"floor":25,"key":"Enchiridion"},{"floor":26,"key":"HollowMod:StagPassRelic"},{"floor":27,"key":"bronze:DecasWashers"}],"event_choices":[{"damage_healed":0,"gold_gain":75,"player_choice":"Gather Gold","damage_taken":11,"max_hp_gain":0,"max_hp_loss":0,"event_name":"World of Goop","floor":3,"gold_loss":0},{"damage_healed":0,"gold_gain":175,"player_choice":"AGREE","damage_taken":0,"max_hp_gain":0,"max_hp_loss":0,"event_name":"Liars Game","floor":4,"gold_loss":0,"cards_obtained":["Doubt"]},{"cards_removed":["Doubt"],"damage_healed":0,"gold_gain":0,"player_choice":"Card Removal","damage_taken":0,"max_hp_gain":0,"max_hp_loss":0,"event_name":"The Cleric","floor":5,"gold_loss":50},{"damage_healed":0,"gold_gain":0,"player_choice":"Obtained Book","damage_taken":16,"max_hp_gain":0,"max_hp_loss":0,"event_name":"Cursed Tome","floor":25,"gold_loss":0}],"is_beta":false,"boss_relics":[{"not_picked":["Pandora\u0027s Box","Philosopher\u0027s Stone"],"picked":"Busted Crown"}],"items_purged_floors":[2],"is_endless":false,"potions_floor_spawned":[6,14,21,24],"killed_by":"Chosen and Byrds","ascension_level":5}}