{"host":"13o02hya6v6rzuva","time":1611912721,"event":{"mods":["BaseMod","Minty Spire (QoL Compilation)","Relic Stats"],"gold_per_floor":[116,129,129,129,144,144,157,188,214,214,237,237,312,343,343,463,463,483,483,483,527,554,554,589,589,589,635,680,716,716,741,741,870,933,947,971,971,984,984,984,1017,1017,1017,1017,1031,1031,1067,1067,1067,1067,1067],"floor_reached":50,"language":"ENG","playtime":1600,"items_purged":[],"score":683,"play_id":"b8ffd42e-a9b3-42b2-be4a-3695faaa81a4","local_time":"20210129103201","is_ascension_mode":true,"campfire_choices":[{"data":"SignatureMove","floor":6.0,"key":"SMITH"},{"floor":15.0,"key":"REST"},{"data":"Judgement","floor":23.0,"key":"SMITH"},{"data":"PathToVictory","floor":25.0,"key":"SMITH"},{"data":"PathToVictory","floor":30.0,"key":"SMITH"},{"floor":32.0,"key":"REST"},{"floor":40.0,"key":"REST"},{"floor":42.0,"key":"RECALL"},{"floor":44.0,"key":"REST"},{"floor":49,"key":"REST"}],"circlet_count":0,"master_deck":["Strike_P","Strike_P","Defend_P+1","Defend_P","Defend_P","Defend_P","Eruption+1","Vigilance","Halt","SignatureMove+1","Judgement+1","Swivel","Consecrate+1","Wish","LessonLearned","PathToVictory+1","PathToVictory+1","WreathOfFlame","PathToVictory+1","LikeWater+1","PathToVictory","PathToVictory+1","ThirdEye+1","Evaluate+1","Sadistic Nature","Parasite","Wireheading","Decay"],"relics":["PureWater","Golden Idol","Centennial Puzzle","Anchor","Lantern","Black Star","Vajra","Smiling Mask","Art of War","Whetstone","The Courier","Ornamental Fan","Tiny House","Bottled Tornado","Gambling Chip","Juzu Bracelet","Blood Vial","Regal Pillow"],"acts_visited":["Exordium","TheCity","TheBeyond"],"potions_floor_usage":[45,47,50,50],"damage_taken":[{"damage":0.0,"enemies":"2 Louse","floor":1.0,"turns":2.0},{"damage":0.0,"enemies":"Jaw Worm","floor":2.0,"turns":4.0},{"damage":0.0,"enemies":"Cultist","floor":5.0,"turns":2.0},{"damage":2.0,"enemies":"Exordium Thugs","floor":7.0,"turns":3.0},{"damage":23.0,"enemies":"Lagavulin","floor":8.0,"turns":3.0},{"damage":0.0,"enemies":"3 Louse","floor":11.0,"turns":4.0},{"damage":22.0,"enemies":"3 Sentries","floor":14.0,"turns":7.0},{"damage":24.0,"enemies":"The Guardian","floor":16.0,"turns":9.0},{"damage":0.0,"enemies":"Spheric Guardian","floor":18.0,"turns":3.0},{"damage":7.0,"enemies":"Chosen","floor":21.0,"turns":4.0},{"damage":2.0,"enemies":"Slavers","floor":24.0,"turns":6.0},{"damage":0.0,"enemies":"Snecko","floor":27.0,"turns":4.0},{"damage":4.0,"enemies":"Cultist and Chosen","floor":28.0,"turns":4.0},{"damage":19.0,"enemies":"Book of Stabbing","floor":29.0,"turns":4.0},{"damage":0.0,"enemies":"Snake Plant","floor":31.0,"turns":1.0},{"damage":65.0,"enemies":"Automaton","floor":33.0,"turns":7.0},{"damage":16.0,"enemies":"Orb Walker","floor":35.0,"turns":3.0},{"damage":13.0,"enemies":"3 Darklings","floor":36.0,"turns":4.0},{"damage":7.0,"enemies":"Jaw Worm Horde","floor":38.0,"turns":3.0},{"damage":45.0,"enemies":"Nemesis","floor":41.0,"turns":7.0},{"damage":0,"enemies":"Writhing Mass","floor":45,"turns":3},{"damage":34,"enemies":"Giant Head","floor":47,"turns":7},{"damage":61,"enemies":"Donu and Deca","floor":50,"turns":4}],"seed_played":"140155196414063742","potions_obtained":[{"floor":2.0,"key":"BottledMiracle"},{"floor":5.0,"key":"BlessingOfTheForge"},{"floor":7.0,"key":"Regen Potion"},{"floor":14.0,"key":"LiquidMemories"},{"floor":16.0,"key":"Swift Potion"},{"floor":18.0,"key":"StancePotion"},{"floor":33.0,"key":"DuplicationPotion"},{"floor":34.0,"key":"PowerPotion"},{"floor":41.0,"key":"LiquidMemories"},{"floor":47,"key":"ColorlessPotion"}],"is_trial":false,"path_per_floor":["M","M","?","?","M","R","M","E","T","T","M","?","?","E","R","B",null,"M","?","?","M","T","R","E","R","T","M","M","E","R","M","R","B",null,"M","M","?","M","?","R","E","R","T","R","M","?","E","?","R","B"],"character_chosen":"WATCHER","items_purchased":[],"campfire_rested":5,"item_purchase_floors":[],"current_hp_per_floor":[79,79,60,60,60,60,58,35,35,35,35,28,17,10,33,9,79,79,79,79,72,72,72,70,70,70,70,66,47,47,47,70,5,84,68,55,55,48,48,73,28,28,28,53,53,53,19,19,59,0,0],"gold":1067,"neow_bonus":"TEN_PERCENT_HP_BONUS","is_daily":false,"chose_seed":false,"campfire_upgraded":4,"win_rate":0.0,"timestamp":1611912721,"path_taken":["M","M","?","?","M","R","?","E","T","?","M","?","?","E","R","BOSS","M","?","?","M","?","R","E","R","T","M","?","E","R","M","R","BOSS","M","M","?","M","?","R","E","R","T","R","M","?","E","?","R","BOSS"],"items_purchased_type":[],"build_version":"2020-12-22","purchased_purges":0,"victory":false,"max_hp_per_floor":[79,79,79,79,79,79,79,79,79,79,79,79,79,79,79,79,79,79,79,79,79,79,79,79,79,79,79,79,79,79,79,79,79,84,84,84,84,84,84,84,84,84,84,84,84,84,84,84,84,84,84],"relic_stats":{"Regal Pillow":15,"counters":[23,98],"Golden Idol":149,"Juzu Bracelet":0,"Whetstone":["Strike_P","Eruption"],"Smiling Mask":0,"Blood Vial":2,"Centennial Puzzle":[39],"Ornamental Fan":[8],"Gambling Chip":[4],"Black Star":4,"Art of War":[17],"obtain_stats":[{"Lantern":14,"Regal Pillow":47,"Tiny House":34,"Golden Idol":3,"Vajra":22,"The Courier":29,"Juzu Bracelet":43,"Whetstone":26,"Bottled Tornado":41,"Smiling Mask":24,"Blood Vial":47,"Centennial Puzzle":8,"Anchor":9,"Ornamental Fan":29,"Gambling Chip":41,"Black Star":17,"Art of War":24,"PureWater":0},{"Lantern":7,"Regal Pillow":22,"Tiny House":16,"Golden Idol":2,"Vajra":10,"The Courier":14,"Juzu Bracelet":20,"Whetstone":11,"Bottled Tornado":20,"Smiling Mask":11,"Blood Vial":22,"Centennial Puzzle":5,"Anchor":5,"Ornamental Fan":14,"Gambling Chip":20,"Black Star":8,"Art of War":11,"PureWater":0},{"Lantern":25,"Regal Pillow":94,"Tiny House":67,"Golden Idol":6,"Vajra":41,"The Courier":59,"Juzu Bracelet":84,"Whetstone":47,"Bottled Tornado":84,"Smiling Mask":47,"Blood Vial":94,"Centennial Puzzle":14,"Anchor":14,"Ornamental Fan":59,"Gambling Chip":84,"Black Star":34,"Art of War":47,"PureWater":0}]},"card_choices":[{"not_picked":["Protect","Perseverance"],"picked":"Halt","floor":1.0},{"not_picked":["FlyingSleeves","Protect"],"picked":"SignatureMove","floor":2.0},{"not_picked":["BattleHymn","Vengeance"],"picked":"Swivel","floor":5.0},{"not_picked":["CrushJoints","Halt"],"picked":"Consecrate","floor":7.0},{"not_picked":["Crescendo","InnerPeace","FlurryOfBlows"],"picked":"SKIP","floor":8.0},{"not_picked":["EmptyBody","CarveReality"],"picked":"Wish","floor":11.0},{"not_picked":["FlyingSleeves","Protect","SashWhip"],"picked":"SKIP","floor":14.0},{"not_picked":["DeusExMachina","Ragnarok"],"picked":"LessonLearned","floor":16.0},{"not_picked":["InnerPeace","TalkToTheHand"],"picked":"PathToVictory","floor":18.0},{"not_picked":["Consecrate","ForeignInfluence"],"picked":"WreathOfFlame","floor":21.0},{"not_picked":["Crescendo","EmptyBody"],"picked":"PathToVictory","floor":24.0},{"not_picked":["Protect","Halt+1"],"picked":"LikeWater+1","floor":27.0},{"not_picked":["JustLucky","Omniscience","SashWhip+1"],"picked":"SKIP","floor":28.0},{"not_picked":["WindmillStrike","SandsOfTime+1"],"picked":"PathToVictory","floor":29.0},{"not_picked":["Consecrate+1","FlyingSleeves+1"],"picked":"PathToVictory+1","floor":31.0},{"not_picked":["Sanctity+1","TalkToTheHand+1","Halt+1"],"picked":"SKIP","floor":35.0},{"not_picked":["TalkToTheHand+1","Protect+1"],"picked":"ThirdEye+1","floor":36.0},{"not_picked":["CrushJoints","ForeignInfluence+1"],"picked":"Evaluate+1","floor":38.0},{"not_picked":["Flash of Steel","PanicButton"],"picked":"Sadistic Nature","floor":39.0},{"not_picked":["ConjureBlade","ForeignInfluence","Collect"],"picked":"SKIP","floor":41.0},{"not_picked":["EmptyFist","FlyingSleeves","Tantrum"],"picked":"SKIP","floor":45},{"not_picked":["Indignation","JustLucky+1"],"picked":"Wireheading","floor":47}],"player_experience":1165673,"relics_obtained":[{"floor":8.0,"key":"Centennial Puzzle"},{"floor":9.0,"key":"Anchor"},{"floor":14.0,"key":"Lantern"},{"floor":22.0,"key":"Vajra"},{"floor":24.0,"key":"Smiling Mask"},{"floor":24.0,"key":"Art of War"},{"floor":26.0,"key":"Whetstone"},{"floor":29.0,"key":"The Courier"},{"floor":29.0,"key":"Ornamental Fan"},{"floor":41.0,"key":"Bottled Tornado"},{"floor":41.0,"key":"Gambling Chip"},{"floor":43.0,"key":"Juzu Bracelet"},{"floor":47,"key":"Blood Vial"},{"floor":47,"key":"Regal Pillow"}],"event_choices":[{"damage_healed":0.0,"max_hp_gain":0.0,"max_hp_loss":0.0,"gold_gain":0.0,"event_name":"Golden Idol","player_choice":"Take Damage","floor":3.0,"gold_loss":0.0,"damage_taken":19.0,"relics_obtained":["Golden Idol"]},{"damage_healed":0.0,"max_hp_gain":0.0,"max_hp_loss":0.0,"gold_gain":0.0,"event_name":"Match and Keep!","player_choice":"1 cards matched","floor":4.0,"gold_loss":0.0,"damage_taken":0.0,"cards_obtained":["Judgement"]},{"cards_removed":["Strike_P"],"damage_healed":0.0,"max_hp_gain":0.0,"max_hp_loss":0.0,"gold_gain":0.0,"event_name":"Golden Wing","player_choice":"Card Removal","floor":12.0,"gold_loss":0.0,"damage_taken":7.0},{"damage_healed":0.0,"max_hp_gain":0.0,"max_hp_loss":0.0,"gold_gain":75.0,"event_name":"World of Goop","player_choice":"Gather Gold","floor":13.0,"gold_loss":0.0,"damage_taken":11.0},{"damage_healed":0.0,"max_hp_gain":0.0,"max_hp_loss":0.0,"gold_gain":0.0,"event_name":"The Library","player_choice":"Read","floor":19.0,"gold_loss":0.0,"damage_taken":0.0,"cards_obtained":["PathToVictory"]},{"damage_healed":0.0,"max_hp_gain":0.0,"max_hp_loss":0.0,"gold_gain":0.0,"event_name":"Ghosts","player_choice":"Ignored","floor":20.0,"gold_loss":0.0,"damage_taken":0.0},{"cards_removed":["Strike_P"],"damage_healed":0.0,"max_hp_gain":0.0,"max_hp_loss":0.0,"gold_gain":0.0,"event_name":"Falling","player_choice":"Removed Attack","floor":37.0,"gold_loss":0.0,"damage_taken":0.0},{"damage_healed":0.0,"max_hp_gain":0.0,"max_hp_loss":0.0,"gold_gain":0.0,"event_name":"SensoryStone","player_choice":"Memory 1","floor":39.0,"gold_loss":0.0,"damage_taken":0.0},{"damage_healed":0,"gold_gain":0,"player_choice":"Ignored","damage_taken":0,"max_hp_gain":0,"max_hp_loss":0,"event_name":"Tomb of Lord Red Mask","floor":46,"gold_loss":0},{"damage_healed":0,"gold_gain":0,"player_choice":"Cursed","damage_taken":0,"max_hp_gain":0,"max_hp_loss":0,"event_name":"Wheel of Change","floor":48,"gold_loss":0,"cards_obtained":["Decay"]}],"is_beta":false,"boss_relics":[{"not_picked":["Fusion Hammer","VioletLotus"],"picked":"Black Star"},{"not_picked":["Sozu","Velvet Choker"],"picked":"Tiny House"}],"items_purged_floors":[],"is_endless":false,"potions_floor_spawned":[2,5,7,14,16,18,33,38,41,47],"killed_by":"Donu and Deca","ascension_level":4}}