{"host":"p7rfre8x0bnq7zyq","time":1611952922,"event":{"mods":["AchievementEnabler","Act Like it!","Ascension Reborn","BaseMod","Better Match","Better Note","Block Reminder","Colored Map","Colored Powertips","Conspire","Defective Defect","Downfall","Elementarium","Hubris","Infinite Spire","Marked Mod","Minty Spire (QoL Compilation)","RNG Fix","Random Character Mod","Rare Cards Sparkle","Relic Stats","Replay The Spire","Shop Mod","StSLib","The Jungle","Unceasing Turn Reminder","everything is the same but u backflip on backflip","slay the spire mod where everything is the same but ironclad has a cowboy hat"],"gold_per_floor":[114,125,142,142,56,87,105,137,161,161,161,196,208,239,239,337,337,360,411,266,293,293,362,392,392,392],"floor_reached":24,"language":"ENG","playtime":1547,"items_purged":["Overencumbered"],"score":371,"play_id":"50ae949d-9b92-47b4-8c68-e54ebda79a18","local_time":"20210129144202","daily_mods":["Insanity","Diverse","Heirloom","DeadlyEvents","Elite Swarm","downfall:ExchangeController"],"is_ascension_mode":false,"campfire_choices":[{"data":"bronze:RecursiveStrike","floor":15,"key":"SMITH"}],"circlet_count":0,"master_deck":["Endless Agony","bronze:BugBarrage","hexamod:FlamesFromBeyond","bronze:BugBarrage","Poisoned Stab","CrushJoints","Wild Strike","hexamod:BurningTouch","sneckomod:UnknownClassRED","Fusion+1","Sweeping Beam","Ball Lightning","champ:DefensiveShout","Evaluate","Blood for Blood","Pray","Slimebound:Prepare","bronze:BugBarrage","ReplayTheSpireMod:Corrosion Curse","ReplayTheSpireMod:Speed Training","champ:AdrenalArmor","Sneak Up","sneckomod:SerpentIdol","Sucker Punch","Force Field","Rage","Poisoned Stab","champ:ShieldSlam","champ:RapidStrikes","champ:AdrenalArmor","hexamod:GhostOfSpireFuture","hubris:ReadiedAction","champ:ShieldWall","sneckomod:UnknownClassSLIMEBOUND","InnerPeace","Guardian:VentSteam","Guardian:RollAttack","ReplayTheSpireMod:Shiv Toss","sneckomod:UnknownClassHEXA_GHOST_PURPLE","sneckomod:SoulDraw+1","Cleave","champ:Shatter","champ:Encircle","bronze:Repulsor","Clothesline","hexamod:SwordOfDarkness","WindmillStrike","Rip and Tear","Acrobatics","Gash","Guardian:RefractedBeam","Specialist","Reboot","MarkedMod:FirstStrike","Core Surge","Wish","sneckomod:UnknownClassBLUE","bronze:RecursiveStrike+1","hubris:Greed","hubris:Sloth","hubris:Greed","Slimebound:SplitLeeching+1","hexamod:ShieldOfDarkness","Capacitor+1","bronze:WildBeam","hubris:Greed","champ:LastStand+1","hubris:Greed"],"relics":["bronze:BronzeCore","Ring of Chaos","Durian","hubris:Potato","hexamod:BolsterEngine","infinitespire:Lucky Rock","champ:DuelingGlove","Iron Hammer","BranchBurnRelic","Replay:Ancient Bell","War Paint","Frozen Egg 2","Shovel","Gremlin Food"],"acts_visited":["Exordium","TheCity"],"potions_floor_usage":[23,23,23],"damage_taken":[{"damage":6,"enemies":"conspire:RoseBush","floor":1,"turns":2},{"damage":4,"enemies":"Small Slimes","floor":2,"turns":2},{"damage":0,"enemies":"2 Louse","floor":3,"turns":3},{"damage":44,"enemies":"3 Sentries","floor":6,"turns":7},{"damage":10,"enemies":"Blue Slaver","floor":7,"turns":4},{"damage":25,"enemies":"Lagavulin","floor":8,"turns":7},{"damage":10,"enemies":"Replay:BlueRogue","floor":12,"turns":4},{"damage":9,"enemies":"conspire:2 RoseBushes","floor":13,"turns":3},{"damage":7,"enemies":"Gremlin Nob","floor":14,"turns":4},{"damage":56,"enemies":"The Guardian","floor":16,"turns":8},{"damage":42,"enemies":"3 Byrds","floor":18,"turns":7},{"damage":7,"enemies":"Chosen","floor":19,"turns":5},{"damage":21,"enemies":"Snake Plant","floor":21,"turns":4},{"damage":135,"enemies":"Gremlin Leader","floor":23,"turns":10},{"damage":38,"enemies":"conspire:HollyBat","floor":24,"turns":9}],"seed_played":"-4715547422734621583","potions_obtained":[{"floor":6,"key":"Languid Potion"},{"floor":7,"key":"SpeedPotion"},{"floor":12,"key":"EntropicBrew"},{"floor":23,"key":"ColorlessPotion"}],"is_trial":true,"path_per_floor":["M","M","M","?","$","E","M","E","T","T","?","E","M","E","R","B",null,"M","M","$","M","?","E","M"],"character_chosen":"THE_AUTOMATON","items_purchased":["Specialist","Capacitor+1"],"campfire_rested":0,"item_purchase_floors":[5,20],"current_hp_per_floor":[169,165,165,165,165,121,111,86,86,86,86,91,82,75,75,34,175,133,126,126,105,105,34,0,0,0],"gold":392,"neow_bonus":"","is_daily":false,"chose_seed":false,"campfire_upgraded":1,"win_rate":0.0,"timestamp":1611952922,"path_taken":["M","M","M","?","$","E","M","E","T","?","?","E","?","E","R","BOSS","M","M","$","M","?","E","M"],"items_purchased_type":["Card","Card"],"build_version":"2020-12-22","purchased_purges":1,"victory":false,"max_hp_per_floor":[175,175,175,175,175,175,175,175,175,175,175,175,175,175,175,175,175,175,175,175,175,175,175,175,175,175],"relic_stats":{"Shovel":0,"counters":[15,79],"War Paint":["Fusion","sneckomod:SoulDraw"],"obtain_stats":[{"Gremlin Food":23,"champ:DuelingGlove":12,"bronze:BronzeCore":0,"downfall:NeowBlessing_Player":0,"Dead Branch":10,"Ring of Chaos":0,"Replay:Ancient Bell":17,"infinitespire:Lucky Rock":9,"War Paint":17,"Frozen Egg 2":17,"BranchBurnRelic":15,"Shovel":17,"Iron Hammer":14,"Durian":0,"hexamod:BolsterEngine":8,"hubris:Potato":6},{"Gremlin Food":14,"champ:DuelingGlove":7,"bronze:BronzeCore":0,"downfall:NeowBlessing_Player":0,"Dead Branch":6,"Ring of Chaos":0,"Replay:Ancient Bell":10,"infinitespire:Lucky Rock":6,"War Paint":10,"Frozen Egg 2":10,"BranchBurnRelic":9,"Shovel":10,"Iron Hammer":9,"Durian":0,"hexamod:BolsterEngine":6,"hubris:Potato":4},{"Gremlin Food":70,"champ:DuelingGlove":29,"bronze:BronzeCore":0,"downfall:NeowBlessing_Player":0,"Dead Branch":25,"Ring of Chaos":0,"Replay:Ancient Bell":44,"infinitespire:Lucky Rock":25,"War Paint":44,"Frozen Egg 2":44,"BranchBurnRelic":36,"Shovel":44,"Iron Hammer":36,"Durian":0,"hexamod:BolsterEngine":25,"hubris:Potato":14}]},"card_choices":[{"not_picked":["bronze:Flail","Slimebound:Equalize"],"picked":"Acrobatics","floor":1},{"not_picked":["Slimebound:SamplingLick","Combust"],"picked":"Gash","floor":2},{"not_picked":["Guardian:TimeCapacitor","Combust"],"picked":"Guardian:RefractedBeam","floor":3},{"not_picked":["hexamod:TimeWarp","Guardian:StasisStrike"],"picked":"Reboot","floor":6},{"not_picked":["champ:EnGarde","Nirvana"],"picked":"MarkedMod:FirstStrike","floor":7},{"not_picked":["hexamod:TurnItUp","Buffer"],"picked":"Core Surge","floor":8},{"not_picked":["Rainbow","Barricade"],"picked":"Wish","floor":12},{"not_picked":["Warcry","Backflip"],"picked":"sneckomod:UnknownClassBLUE","floor":13},{"not_picked":["Amplify","SpiritShield"],"picked":"bronze:RecursiveStrike","floor":14},{"not_picked":["hubris:Envy","Normality"],"picked":"hubris:Greed","floor":17},{"not_picked":["downfall:Bewildered","hubris:Wrath"],"picked":"hubris:Sloth","floor":17},{"not_picked":["Looming Evil","conspire:NecroticWound"],"picked":"Overencumbered","floor":17},{"not_picked":["sneckomod:UnknownBlock","hexamod:ThirdSeal"],"picked":"Slimebound:SplitLeeching+1","floor":18},{"not_picked":["Replay:AtTheReady","Replay:BluntJabs"],"picked":"hexamod:ShieldOfDarkness","floor":19},{"not_picked":["sneckomod:UnknownClassPURPLE","Aggregate","Replay:Undeath\u0027s Touch"],"picked":"SKIP","floor":21},{"not_picked":["Double Tap","Guardian:RevengeProtocol+1"],"picked":"champ:LastStand+1","floor":23}],"player_experience":193048,"relics_obtained":[{"floor":6,"key":"hubris:Potato"},{"floor":8,"key":"hexamod:BolsterEngine"},{"floor":9,"key":"infinitespire:Lucky Rock"},{"floor":10,"key":"Dead Branch"},{"floor":12,"key":"champ:DuelingGlove"},{"floor":14,"key":"Iron Hammer"},{"floor":23,"key":"Gremlin Food"}],"event_choices":[{"damage_healed":0,"gold_gain":0,"player_choice":"Ignored","damage_taken":0,"max_hp_gain":0,"max_hp_loss":0,"event_name":"betterNote:BetterNote","floor":11,"gold_loss":0,"cards_obtained":["Guardian:Gem_Crimson"]}],"is_beta":false,"boss_relics":[{"not_picked":["Coffee Dripper","ReplayTheSpireMod:DimensionalGlitch"],"picked":"Replay:Ancient Bell"},{"not_picked":["ReplayTheSpireMod:Lightbulb","Blood Vial"],"picked":"War Paint"},{"not_picked":["Replay:Accelerometer","Pantograph"],"picked":"Frozen Egg 2"},{"not_picked":["champ:DeflectingBracers","infinitespire:Lychee Nut"],"picked":"Shovel"}],"items_purged_floors":[20],"is_endless":false,"potions_floor_spawned":[6,7,12,13,14,16,18,19,23],"killed_by":"conspire:HollyBat","ascension_level":0}}