{"host":"hjajo0rafoe1e6c4","time":1611882680,"event":{"mods":["AchievementEnabler","BaseMod","Bestiary","Colored Map","Colored Powertips","Highlight Path","Minty Spire (QoL Compilation)","Relic Stats"],"gold_per_floor":[119,119,119,137,152,152,176,176,176,199,199,56,74,99,99,218,218,236,20,34,34,54,54,83,83,83,98,98,123,38,0,0,96,96,113,113,132,152,162,191,204,231,243,285,309,340,4,23,23,23,23,23,23,54,54,54],"floor_reached":55,"language":"ENG","playtime":3498,"items_purged":[],"score":1048,"play_id":"c1dac637-3c2a-4e64-b139-e6f6e95f3f73","local_time":"20210128201120","is_ascension_mode":true,"campfire_choices":[{"data":"Leg Sweep","floor":6.0,"key":"SMITH"},{"floor":8.0,"key":"REST"},{"data":"Cloak And Dagger","floor":15.0,"key":"SMITH"},{"data":"Wraith Form v2","floor":23.0,"key":"SMITH"},{"floor":25.0,"key":"REST"},{"floor":28.0,"key":"REST"},{"data":"Infinite Blades","floor":32.0,"key":"SMITH"},{"floor":49,"key":"RECALL"},{"data":"Calculated Gamble","floor":52,"key":"SMITH"}],"circlet_count":0,"master_deck":["Strike_G","Strike_G","Defend_G+1","Defend_G","Defend_G+1","Survivor","Neutralize","CurseOfTheBell","Leg Sweep+1","Escape Plan","Backflip","Accuracy","Accuracy","Slice","Cloak And Dagger+1","Wraith Form v2+1","A Thousand Cuts+1","Noxious Fumes+1","Escape Plan+1","Choke+1","Infinite Blades+1","Calculated Gamble+1","Deflect+1","Blade Dance","Deflect+1","Acrobatics","Underhanded Strike","Storm of Steel","Escape Plan+1","Flying Knee","Setup+1","Cloak And Dagger","Noxious Fumes+1","Escape Plan","Deflect+1","Escape Plan+1","Acrobatics+1","Phantasmal Killer","Slice","Setup+1","Bullet Time","Wraith Form v2+1","Escape Plan","Terror+1"],"relics":["Calling Bell","Bag of Marbles","Darkstone Periapt","Lizard Tail","Bloody Idol","Incense Burner","Bag of Preparation","Astrolabe","Omamori","Prayer Wheel","Ancient Tea Set","Pocketwatch","Cursed Key","Mercury Hourglass","MawBank","Sundial","Strawberry","DollysMirror","Anchor"],"acts_visited":["Exordium","TheCity","TheBeyond","TheEnding"],"potions_floor_usage":[50],"damage_taken":[{"damage":0.0,"enemies":"2 Louse","floor":1.0,"turns":2.0},{"damage":1.0,"enemies":"Small Slimes","floor":4.0,"turns":6.0},{"damage":0.0,"enemies":"Jaw Worm","floor":5.0,"turns":6.0},{"damage":4.0,"enemies":"Large Slime","floor":7.0,"turns":11.0},{"damage":3.0,"enemies":"Looter","floor":10.0,"turns":4.0},{"damage":0.0,"enemies":"3 Louse","floor":13.0,"turns":4.0},{"damage":13.0,"enemies":"Lots of Slimes","floor":14.0,"turns":8.0},{"damage":27.0,"enemies":"Slime Boss","floor":16.0,"turns":14.0},{"damage":8.0,"enemies":"Chosen","floor":18.0,"turns":5.0},{"damage":35.0,"enemies":"Spheric Guardian","floor":20.0,"turns":6.0},{"damage":7.0,"enemies":"Snecko","floor":22.0,"turns":6.0},{"damage":20.0,"enemies":"Gremlin Leader","floor":24.0,"turns":6.0},{"damage":0.0,"enemies":"Centurion and Healer","floor":27.0,"turns":4.0},{"damage":11.0,"enemies":"Book of Stabbing","floor":29.0,"turns":5.0},{"damage":18.0,"enemies":"Automaton","floor":33.0,"turns":8.0},{"damage":2.0,"enemies":"Orb Walker","floor":35.0,"turns":4.0},{"damage":12.0,"enemies":"3 Darklings","floor":37.0,"turns":3.0},{"damage":16.0,"enemies":"Jaw Worm Horde","floor":38.0,"turns":4.0},{"damage":21.0,"enemies":"Writhing Mass","floor":39.0,"turns":6.0},{"damage":13.0,"enemies":"Nemesis","floor":40.0,"turns":7.0},{"damage":0.0,"enemies":"4 Shapes","floor":41.0,"turns":4.0},{"damage":0.0,"enemies":"Giant Head","floor":42.0,"turns":7.0},{"damage":22.0,"enemies":"Nemesis","floor":44.0,"turns":6.0},{"damage":8.0,"enemies":"Spire Growth","floor":45.0,"turns":4.0},{"damage":14.0,"enemies":"Jaw Worm Horde","floor":46.0,"turns":4.0},{"damage":2.0,"enemies":"Transient","floor":48.0,"turns":5.0},{"damage":20,"enemies":"Time Eater","floor":50,"turns":7},{"damage":62,"enemies":"Shield and Spear","floor":54,"turns":6},{"damage":93,"enemies":"The Heart","floor":55,"turns":3}],"seed_played":"-5108515430641531921","potions_obtained":[{"floor":4.0,"key":"Ancient Potion"},{"floor":10.0,"key":"LiquidBronze"},{"floor":13.0,"key":"FairyPotion"},{"floor":18.0,"key":"Regen Potion"},{"floor":29.0,"key":"SkillPotion"},{"floor":38.0,"key":"Strength Potion"},{"floor":39.0,"key":"BlessingOfTheForge"},{"floor":41.0,"key":"PowerPotion"},{"floor":46.0,"key":"Block Potion"},{"floor":54,"key":"SteroidPotion"}],"is_trial":false,"path_per_floor":["M","?","?","M","M","R","M","R","T","M","?","$","M","M","R","B",null,"M","$","M","?","M","R","E","R","T","M","R","E","?","?","R","B",null,"M","?","M","M","M","E","M","E","T","E","M","M","$","M","R","B",null,"R","$","E","B"],"character_chosen":"THE_SILENT","items_purchased":["Bag of Preparation","Infinite Blades","Omamori","Bullet Time","DollysMirror","Escape Plan"],"campfire_rested":3,"item_purchase_floors":[12,19,19,47,47,47],"current_hp_per_floor":[63,46,32,31,31,31,27,48,48,45,38,38,38,25,25,21,58,50,50,15,15,27,27,12,33,33,38,59,53,53,53,53,40,63,66,66,59,48,32,24,29,34,39,34,36,32,37,40,40,20,63,63,63,6,0,0],"gold":54,"neow_bonus":"BOSS_RELIC","is_daily":false,"chose_seed":false,"campfire_upgraded":5,"win_rate":0.0,"timestamp":1611882680,"path_taken":["M","?","?","M","M","R","M","R","T","M","?","$","M","M","R","BOSS","M","$","M","?","M","R","E","R","T","M","R","E","?","?","R","BOSS","M","?","M","M","M","E","M","E","T","E","M","?","$","M","R","BOSS","R","$","E","BOSS"],"items_purchased_type":["Relic","Card","Relic","Card","Relic","Card"],"build_version":"2020-12-22","purchased_purges":0,"victory":false,"max_hp_per_floor":[70,70,70,70,70,70,70,70,70,70,70,70,70,70,70,70,70,70,70,70,70,70,70,70,70,70,70,70,70,70,70,70,70,70,70,70,70,70,70,70,70,70,70,77,77,77,77,77,77,77,77,77,77,77,77,77],"relic_stats":{"Darkstone Periapt":0,"counters":[29,164],"Astrolabe":["A Thousand Cuts","Noxious Fumes","Escape Plan"],"Bag of Preparation":[48],"Cursed Key":1,"MawBank":60,"Mercury Hourglass":[155],"Lizard Tail":38,"Sundial":[2],"Bloody Idol":110,"Prayer Wheel":9,"obtain_stats":[{"Darkstone Periapt":0,"Golden Idol":2,"Astrolabe":17,"Incense Burner":9,"Bag of Preparation":12,"Omamori":19,"Ancient Tea Set":29,"Cursed Key":34,"MawBank":42,"Mercury Hourglass":40,"Calling Bell":0,"Lizard Tail":0,"Anchor":54,"Sundial":43,"DollysMirror":47,"Bloody Idol":21,"Strawberry":44,"Prayer Wheel":24,"Bag of Marbles":0,"Ring of the Snake":0,"Pocketwatch":30},{"Darkstone Periapt":0,"Golden Idol":1,"Astrolabe":8,"Incense Burner":4,"Bag of Preparation":5,"Omamori":9,"Ancient Tea Set":14,"Cursed Key":15,"MawBank":22,"Mercury Hourglass":20,"Calling Bell":0,"Lizard Tail":0,"Anchor":28,"Sundial":22,"DollysMirror":25,"Bloody Idol":10,"Strawberry":23,"Prayer Wheel":12,"Bag of Marbles":0,"Ring of the Snake":0,"Pocketwatch":14},{"Darkstone Periapt":0,"Golden Idol":2,"Astrolabe":55,"Incense Burner":25,"Bag of Preparation":29,"Omamori":60,"Ancient Tea Set":87,"Cursed Key":95,"MawBank":130,"Mercury Hourglass":119,"Calling Bell":0,"Lizard Tail":0,"Anchor":161,"Sundial":130,"DollysMirror":144,"Bloody Idol":66,"Strawberry":136,"Prayer Wheel":78,"Bag of Marbles":0,"Ring of the Snake":0,"Pocketwatch":87}],"Pocketwatch":[21]},"card_choices":[{"not_picked":["Flechettes","Dodge and Roll"],"picked":"Leg Sweep","floor":1.0},{"not_picked":["Outmaneuver","Acrobatics"],"picked":"Escape Plan","floor":4.0},{"not_picked":["Blade Dance","Dagger Spray"],"picked":"Backflip","floor":5.0},{"not_picked":["Endless Agony","Bane"],"picked":"Accuracy","floor":7.0},{"not_picked":["Outmaneuver","Underhanded Strike"],"picked":"Accuracy","floor":10.0},{"not_picked":["Backflip","Outmaneuver"],"picked":"Slice","floor":13.0},{"not_picked":["Flechettes","After Image"],"picked":"Cloak And Dagger","floor":14.0},{"not_picked":["Doppelganger","Phantasmal Killer"],"picked":"Wraith Form v2","floor":16.0},{"not_picked":["Deadly Poison+1","Bane+1"],"picked":"Choke+1","floor":18.0},{"not_picked":["Deflect","Acrobatics"],"picked":"Calculated Gamble","floor":20.0},{"not_picked":["Sucker Punch","Acrobatics"],"picked":"Deflect+1","floor":22.0},{"not_picked":["Infinite Blades","Eviscerate"],"picked":"Blade Dance","floor":24.0},{"not_picked":["Acrobatics+1","Quick Slash"],"picked":"Deflect+1","floor":27.0},{"not_picked":["Sucker Punch","Quick Slash"],"picked":"Acrobatics","floor":27.0},{"not_picked":["Doppelganger","Choke"],"picked":"Underhanded Strike","floor":29.0},{"not_picked":["Tools of the Trade","Glass Knife"],"picked":"Storm of Steel","floor":33.0},{"not_picked":["Slice","Crippling Poison"],"picked":"Escape Plan+1","floor":35.0},{"not_picked":["Outmaneuver","All Out Attack","Bane"],"picked":"SKIP","floor":35.0},{"not_picked":["Acrobatics","Flying Knee"],"picked":"Setup+1","floor":37.0},{"not_picked":["Outmaneuver","Concentrate+1","Distraction+1"],"picked":"SKIP","floor":37.0},{"not_picked":["Dash","Flying Knee"],"picked":"Cloak And Dagger","floor":38.0},{"not_picked":["Quick Slash+1","Bane"],"picked":"Noxious Fumes+1","floor":38.0},{"not_picked":["Quick Slash","Backflip"],"picked":"Escape Plan","floor":39.0},{"not_picked":["Quick Slash+1","Riddle With Holes+1","Die Die Die"],"picked":"SKIP","floor":39.0},{"not_picked":["Predator","Dodge and Roll+1"],"picked":"Deflect+1","floor":40.0},{"not_picked":["Slice","Flying Knee+1"],"picked":"Escape Plan+1","floor":41.0},{"not_picked":["Flechettes","Sucker Punch","Flying Knee"],"picked":"SKIP","floor":41.0},{"not_picked":["Slice","Footwork"],"picked":"Acrobatics+1","floor":42.0},{"not_picked":["Reflex","Crippling Poison"],"picked":"Phantasmal Killer","floor":44.0},{"not_picked":["Heel Hook+1","PiercingWail+1"],"picked":"Slice","floor":45.0},{"not_picked":["Predator","Skewer","Caltrops"],"picked":"SKIP","floor":45.0},{"not_picked":["Dagger Spray+1","Underhanded Strike+1"],"picked":"Setup+1","floor":46.0},{"not_picked":["Backflip","Footwork","Outmaneuver"],"picked":"SKIP","floor":46.0},{"not_picked":["Bane+1","Flying Knee"],"picked":"Terror+1","floor":48.0},{"not_picked":["Quick Slash","Phantasmal Killer","Choke+1"],"picked":"SKIP","floor":48.0},{"not_picked":["Underhanded Strike+1","Terror","Tactician"],"picked":"SKIP","floor":54}],"player_experience":192284,"relics_obtained":[{"floor":0.0,"key":"Bag of Marbles"},{"floor":0.0,"key":"Darkstone Periapt"},{"floor":0.0,"key":"Lizard Tail"},{"floor":9.0,"key":"Incense Burner"},{"floor":24.0,"key":"Prayer Wheel"},{"floor":29.0,"key":"Ancient Tea Set"},{"floor":40.0,"key":"Mercury Hourglass"},{"floor":42.0,"key":"MawBank"},{"floor":43.0,"key":"Sundial"},{"floor":44.0,"key":"Strawberry"},{"floor":54,"key":"Anchor"}],"event_choices":[{"damage_healed":0.0,"max_hp_gain":0.0,"max_hp_loss":0.0,"gold_gain":0.0,"event_name":"Golden Idol","player_choice":"Take Damage","floor":2.0,"gold_loss":0.0,"damage_taken":17.0,"relics_obtained":["Golden Idol"]},{"damage_healed":0.0,"max_hp_gain":0.0,"max_hp_loss":0.0,"gold_gain":0.0,"event_name":"Shining Light","player_choice":"Entered Light","floor":3.0,"gold_loss":0.0,"damage_taken":14.0,"cards_upgraded":["Defend_G","Defend_G"]},{"cards_removed":["Defend_G"],"damage_healed":0.0,"max_hp_gain":0.0,"max_hp_loss":0.0,"gold_gain":0.0,"event_name":"Golden Wing","player_choice":"Card Removal","floor":11.0,"gold_loss":0.0,"damage_taken":7.0},{"damage_healed":0.0,"max_hp_gain":0.0,"max_hp_loss":0.0,"gold_gain":0.0,"event_name":"Forgotten Altar","player_choice":"Gave Idol","floor":21.0,"relics_lost":["Golden Idol"],"gold_loss":0.0,"damage_taken":0.0,"relics_obtained":["Bloody Idol"]},{"damage_healed":0.0,"max_hp_gain":0.0,"max_hp_loss":0.0,"gold_gain":0.0,"event_name":"Addict","player_choice":"Obtained Relic","floor":30.0,"gold_loss":85.0,"damage_taken":0.0,"relics_obtained":["Pocketwatch"]},{"damage_healed":0.0,"max_hp_gain":0.0,"max_hp_loss":0.0,"gold_gain":0.0,"event_name":"Masked Bandits","player_choice":"Paid Fearfully","floor":31.0,"gold_loss":38.0,"damage_taken":0.0},{"damage_healed":0.0,"max_hp_gain":0.0,"max_hp_loss":0.0,"gold_gain":0.0,"cards_transformed":["Strike_G"],"event_name":"Transmorgrifier","player_choice":"Transformed","floor":36.0,"gold_loss":0.0,"damage_taken":0.0,"cards_obtained":["Flying Knee"]}],"is_beta":false,"boss_relics":[{"not_picked":["Busted Crown","Empty Cage"],"picked":"Astrolabe"},{"not_picked":["SacredBark","Snecko Eye"],"picked":"Cursed Key"}],"items_purged_floors":[],"is_endless":false,"potions_floor_spawned":[4,10,13,14,18,20,29,38,39,41,42,46,54],"killed_by":"The Heart","ascension_level":6}}