{"host":"5dhwd44u3dydylwe","time":1611909303,"event":{"mods":["AchievementEnabler","BaseMod","BetterRewards","Dota2Spire","Hubris","Minty Spire (QoL Compilation)","Shop Mod","StSLib","Wandering Minibosses"],"gold_per_floor":[114,132,144,319,41,41,69,86,166,186,205,205,224,241,241,336,336,356,376,376,387,387,420,430,430,445,471,471,65,79,93,106,106,207,207,223,239,253,253,271,271,304,321,321,339,339,371,381,391,391,391,391,391,39,69,69],"floor_reached":57,"language":"ENG","playtime":3907,"items_purged":["Strike_P","Strike_P","Doubt","LessonLearned+1"],"score":1473,"play_id":"1d97a90f-b89c-4dd4-9a0e-aeb74bbc1aee","local_time":"20210129163503","is_ascension_mode":false,"campfire_choices":[{"data":"Eruption","floor":6.0,"key":"SMITH"},{"data":"SandsOfTime","floor":15,"key":"SMITH"},{"data":"Fasting2","floor":25,"key":"SMITH"},{"data":"Nirvana","floor":28,"key":"SMITH"},{"data":"Tantrum","floor":33,"key":"SMITH"},{"floor":41,"key":"RECALL"},{"floor":46,"key":"REST"},{"floor":50,"key":"REST"},{"floor":53,"key":"REST"}],"circlet_count":0,"master_deck":["Strike_P+1","Strike_P+1","Defend_P+1","Defend_P+1","Defend_P+1","Eruption+1","Vigilance+1","Fasting2+1","CutThroughFate+1","Evaluate+1","FearNoEvil+1","Nirvana+1","FlyingSleeves+1","FlurryOfBlows+1","Omniscience+1","InnerPeace+1","SandsOfTime+1","BowlingBash+1","JustLucky+1","Consecrate+1","Evaluate+1","WaveOfTheHand+1","Tantrum+1","Evaluate+1","Protect+1","SashWhip+1","Vault+1","Crescendo+1","ThirdEye+1","Wallop+1","EmptyMind+1","CrushJoints+1","Protect+1","ClearTheMind+1","Protect+1"],"relics":["PureWater","OrangePellets","Melange","Toy Ornithopter","Oddly Smooth Stone","Whetstone","Bottled Flame","wanderingMiniBosses:OtherGremlinHorn","Dota2Spire:RefresherOrb","Dota2Spire:Vanguard","Dota2Spire:DrumOfEndurance","Gremlin Horn","Centennial Puzzle","hubris:Backtick","hubris:Zylophone","hubris:64BitClover","hubris:SlimyHat","Pen Nib","Bag of Preparation"],"acts_visited":["Exordium","TheCity","TheBeyond","TheEnding"],"potions_floor_usage":[13,16,23,56,56],"damage_taken":[{"damage":0.0,"enemies":"Cultist","floor":1.0,"turns":3.0},{"damage":2.0,"enemies":"Small Slimes","floor":2.0,"turns":3.0},{"damage":2.0,"enemies":"Jaw Worm","floor":3.0,"turns":4.0},{"damage":8.0,"enemies":"Lagavulin","floor":7.0,"turns":6.0},{"damage":1.0,"enemies":"Red Slaver","floor":8.0,"turns":4.0},{"damage":9.0,"enemies":"Lots of Slimes","floor":10.0,"turns":5.0},{"damage":0.0,"enemies":"Exordium Thugs","floor":11.0,"turns":4.0},{"damage":1,"enemies":"3 Louse","floor":13,"turns":7},{"damage":2,"enemies":"Lots of Slimes","floor":14,"turns":4},{"damage":0,"enemies":"Hexaghost","floor":16,"turns":6},{"damage":10,"enemies":"Chosen","floor":18,"turns":6},{"damage":0,"enemies":"3 Byrds","floor":19,"turns":5},{"damage":8,"enemies":"3 Cultists","floor":21,"turns":4},{"damage":14,"enemies":"Slavers","floor":23,"turns":6},{"damage":3,"enemies":"Sentry and Sphere","floor":24,"turns":4},{"damage":8,"enemies":"Snake Plant","floor":26,"turns":4},{"damage":0,"enemies":"Centurion and Healer","floor":30,"turns":3},{"damage":0,"enemies":"Shelled Parasite and Fungi","floor":31,"turns":3},{"damage":0,"enemies":"3 Cultists","floor":32,"turns":2},{"damage":10,"enemies":"hubris:MusketHawk","floor":34,"turns":5},{"damage":0,"enemies":"3 Darklings","floor":36,"turns":5},{"damage":0,"enemies":"3 Shapes","floor":37,"turns":4},{"damage":0,"enemies":"Transient","floor":38,"turns":5},{"damage":0,"enemies":"Sphere and 2 Shapes","floor":40,"turns":5},{"damage":2,"enemies":"Nemesis","floor":42,"turns":5},{"damage":11,"enemies":"Jaw Worm Horde","floor":43,"turns":2},{"damage":0,"enemies":"3 Darklings","floor":45,"turns":2},{"damage":0,"enemies":"Giant Head","floor":47,"turns":4},{"damage":0,"enemies":"Maw","floor":48,"turns":4},{"damage":0,"enemies":"Sphere and 2 Shapes","floor":49,"turns":3},{"damage":0,"enemies":"Donu and Deca","floor":51,"turns":6},{"damage":0,"enemies":"Shield and Spear","floor":55,"turns":3},{"damage":15,"enemies":"The Heart","floor":56,"turns":8}],"seed_played":"-4774030927937587000","potions_obtained":[{"floor":2.0,"key":"BlessingOfTheForge"},{"floor":10.0,"key":"Weak Potion"},{"floor":11.0,"key":"ColorlessPotion"},{"floor":12.0,"key":"FairyPotion"},{"floor":13,"key":"Fruit Juice"},{"floor":14,"key":"Swift Potion"},{"floor":16,"key":"Dota2Spire:Clarity"},{"floor":26,"key":"LiquidBronze"},{"floor":43,"key":"StancePotion"}],"is_trial":false,"path_per_floor":["M","M","M","?","$","R","E","M","T","M","M","?","M","M","R","B",null,"M","M","?","M","?","E","M","R","M","T","R","$","M","M","M","R","B",null,"M","M","M","?","M","R","E","M","T","M","R","E","M","M","R","B",null,"R","$","E","B",null],"character_chosen":"WATCHER","items_purchased":["Fasting2","OrangePellets","CutThroughFate","Melange","Evaluate","FearNoEvil","Toy Ornithopter","Oddly Smooth Stone","Gremlin Horn","Centennial Puzzle","Pen Nib","SpeedPotion"],"campfire_rested":3,"item_purchase_floors":[0,0,0,0,0,0,0,5,29,29,54,54],"current_hp_per_floor":[40,38,36,36,36,36,28,27,27,18,18,18,27,25,25,30,77,67,67,67,59,59,50,47,47,39,39,39,39,39,39,39,39,29,77,77,77,77,77,77,77,75,64,64,64,77,77,77,77,77,77,77,77,77,77,72],"gold":69,"neow_bonus":"","is_daily":false,"chose_seed":false,"campfire_upgraded":5,"win_rate":0.0,"timestamp":1611909303,"path_taken":["M","M","?","?","$","R","E","M","T","M","M","?","M","M","R","BOSS","M","M","?","?","?","E","M","R","M","T","R","?","M","M","M","R","BOSS","M","M","M","?","M","R","E","M","T","M","R","E","M","M","R","BOSS","R","$","E","BOSS"],"items_purchased_type":["Card","Relic","Card","Relic","Card","Card","Relic","Relic","Relic","Relic","Relic","Potion"],"build_version":"2020-12-22","purchased_purges":4,"victory":true,"max_hp_per_floor":[72,72,72,72,72,72,72,72,72,72,72,72,77,77,77,77,77,77,77,77,77,77,77,77,77,77,77,77,77,77,77,77,77,77,77,77,77,77,77,77,77,77,77,77,77,77,77,77,77,77,77,77,77,77,77,77],"card_choices":[{"not_picked":["EmptyFist","ThirdEye"],"picked":"Nirvana","floor":1.0},{"not_picked":["Vengeance","SashWhip"],"picked":"FlyingSleeves","floor":2.0},{"not_picked":["CutThroughFate","Meditate"],"picked":"FlurryOfBlows","floor":3.0},{"not_picked":["Weave","Fasting2"],"picked":"Omniscience","floor":7.0},{"not_picked":["EmptyFist","PathToVictory"],"picked":"InnerPeace","floor":8.0},{"not_picked":["EmptyBody","ThirdEye"],"picked":"SandsOfTime","floor":10.0},{"not_picked":["Sanctity","ClearTheMind","Weave"],"picked":"SKIP","floor":11.0},{"not_picked":["CutThroughFate","FollowUp"],"picked":"BowlingBash","floor":13},{"not_picked":["FollowUp","BowlingBash"],"picked":"JustLucky","floor":14},{"not_picked":["DevaForm","ConjureBlade"],"picked":"LessonLearned","floor":16},{"not_picked":["SignatureMove","InnerPeace","Swivel"],"picked":"SKIP","floor":18},{"not_picked":["FollowUp","Evaluate+1"],"picked":"Consecrate","floor":19},{"not_picked":["Halt","DeceiveReality"],"picked":"Evaluate","floor":21},{"not_picked":["EmptyFist","SashWhip"],"picked":"WaveOfTheHand","floor":23},{"not_picked":["PathToVictory","CutThroughFate"],"picked":"Tantrum","floor":24},{"not_picked":["Vengeance","Adaptation"],"picked":"Evaluate+1","floor":26},{"not_picked":["FollowUp","EmptyBody","JustLucky"],"picked":"SKIP","floor":30},{"not_picked":["Collect","ConjureBlade"],"picked":"Protect","floor":31},{"not_picked":["Consecrate","EmptyBody+1"],"picked":"SashWhip+1","floor":32},{"not_picked":["LessonLearned","Judgement"],"picked":"Vault","floor":34},{"not_picked":["Evaluate","Halt+1"],"picked":"Crescendo+1","floor":36},{"not_picked":["Nirvana","EmptyBody"],"picked":"ThirdEye+1","floor":37},{"not_picked":["FlyingSleeves","Consecrate+1"],"picked":"Wallop+1","floor":38},{"not_picked":["ReachHeaven","Evaluate"],"picked":"EmptyMind+1","floor":40},{"not_picked":["Conclude+1","Sanctity"],"picked":"CrushJoints+1","floor":42},{"not_picked":["Nirvana","BowlingBash+1"],"picked":"Protect","floor":43},{"not_picked":["EmptyMind+1","Evaluate"],"picked":"ClearTheMind+1","floor":45},{"not_picked":["BattleHymn+1","Conclude+1","Worship"],"picked":"SKIP","floor":47},{"not_picked":["ClearTheMind","BowlingBash","Consecrate"],"picked":"SKIP","floor":48},{"not_picked":["SashWhip","Consecrate"],"picked":"Protect+1","floor":49},{"not_picked":["PathToVictory+1","Adaptation","ClearTheMind"],"picked":"SKIP","floor":55}],"player_experience":113660,"relics_obtained":[{"floor":7.0,"key":"Whetstone"},{"floor":9.0,"key":"Bottled Flame"},{"floor":13,"key":"wanderingMiniBosses:OtherGremlinHorn"},{"floor":23,"key":"Dota2Spire:Vanguard"},{"floor":27,"key":"Dota2Spire:DrumOfEndurance"},{"floor":42,"key":"hubris:64BitClover"},{"floor":47,"key":"hubris:SlimyHat"},{"floor":55,"key":"Bag of Preparation"}],"event_choices":[{"damage_healed":0.0,"max_hp_gain":0.0,"max_hp_loss":0.0,"gold_gain":175.0,"event_name":"Liars Game","player_choice":"AGREE","floor":4.0,"gold_loss":0.0,"damage_taken":0.0,"cards_obtained":["Doubt"]},{"damage_healed":0.0,"max_hp_gain":0.0,"max_hp_loss":0.0,"gold_gain":0.0,"event_name":"Lab","player_choice":"Got Potions","floor":12.0,"gold_loss":0.0,"damage_taken":0.0},{"cards_removed":["Defend_P"],"damage_healed":0,"gold_gain":0,"player_choice":"Purged","damage_taken":0,"max_hp_gain":0,"max_hp_loss":0,"event_name":"Purifier","floor":20,"gold_loss":0},{"damage_healed":0,"gold_gain":0,"player_choice":"Simplicity","damage_taken":0,"max_hp_gain":0,"max_hp_loss":0,"event_name":"Back to Basics","floor":22,"gold_loss":0,"cards_upgraded":["Strike_P","Strike_P","Defend_P","Defend_P","Defend_P"]},{"damage_healed":0,"gold_gain":0,"player_choice":"Ignored","damage_taken":0,"max_hp_gain":0,"max_hp_loss":0,"event_name":"SecretPortal","floor":39,"gold_loss":0}],"is_beta":false,"boss_relics":[{"not_picked":["SacredBark","hubris:GrandSneckoEye"],"picked":"Dota2Spire:RefresherOrb"},{"not_picked":["Philosopher\u0027s Stone","hubris:HollowSoul"],"picked":"hubris:Backtick"}],"items_purged_floors":[0,0,5,54],"is_endless":false,"potions_floor_spawned":[2,10,11,13,14,16,21,26,30,31,42,43,47,49],"ascension_level":0}}