{"host":"ecaj4hn004xnnrw9","time":1611876174,"event":{"mods":["AchievementEnabler","BaseMod","Better Third Choice","Hermit","Hubris","Infinite Spire","Jorbs\u0027s Wanderer Trilogy","Minty Spire (QoL Compilation)","Quick Restart","Relic Stats","Shop Mod","StSLib","The Construct","The Jungle","The Runesmith"],"gold_per_floor":[114,131,150,150,164,164,189,205,205,205,236,236,236,251,251,299,299],"floor_reached":16,"language":"ENG","playtime":351,"items_purged":[],"score":170,"play_id":"dca6885e-9dd2-4631-8680-743102f074d1","local_time":"20210128232254","is_ascension_mode":true,"campfire_choices":[{"data":"Eruption","floor":6,"key":"SMITH"},{"data":"TalkToTheHand","floor":12,"key":"SMITH"},{"data":"Wallop","floor":15,"key":"SMITH"}],"circlet_count":0,"master_deck":["Strike_P","Strike_P","Strike_P","Defend_P","Defend_P","Defend_P","Defend_P","Eruption+1","Vigilance","FollowUp","CrushJoints","Consecrate","TalkToTheHand+1","ReachHeaven","FlurryOfBlows","Protect+1","LessonLearned","Wallop+1"],"relics":["PureWater","NeowsBlessing","Centennial Puzzle","Mummified Hand","hubris:Icosahedron","Art of War"],"acts_visited":["Exordium"],"potions_floor_usage":[8,16],"damage_taken":[{"damage":0,"enemies":"infinitespire:Voidling","floor":1,"turns":1},{"damage":0,"enemies":"Jaw Worm","floor":2,"turns":1},{"damage":0,"enemies":"Cultist","floor":3,"turns":1},{"damage":1,"enemies":"Blue Slaver","floor":5,"turns":2},{"damage":14,"enemies":"3 Sentries","floor":7,"turns":4},{"damage":0,"enemies":"Looter","floor":8,"turns":1},{"damage":35,"enemies":"Gremlin Nob","floor":11,"turns":3},{"damage":4,"enemies":"2 Fungi Beasts","floor":14,"turns":2},{"damage":8,"enemies":"The Guardian","floor":16,"turns":10}],"seed_played":"-239737554888429698","potions_obtained":[{"floor":2,"key":"ColorlessPotion"},{"floor":3,"key":"Weak Potion"},{"floor":8,"key":"construct:ShiftPotion"},{"floor":11,"key":"Weak Potion"},{"floor":16,"key":"SneckoOil"}],"is_trial":false,"path_per_floor":["M","M","M","?","M","R","E","M","T","?","E","R","?","M","R","B"],"character_chosen":"WATCHER","items_purchased":[],"campfire_rested":0,"item_purchase_floors":[],"current_hp_per_floor":[72,72,72,72,71,71,57,57,57,57,22,22,15,11,11,3,3],"gold":299,"neow_bonus":"THREE_ENEMY_KILL","is_daily":false,"chose_seed":false,"campfire_upgraded":3,"win_rate":0.0,"timestamp":1611876174,"path_taken":["M","?","M","?","?","R","E","M","T","?","E","R","?","M","R","BOSS"],"items_purchased_type":[],"build_version":"2020-12-22","purchased_purges":0,"victory":false,"max_hp_per_floor":[72,72,72,72,72,72,72,72,72,72,72,72,72,72,72,72,72],"relic_stats":{"Centennial Puzzle":[9],"counters":[9,25],"Mummified Hand":[0],"Art of War":[1],"obtain_stats":[{"Centennial Puzzle":7,"hubris:Icosahedron":10,"NeowsBlessing":0,"Mummified Hand":9,"Art of War":11,"PureWater":0},{"Centennial Puzzle":5,"hubris:Icosahedron":6,"NeowsBlessing":0,"Mummified Hand":6,"Art of War":7,"PureWater":0},{"Centennial Puzzle":9,"hubris:Icosahedron":10,"NeowsBlessing":0,"Mummified Hand":10,"Art of War":13,"PureWater":0}]},"card_choices":[{"not_picked":["Crescendo","Halt"],"picked":"FollowUp","floor":1},{"not_picked":["EmptyBody","Collect"],"picked":"CrushJoints","floor":2},{"not_picked":["Devotion","EmptyFist"],"picked":"Consecrate","floor":3},{"not_picked":["PathToVictory","ClearTheMind"],"picked":"ReachHeaven","floor":5},{"not_picked":["WreathOfFlame","SashWhip"],"picked":"FlurryOfBlows","floor":7},{"not_picked":["Nirvana","EmptyBody"],"picked":"Protect","floor":8},{"not_picked":["EmptyMind","PathToVictory"],"picked":"LessonLearned","floor":11},{"not_picked":["Prostrate","Consecrate"],"picked":"Wallop","floor":14}],"player_experience":421836,"relics_obtained":[{"floor":7,"key":"Centennial Puzzle"},{"floor":9,"key":"Mummified Hand"},{"floor":11,"key":"Art of War"}],"event_choices":[{"damage_healed":0,"gold_gain":0,"player_choice":"1 cards matched","damage_taken":0,"max_hp_gain":0,"max_hp_loss":0,"event_name":"Match and Keep!","floor":4,"gold_loss":0,"cards_obtained":["TalkToTheHand"]},{"cards_removed":["Strike_P"],"damage_healed":0,"gold_gain":0,"player_choice":"Card Removal","damage_taken":7,"max_hp_gain":0,"max_hp_loss":0,"event_name":"Golden Wing","floor":13,"gold_loss":0}],"is_beta":false,"boss_relics":[],"items_purged_floors":[],"is_endless":false,"potions_floor_spawned":[2,3,8,11,16],"killed_by":"The Guardian","ascension_level":1}}