{"host":"osfffw6eu3utmcte","time":1611927398,"event":{"mods":["AchievementEnabler","BaseMod","Hermit","Minty Spire (QoL Compilation)","StSLib"],"gold_per_floor":[118,118,132,157,157,193,193,237,237,312,312,345,360,375,375,504,504,517,533,553,652,567,567,580,601,628,681,709,752,367,292,292,292,292],"floor_reached":33,"language":"ENG","playtime":9482,"items_purged":["hermit:Strike_Hermit"],"score":375,"play_id":"a401b4d7-ac16-42e5-a927-6ea5a3eb7529","local_time":"20210129143638","is_ascension_mode":true,"campfire_choices":[{"floor":7.0,"key":"REST"},{"floor":11.0,"key":"REST"},{"data":"hermit:Determination","floor":15.0,"key":"SMITH"},{"floor":23.0,"key":"REST"},{"floor":32,"key":"REST"}],"circlet_count":0,"master_deck":["hermit:Strike_Hermit","hermit:Strike_Hermit","hermit:Defend_Hermit+1","hermit:Defend_Hermit","hermit:Defend_Hermit","hermit:Defend_Hermit","hermit:Snapshot","hermit:Covet","hermit:NoHoldsBarred","Injury","hermit:CursedWeapon","hermit:Glare","Regret","hermit:Coalescence","hermit:Roulette","hermit:Determination+1","hermit:Manifest","hermit:HighNoon","hermit:Virtue+1","hermit:FlashPowder","hermit:Quickdraw+1","hermit:ShadowCloak","hermit:BodyArmor","hermit:Manifest+1","hermit:Enervate+1","hermit:HoleUp"],"relics":["hermit:Momento","FossilizedHelix","Golden Idol","Potion Belt","Matryoshka","Oddly Smooth Stone","Strawberry","Bag of Marbles","Omamori","Black Star","Anchor","Molten Egg 2","Bronze Scales","CeramicFish","Mercury Hourglass","Du-Vu Doll","PreservedInsect","Sling","War Paint"],"acts_visited":["Exordium","TheCity"],"potions_floor_usage":[27,27,29,33],"damage_taken":[{"damage":0.0,"enemies":"Jaw Worm","floor":1.0,"turns":3.0},{"damage":0.0,"enemies":"Small Slimes","floor":3.0,"turns":3.0},{"damage":1.0,"enemies":"2 Louse","floor":4.0,"turns":2.0},{"damage":30.0,"enemies":"Gremlin Nob","floor":6.0,"turns":4.0},{"damage":33.0,"enemies":"Lagavulin","floor":8.0,"turns":9.0},{"damage":2.0,"enemies":"3 Sentries","floor":12.0,"turns":5.0},{"damage":0.0,"enemies":"Large Slime","floor":13.0,"turns":3.0},{"damage":0.0,"enemies":"Looter","floor":14.0,"turns":2.0},{"damage":12.0,"enemies":"Hexaghost","floor":16.0,"turns":13.0},{"damage":31.0,"enemies":"3 Byrds","floor":18.0,"turns":7.0},{"damage":16.0,"enemies":"Shell Parasite","floor":19.0,"turns":6.0},{"damage":27.0,"enemies":"Centurion and Healer","floor":20.0,"turns":6.0},{"damage":7.0,"enemies":"Snake Plant","floor":24.0,"turns":4.0},{"damage":1,"enemies":"Snecko","floor":25,"turns":6},{"damage":8,"enemies":"Book of Stabbing","floor":27,"turns":6},{"damage":3,"enemies":"Shelled Parasite and Fungi","floor":28,"turns":3},{"damage":2,"enemies":"Slavers","floor":29,"turns":4},{"damage":41,"enemies":"Automaton","floor":33,"turns":6}],"seed_played":"-8969433129306452473","potions_obtained":[{"floor":4.0,"key":"Dexterity Potion"},{"floor":6.0,"key":"Explosive Potion"},{"floor":8.0,"key":"Weak Potion"},{"floor":13.0,"key":"SkillPotion"},{"floor":14.0,"key":"GamblersBrew"},{"floor":16.0,"key":"CultistPotion"},{"floor":24.0,"key":"hermit:BlackBile"},{"floor":25,"key":"EssenceOfSteel"},{"floor":28,"key":"SkillPotion"},{"floor":29,"key":"Regen Potion"}],"is_trial":false,"path_per_floor":["M","?","M","M","?","E","R","E","T","?","R","E","M","M","R","B",null,"M","M","M","?","?","R","M","M","T","E","M","E","$","?","R","B"],"character_chosen":"HERMIT","items_purchased":["Sling","War Paint"],"campfire_rested":4,"item_purchase_floors":[30,30],"current_hp_per_floor":[68,68,68,67,67,37,57,24,31,20,42,40,40,40,40,28,75,44,28,1,1,1,23,16,15,15,7,4,2,2,2,24,0,0],"gold":292,"neow_bonus":"ONE_RARE_RELIC","is_daily":false,"chose_seed":false,"campfire_upgraded":1,"win_rate":0.0,"timestamp":1611927398,"path_taken":["M","?","M","M","?","E","R","E","T","?","R","E","M","M","R","BOSS","M","M","M","?","?","R","M","M","T","E","M","E","$","?","R","BOSS"],"items_purchased_type":["Relic","Relic"],"build_version":"2020-12-22","purchased_purges":1,"victory":false,"max_hp_per_floor":[68,68,68,68,68,68,68,68,75,75,75,75,75,75,75,75,75,75,75,75,75,75,75,75,75,75,75,75,75,75,75,75,75,75],"card_choices":[{"not_picked":["hermit:LowProfile","hermit:EyeOfTheStorm"],"picked":"hermit:NoHoldsBarred","floor":1.0},{"not_picked":["hermit:HoleUp","hermit:CalledShot"],"picked":"hermit:CursedWeapon","floor":3.0},{"not_picked":["hermit:Desperado","hermit:Dissolve"],"picked":"hermit:Glare","floor":4.0},{"not_picked":["hermit:ItchyTrigger","hermit:TrackingShot","hermit:HighCaliber"],"picked":"SKIP","floor":6.0},{"not_picked":["hermit:ItchyTrigger","hermit:RoundhouseKick"],"picked":"hermit:Coalescence","floor":8.0},{"not_picked":["hermit:DeadMansHand","hermit:Feint"],"picked":"hermit:Roulette","floor":12.0},{"not_picked":["hermit:BodyArmor","hermit:Vantage"],"picked":"hermit:Determination","floor":13.0},{"not_picked":["hermit:BodyArmor","hermit:CalledShot"],"picked":"hermit:Manifest","floor":14.0},{"not_picked":["hermit:FinalCanter","hermit:Dissolve"],"picked":"hermit:HighNoon","floor":16.0},{"not_picked":["hermit:ItchyTrigger+1","hermit:BodyArmor"],"picked":"hermit:Virtue","floor":18.0},{"not_picked":["hermit:Combo","hermit:HighCaliber+1"],"picked":"hermit:FlashPowder","floor":19.0},{"not_picked":["hermit:CalledShot+1","hermit:Deadeye"],"picked":"hermit:Quickdraw+1","floor":20.0},{"not_picked":["hermit:Desperado","hermit:Coalescence"],"picked":"hermit:ShadowCloak","floor":24.0},{"not_picked":["hermit:Headshot","hermit:LowProfile"],"picked":"hermit:BodyArmor","floor":25},{"not_picked":["hermit:Horror","hermit:FatalDesire"],"picked":"hermit:Manifest+1","floor":27},{"not_picked":["hermit:Glare","hermit:Headshot+1"],"picked":"hermit:Enervate+1","floor":28},{"not_picked":["hermit:PistolWhip+1","hermit:Combo+1"],"picked":"hermit:HoleUp","floor":29}],"player_experience":588948,"relics_obtained":[{"floor":6.0,"key":"Matryoshka"},{"floor":8.0,"key":"Oddly Smooth Stone"},{"floor":9.0,"key":"Strawberry"},{"floor":9.0,"key":"Bag of Marbles"},{"floor":12.0,"key":"Omamori"},{"floor":26,"key":"Molten Egg 2"},{"floor":26,"key":"Bronze Scales"},{"floor":27,"key":"CeramicFish"},{"floor":27,"key":"Mercury Hourglass"},{"floor":29,"key":"Du-Vu Doll"},{"floor":29,"key":"PreservedInsect"}],"event_choices":[{"damage_healed":0.0,"max_hp_gain":0.0,"max_hp_loss":0.0,"gold_gain":0.0,"event_name":"Golden Idol","player_choice":"Take Wound","floor":2.0,"gold_loss":0.0,"damage_taken":0.0,"relics_obtained":["Golden Idol"],"cards_obtained":["Injury"]},{"damage_healed":0.0,"max_hp_gain":0.0,"max_hp_loss":0.0,"gold_gain":0.0,"event_name":"Big Fish","player_choice":"Box","floor":5.0,"gold_loss":0.0,"damage_taken":0.0,"relics_obtained":["Potion Belt"],"cards_obtained":["Regret"]},{"damage_healed":0.0,"max_hp_gain":0.0,"max_hp_loss":0.0,"gold_gain":75.0,"event_name":"World of Goop","player_choice":"Gather Gold","floor":10.0,"gold_loss":0.0,"damage_taken":11.0},{"damage_healed":0.0,"max_hp_gain":0.0,"max_hp_loss":0.0,"gold_gain":99.0,"event_name":"Nest","player_choice":"Stole From Cult","floor":21.0,"gold_loss":0.0,"damage_taken":0.0},{"damage_healed":0.0,"max_hp_gain":0.0,"max_hp_loss":0.0,"gold_gain":0.0,"event_name":"Addict","player_choice":"Obtained Relic","floor":22.0,"gold_loss":85.0,"damage_taken":0.0,"relics_obtained":["Anchor"]},{"cards_removed":["hermit:Strike_Hermit"],"damage_healed":0,"gold_gain":0,"player_choice":"Gave Gold","damage_taken":0,"max_hp_gain":0,"max_hp_loss":0,"event_name":"Beggar","floor":31,"gold_loss":75}],"is_beta":false,"boss_relics":[{"not_picked":["Runic Pyramid","Ectoplasm"],"picked":"Black Star"}],"items_purged_floors":[30],"is_endless":false,"potions_floor_spawned":[4,6,8,13,14,16,24,25,28,29],"killed_by":"Automaton","ascension_level":1}}