{"host":"65a95dzim48ko8ke","time":1611883916,"event":{"mods":["Act Like it!","BaseMod","Block Reminder","Colored Powertips","Curses Come First","Gensokyo","MarisaÅiñ∂âJÅ@ñÇóùçπÅj","Minty Spire (QoL Compilation)","Permanent Neow","Quick Restart","Rare Cards Sparkle","Spicy Shops","StSLib","Synergy Search"],"gold_per_floor":[114,114,129,143,156,188,30,46,125,125,142,142,173,392,392,491,491,491,491,491,215,215,215,215,215,215,215,215,215,215,215,215,215,215],"floor_reached":33,"language":"JPN","playtime":3049,"items_purged":[],"score":444,"play_id":"96398418-07ba-4c5a-a6c7-bf597fb085c3","local_time":"20210129103156","is_ascension_mode":true,"campfire_choices":[{"floor":10.0,"key":"REST"},{"data":"PropBag","floor":15.0,"key":"SMITH"},{"floor":25.0,"key":"REST"},{"data":"MillisecondPulsars","floor":28.0,"key":"SMITH"},{"data":"ManaRampage","floor":32,"key":"SMITH"}],"circlet_count":0,"master_deck":["Strike_MRS","Strike_MRS","Strike_MRS","Strike_MRS","Defend_MRS","Defend_MRS","Defend_MRS","Defend_MRS","MasterSpark","UpSweep","GasGiant","PropBag+1","PulseMagic","MaximisePower","DC+1","DarkSpark","AsteroidBelt","FinalSpark","MagicAbsorber","MillisecondPulsars+1","GalacticHalo","MysteriousBeam","Gensokyo:BlemishedSteel","ManaRampage+1","DarkMatter","StarDustReverie","MilkyWay+1","UnstableBomb+1","CasketOfStar","Gensokyo:FourOfAKind","Gensokyo:FourOfAKind","Gensokyo:FourOfAKind","Gensokyo:FourOfAKind","ShootTheMoon"],"relics":["MiniHakkero","Calipers","Gensokyo:MarisaImprobabilityPotion","Art of War","Pantograph","Strawberry","Toy Ornithopter","Ectoplasm","Gensokyo:RedStar","Strange Spoon","Turnip","Ancient Tea Set","Meat on the Bone","Mercury Hourglass"],"acts_visited":["Exordium","Gensokyo:Gensokyo"],"potions_floor_usage":[],"damage_taken":[{"damage":12.0,"enemies":"Gensokyo:Gryphon","floor":1.0,"turns":3.0},{"damage":7.0,"enemies":"Gensokyo:2_Kodama","floor":3.0,"turns":4.0},{"damage":0.0,"enemies":"Gensokyo:Python","floor":4.0,"turns":3.0},{"damage":8.0,"enemies":"Gensokyo:5_Fairies","floor":5.0,"turns":9.0},{"damage":13.0,"enemies":"Gensokyo:Cirno","floor":6.0,"turns":6.0},{"damage":21.0,"enemies":"Gensokyo:2_Rabbits","floor":8.0,"turns":6.0},{"damage":18.0,"enemies":"Gensokyo:Gryphon_and_Rabbit","floor":11.0,"turns":6.0},{"damage":17.0,"enemies":"Gensokyo:Mamizou","floor":13.0,"turns":4.0},{"damage":4.0,"enemies":"Gensokyo:CorruptedTreant","floor":14.0,"turns":5.0},{"damage":20.0,"enemies":"Gensokyo:Reimu","floor":16.0,"turns":9.0},{"damage":10.0,"enemies":"Gensokyo:3_Dogs","floor":18.0,"turns":3.0},{"damage":5.0,"enemies":"Gensokyo:2_Gloops","floor":19.0,"turns":5.0},{"damage":16.0,"enemies":"Gensokyo:Wraith","floor":22.0,"turns":5.0},{"damage":5.0,"enemies":"Gensokyo:Reisen","floor":23.0,"turns":5.0},{"damage":17.0,"enemies":"Gensokyo:Monolith_and_Dog","floor":24.0,"turns":5.0},{"damage":5.0,"enemies":"Gensokyo:Swordslinger","floor":27.0,"turns":2.0},{"damage":25.0,"enemies":"Gensokyo:Tenshi","floor":29.0,"turns":3.0},{"damage":9,"enemies":"Gensokyo:Wraith","floor":31,"turns":3},{"damage":40,"enemies":"Gensokyo:Eternal_Rivals","floor":33,"turns":6}],"seed_played":"2245166402171268110","potions_obtained":[{"floor":1.0,"key":"BlessingOfTheForge"},{"floor":5.0,"key":"ShroomBrew"},{"floor":6.0,"key":"FairyPotion"},{"floor":11.0,"key":"Strength Potion"},{"floor":16.0,"key":"PowerPotion"},{"floor":18.0,"key":"BlessingOfTheForge"},{"floor":22.0,"key":"EntropicBrew"},{"floor":31,"key":"ColorlessPotion"}],"is_trial":false,"path_per_floor":["M","?","M","M","M","E","COS","M","T","R","M","R","E","M","R","B",null,"M","M","?","COS","M","E","M","R","T","M","R","E","?","M","R","B"],"character_chosen":"MARISA","items_purchased":[],"campfire_rested":2,"item_purchase_floors":[],"current_hp_per_floor":[38,38,31,31,35,22,22,1,1,23,5,5,17,13,13,18,66,56,51,51,51,40,40,23,47,47,47,47,32,32,35,35,0,0],"gold":215,"neow_bonus":"ONE_RARE_RELIC","is_daily":false,"chose_seed":false,"campfire_upgraded":3,"win_rate":0.0,"timestamp":1611883916,"path_taken":["M","?","?","M","M","E","COS","M","T","R","M","R","E","M","R","BOSS","M","M","?","COS","M","E","M","R","T","?","R","E","?","M","R","BOSS"],"items_purchased_type":[],"build_version":"2020-12-22","purchased_purges":0,"victory":false,"max_hp_per_floor":[75,75,75,75,75,75,75,75,75,75,75,75,82,82,82,82,82,82,82,82,82,82,82,82,82,82,82,82,82,58,58,58,29,29],"card_choices":[{"not_picked":["BlazeAway","Occultation"],"picked":"MysteriousBeam","floor":1.0},{"not_picked":["NonDirectionalLaser","UnstableBomb"],"picked":"GasGiant","floor":3.0},{"not_picked":["NonDirectionalLaser","OrrerysSun"],"picked":"PropBag","floor":4.0},{"not_picked":["GalacticHalo","SuperPerseids"],"picked":"PulseMagic","floor":5.0},{"not_picked":["Acceleration","GalacticHalo"],"picked":"MaximisePower","floor":6.0},{"not_picked":["MeteoricShower+1","DeepEcoloBomb+1"],"picked":"DC+1","floor":8.0},{"not_picked":["PulseMagic","OpenUniverse","Acceleration"],"picked":"SKIP","floor":8.0},{"not_picked":["SporeBomb","ShootingEcho"],"picked":"DarkSpark","floor":11.0},{"not_picked":["DoubleSpark","Robbery"],"picked":"AsteroidBelt","floor":13.0},{"not_picked":["StarDustReverie","CollectingQuirk"],"picked":"FinalSpark","floor":14.0},{"not_picked":["StarlightTyphoon","PulseMagic"],"picked":"MagicAbsorber","floor":14.0},{"not_picked":["BigCrunch","SuperNova"],"picked":"MillisecondPulsars","floor":16.0},{"not_picked":["DC","WitchLeyline"],"picked":"GalacticHalo","floor":18.0},{"not_picked":["OpenUniverse","SporeBomb"],"picked":"MysteriousBeam","floor":19.0},{"not_picked":["Orbital","PropBag"],"picked":"ManaRampage","floor":22.0},{"not_picked":["DC+1","GalacticHalo"],"picked":"DarkMatter","floor":23.0},{"not_picked":["SatelliteIllusion","EscapeVelocity"],"picked":"StarDustReverie","floor":24.0},{"not_picked":["MagicChant","RefractionSpark"],"picked":"MilkyWay+1","floor":24.0},{"not_picked":["MysteriousBeam+1","SporeBomb+1"],"picked":"UnstableBomb+1","floor":27.0},{"not_picked":["PropBag","DragonMeteor"],"picked":"CasketOfStar","floor":29.0},{"not_picked":["NonDirectionalLaser+1","SprinkleStarSeal"],"picked":"ShootTheMoon","floor":31}],"player_experience":382571,"relics_obtained":[{"floor":6.0,"key":"Art of War"},{"floor":9.0,"key":"Pantograph"},{"floor":13.0,"key":"Toy Ornithopter"},{"floor":23.0,"key":"Turnip"},{"floor":26.0,"key":"Ancient Tea Set"},{"floor":29.0,"key":"Meat on the Bone"}],"event_choices":[],"is_beta":false,"boss_relics":[{"not_picked":["Snecko Eye","Empty Cage"],"picked":"Ectoplasm"}],"items_purged_floors":[],"is_endless":false,"potions_floor_spawned":[1,5,6,11,16,18,22,31],"killed_by":"Gensokyo:Eternal_Rivals","ascension_level":7}}