{"host":"8by3m8mve9y2rhh4","time":1611961659,"event":{"mods":["BaseMod","Minty Spire (QoL Compilation)","Quick Restart"],"gold_per_floor":[119,26,41,6,81,108,108,137,161,161,174,174,191,44,44,148,148,164,15,15,28,46,46,46],"floor_reached":23,"language":"ENG","playtime":708,"items_purged":["Strike_G"],"score":209,"play_id":"fa047656-d36c-42b8-afbb-152e335b24bc","local_time":"20210129230739","is_ascension_mode":true,"campfire_choices":[{"floor":10,"key":"REST"},{"floor":12,"key":"REST"},{"floor":15,"key":"RECALL"}],"circlet_count":0,"master_deck":["Strike_G","Strike_G","Strike_G","Defend_G","Defend_G","Defend_G","Defend_G","Defend_G","Survivor","Neutralize+1","Bane+1","Noxious Fumes","Bane","Poisoned Stab","Noxious Fumes","Footwork","Noxious Fumes","Venomology","Blur","Catalyst+1","Footwork+1"],"relics":["Philosopher\u0027s Stone","Lantern","Smiling Mask","Whetstone","HoveringKite","Oddly Smooth Stone"],"acts_visited":["Exordium","TheCity"],"potions_floor_usage":[6,18,21,21,21,23],"damage_taken":[{"damage":3,"enemies":"Small Slimes","floor":1,"turns":5},{"damage":0,"enemies":"Jaw Worm","floor":3,"turns":3},{"damage":4,"enemies":"Lagavulin","floor":6,"turns":7},{"damage":17,"enemies":"3 Sentries","floor":8,"turns":6},{"damage":5,"enemies":"2 Louse","floor":11,"turns":2},{"damage":11,"enemies":"Lots of Slimes","floor":13,"turns":4},{"damage":10,"enemies":"The Guardian","floor":16,"turns":9},{"damage":7,"enemies":"Shell Parasite","floor":18,"turns":5},{"damage":20,"enemies":"3 Byrds","floor":21,"turns":5},{"damage":39,"enemies":"Cultist and Chosen","floor":22,"turns":7},{"damage":12,"enemies":"Slavers","floor":23,"turns":1}],"seed_played":"-8456784423714267660","potions_obtained":[{"floor":1,"key":"SkillPotion"},{"floor":13,"key":"Energy Potion"},{"floor":18,"key":"Poison Potion"}],"is_trial":false,"path_per_floor":["M","$","M","?","?","E","?","E","T","R","M","R","M","$","R","B",null,"M","$","T","M","M","E"],"character_chosen":"THE_SILENT","items_purchased":["Noxious Fumes","Bane","GhostInAJar","Oddly Smooth Stone"],"campfire_rested":2,"item_purchase_floors":[2,2,14,19],"current_hp_per_floor":[67,67,67,70,59,55,55,38,38,59,54,70,59,59,59,49,70,63,63,63,43,4,0,0],"gold":46,"neow_bonus":"BOSS_RELIC","is_daily":false,"chose_seed":false,"campfire_upgraded":0,"win_rate":0.0,"timestamp":1611961659,"path_taken":["M","$","M","?","?","E","?","E","T","R","M","R","M","$","R","BOSS","M","$","?","M","?","E"],"items_purchased_type":["Card","Card","Potion","Relic"],"build_version":"2020-12-22","purchased_purges":1,"victory":false,"max_hp_per_floor":[70,70,70,70,70,70,70,70,70,70,70,70,70,70,70,70,70,70,70,70,70,70,70,70],"card_choices":[{"not_picked":["Choke","Sucker Punch"],"picked":"Bane","floor":1},{"not_picked":["Slice","Leg Sweep"],"picked":"Poisoned Stab","floor":3},{"not_picked":["Blade Dance","Dagger Throw","Heel Hook"],"picked":"SKIP","floor":6},{"not_picked":["Outmaneuver","Dagger Spray"],"picked":"Footwork","floor":8},{"not_picked":["Dodge and Roll","Terror"],"picked":"Noxious Fumes","floor":11},{"not_picked":["Masterful Stab","Flying Knee","Backstab"],"picked":"SKIP","floor":13},{"not_picked":["A Thousand Cuts","Night Terror"],"picked":"Venomology","floor":16},{"not_picked":["Deflect","Masterful Stab+1"],"picked":"Blur","floor":18},{"not_picked":["Slice","Bane+1"],"picked":"Catalyst+1","floor":21},{"not_picked":["Prepared","Leg Sweep+1"],"picked":"Footwork+1","floor":22}],"player_experience":742534,"relics_obtained":[{"floor":6,"key":"Lantern"},{"floor":8,"key":"Smiling Mask"},{"floor":9,"key":"Whetstone"}],"event_choices":[{"damage_healed":17,"gold_gain":0,"player_choice":"Healed","damage_taken":0,"max_hp_gain":0,"max_hp_loss":0,"event_name":"The Cleric","floor":4,"gold_loss":35},{"damage_healed":0,"gold_gain":75,"player_choice":"Gather Gold","damage_taken":11,"max_hp_gain":0,"max_hp_loss":0,"event_name":"World of Goop","floor":5,"gold_loss":0},{"cards_removed":["Strike_G"],"damage_healed":0,"gold_gain":0,"player_choice":"Took Card","damage_taken":0,"max_hp_gain":0,"max_hp_loss":0,"event_name":"NoteForYourself","floor":7,"gold_loss":0,"cards_obtained":["Noxious Fumes"]}],"is_beta":false,"boss_relics":[{"not_picked":["Runic Dome","Ectoplasm"],"picked":"HoveringKite"}],"items_purged_floors":[14],"is_endless":false,"potions_floor_spawned":[1,13,18],"killed_by":"Slavers","ascension_level":1}}