{"host":"2wp95sdfrgw3k439","time":1611893157,"event":{"mods":["BaseMod","Better Altar","Better Skull","Better Third Choice","Curses Come First","Minty Spire (QoL Compilation)","Permanent Neow","StSLib"],"gold_per_floor":[117,131,149,149,166,193,213,213,213,213,213],"floor_reached":10,"language":"ENG","playtime":592,"items_purged":[],"score":98,"play_id":"617b7944-5c66-4854-97c4-19d8330553bc","local_time":"20210128210557","is_ascension_mode":true,"campfire_choices":[{"floor":8,"key":"REST"}],"circlet_count":0,"master_deck":["Strike_G","Strike_G","Strike_G","Strike_G","Defend_G","Defend_G","Defend_G","Defend_G","Defend_G","Survivor","Neutralize","Bullet Time","Bane","PiercingWail","Infinite Blades","Endless Agony","Dagger Throw","Footwork","Sucker Punch"],"relics":["Ring of the Snake","Akabeko","Ancient Tea Set"],"acts_visited":["Exordium"],"potions_floor_usage":[6,7,10],"damage_taken":[{"damage":0,"enemies":"Jaw Worm","floor":1,"turns":4},{"damage":0,"enemies":"Cultist","floor":2,"turns":4},{"damage":4,"enemies":"Small Slimes","floor":3,"turns":5},{"damage":0,"enemies":"Red Slaver","floor":5,"turns":5},{"damage":29,"enemies":"3 Sentries","floor":6,"turns":11},{"damage":0,"enemies":"2 Fungi Beasts","floor":7,"turns":3},{"damage":57,"enemies":"Lagavulin","floor":10,"turns":9}],"seed_played":"-4947337744476488952","potions_obtained":[{"floor":5,"key":"DuplicationPotion"},{"floor":6,"key":"SneckoOil"},{"floor":7,"key":"SneckoOil"}],"is_trial":false,"path_per_floor":["M","M","M","?","M","E","M","R","T","E"],"character_chosen":"THE_SILENT","items_purchased":[],"campfire_rested":1,"item_purchase_floors":[],"current_hp_per_floor":[63,63,59,59,59,30,30,51,51,0,0],"gold":213,"neow_bonus":"ONE_RANDOM_RARE_CARD","is_daily":false,"chose_seed":false,"campfire_upgraded":0,"win_rate":0.0,"timestamp":1611893157,"path_taken":["M","M","M","?","M","E","M","R","T","E"],"items_purchased_type":[],"build_version":"2020-12-22","purchased_purges":0,"victory":false,"max_hp_per_floor":[70,70,70,70,70,70,70,70,70,70,70],"card_choices":[{"not_picked":["Poisoned Stab","Outmaneuver"],"picked":"Bane","floor":1},{"not_picked":["Slice","Dodge and Roll"],"picked":"PiercingWail","floor":2},{"not_picked":["Dagger Spray","Endless Agony"],"picked":"Infinite Blades","floor":3},{"not_picked":["Deadly Poison","Masterful Stab"],"picked":"Dagger Throw","floor":5},{"not_picked":["Well Laid Plans","Predator"],"picked":"Footwork","floor":6},{"not_picked":["Underhanded Strike","Backflip"],"picked":"Sucker Punch","floor":7}],"player_experience":489617,"relics_obtained":[{"floor":6,"key":"Akabeko"},{"floor":9,"key":"Ancient Tea Set"}],"event_choices":[{"damage_healed":0,"gold_gain":0,"cards_transformed":["Strike_G"],"player_choice":"Transformed","damage_taken":0,"max_hp_gain":0,"max_hp_loss":0,"event_name":"Transmorgrifier","floor":4,"gold_loss":0,"cards_obtained":["Endless Agony"]}],"is_beta":false,"boss_relics":[],"items_purged_floors":[],"is_endless":false,"potions_floor_spawned":[5,6,7],"killed_by":"Lagavulin","ascension_level":8}}