{"host":"08sn1703g14rasc1","time":1611908216,"event":{"mods":["AchievementEnabler","BaseMod","Colored Map","Colored Powertips","Hermit","Minty Spire (QoL Compilation)","StSLib"],"gold_per_floor":[111,111,11,11,11,11,21,21,46,78,78,90,90,108,108,108,108],"floor_reached":16,"language":"ENG","playtime":480,"items_purged":["Defend_P"],"score":137,"play_id":"343812cc-1bb7-455a-a152-be1aa938a561","local_time":"20210129001656","is_ascension_mode":true,"campfire_choices":[{"data":"Eruption","floor":6,"key":"SMITH"},{"floor":13,"key":"REST"},{"floor":15,"key":"REST"}],"circlet_count":0,"master_deck":["Strike_P","Strike_P","Strike_P","Defend_P","Defend_P","Defend_P+1","Eruption+1","Vigilance+1","ThirdEye","FlyingSleeves","CarveReality","Swivel","EmptyFist","LikeWater","DeceiveReality"],"relics":["PureWater","WingedGreaves","Darkstone Periapt","Smiling Mask","Bag of Preparation"],"acts_visited":["Exordium"],"potions_floor_usage":[],"damage_taken":[{"damage":0,"enemies":"Cultist","floor":1,"turns":2},{"damage":0,"enemies":"2 Louse","floor":7,"turns":1},{"damage":28,"enemies":"Gremlin Nob","floor":10,"turns":4},{"damage":0,"enemies":"Jaw Worm","floor":12,"turns":1},{"damage":0,"enemies":"Looter","floor":14,"turns":3},{"damage":62,"enemies":"Hexaghost","floor":16,"turns":12}],"seed_played":"7916951642617197280","potions_obtained":[{"floor":1,"key":"BlessingOfTheForge"}],"is_trial":false,"path_per_floor":["M","?","$","?","?","R","M","T","T","E","?","M","R","M","R","B"],"character_chosen":"WATCHER","items_purchased":["FlyingSleeves"],"campfire_rested":2,"item_purchase_floors":[3],"current_hp_per_floor":[65,52,52,52,52,52,52,52,52,24,24,24,43,43,62,0,0],"gold":108,"neow_bonus":"ONE_RARE_RELIC","is_daily":false,"chose_seed":false,"campfire_upgraded":1,"win_rate":0.0,"timestamp":1611908216,"path_taken":["M","?","$","?","?","R","M","?","T","E","?","?","R","M","R","BOSS"],"items_purchased_type":["Card"],"build_version":"2020-12-22","purchased_purges":1,"victory":false,"max_hp_per_floor":[65,65,65,65,65,65,65,65,65,65,65,65,65,65,65,65,65],"card_choices":[{"not_picked":["InnerPeace","Adaptation"],"picked":"ThirdEye","floor":1},{"not_picked":["CrushJoints","PathToVictory"],"picked":"Swivel","floor":7},{"not_picked":["Prostrate","Evaluate"],"picked":"EmptyFist","floor":10},{"not_picked":["Worship","EmptyFist"],"picked":"LikeWater","floor":12},{"not_picked":["FlyingSleeves","EmptyMind"],"picked":"DeceiveReality","floor":14}],"player_experience":489157,"relics_obtained":[{"floor":8,"key":"Darkstone Periapt"},{"floor":9,"key":"Smiling Mask"},{"floor":10,"key":"Bag of Preparation"}],"event_choices":[{"damage_healed":0,"gold_gain":0,"player_choice":"Entered Light","damage_taken":13,"max_hp_gain":0,"max_hp_loss":0,"event_name":"Shining Light","floor":2,"gold_loss":0,"cards_upgraded":["Vigilance","Defend_P"]},{"damage_healed":0,"gold_gain":0,"cards_transformed":["Strike_P"],"player_choice":"Change","damage_taken":0,"max_hp_gain":0,"max_hp_loss":0,"event_name":"Living Wall","floor":4,"gold_loss":0,"cards_obtained":["CarveReality"]},{"damage_healed":0,"gold_gain":0,"player_choice":"Ignored","damage_taken":0,"max_hp_gain":0,"max_hp_loss":0,"event_name":"Liars Game","floor":5,"gold_loss":0},{"damage_healed":0,"gold_gain":0,"player_choice":"Fled","damage_taken":0,"max_hp_gain":0,"max_hp_loss":0,"event_name":"Scrap Ooze","floor":11,"gold_loss":0}],"is_beta":false,"boss_relics":[],"items_purged_floors":[3],"is_endless":false,"potions_floor_spawned":[1],"killed_by":"Hexaghost","ascension_level":8}}