{"host":"qfskrnw3pl1q86j0","time":1611960241,"event":{"mods":["BaseMod","Block Reminder","Hermit","Marisa????????","Minty Spire (QoL Compilation)","Quick Restart","Random Character Button","Relic Stats","StSLib","The Poker Player","slay the spire mod where everything is the same but ironclad has a cowboy hat"],"gold_per_floor":[112,132,132,132,151,169,169,195,219,219,97,108,8,41,41,139,139,139,94,94,94,94,94,94,94,94,94,94,94,94,94,94,94,94,94,94,94,94,94,94,94,94,94,94,94,94,94,94,94,94],"floor_reached":51,"language":"ENG","playtime":1828,"items_purged":["StarlightTyphoon","Strike_MRS"],"score":859,"play_id":"6b18151b-7ec5-49ca-ad49-2fc80a385342","local_time":"20210129234401","is_ascension_mode":false,"campfire_choices":[{"data":"MagicChant","floor":7.0,"key":"SMITH"},{"data":"EnergyFlow","floor":10.0,"key":"SMITH"},{"data":"MilkyWay","floor":15.0,"key":"SMITH"},{"data":"UpSweep","floor":23.0,"key":"SMITH"},{"data":"GrandCross","floor":25.0,"key":"SMITH"},{"data":"DeepEcoloBomb","floor":28.0,"key":"SMITH"},{"data":"OortCloud","floor":32.0,"key":"SMITH"},{"data":"CollectingQuirk","floor":40,"key":"SMITH"},{"data":"StarBarrage","floor":44,"key":"SMITH"},{"data":"PulseMagic","floor":47,"key":"SMITH"},{"data":"Strike_MRS","floor":49,"key":"SMITH"}],"circlet_count":0,"master_deck":["Strike_MRS+1","Defend_MRS","Defend_MRS","Defend_MRS","MasterSpark+1","UpSweep+1","EnergyFlow+1","GrandCross+1","MagicChant+1","DeepEcoloBomb+1","MilkyWay+1","StarBarrage+1","AlicesGift+1","OortCloud+1","CollectingQuirk+1","PulseMagic+1"],"relics":["MiniHakkero","Tiny Chest","Blood Vial","Dream Catcher","Ectoplasm","MutagenicStrength","Lantern","SproutingBranch","Busted Crown","Kunai","Bronze Scales","Oddly Smooth Stone"],"acts_visited":["Exordium","TheCity","TheBeyond"],"potions_floor_usage":[41,41,41,42],"damage_taken":[{"damage":0.0,"enemies":"Cultist","floor":1.0,"turns":2.0},{"damage":6.0,"enemies":"2 Louse","floor":2.0,"turns":2.0},{"damage":1.0,"enemies":"Jaw Worm","floor":5.0,"turns":2.0},{"damage":9.0,"enemies":"3 Louse","floor":6.0,"turns":3.0},{"damage":18.0,"enemies":"3 Sentries","floor":8.0,"turns":6.0},{"damage":4.0,"enemies":"Lots of Slimes","floor":12.0,"turns":3.0},{"damage":0.0,"enemies":"Gremlin Nob","floor":14.0,"turns":2.0},{"damage":34.0,"enemies":"Slime Boss","floor":16.0,"turns":7.0},{"damage":5.0,"enemies":"Shell Parasite","floor":18.0,"turns":5.0},{"damage":21.0,"enemies":"2 Thieves","floor":19.0,"turns":3.0},{"damage":13.0,"enemies":"Snake Plant","floor":21.0,"turns":3.0},{"damage":0.0,"enemies":"Snecko","floor":22.0,"turns":3.0},{"damage":5.0,"enemies":"Chosen and Byrds","floor":27.0,"turns":3.0},{"damage":9.0,"enemies":"Gremlin Leader","floor":30.0,"turns":5.0},{"damage":6.0,"enemies":"Snake Plant","floor":31.0,"turns":4.0},{"damage":16.0,"enemies":"Champ","floor":33.0,"turns":8.0},{"damage":4.0,"enemies":"3 Darklings","floor":35.0,"turns":4.0},{"damage":6,"enemies":"3 Shapes","floor":38,"turns":3},{"damage":51,"enemies":"Nemesis","floor":41,"turns":5},{"damage":0,"enemies":"Spire Growth","floor":42,"turns":4},{"damage":7,"enemies":"Maw","floor":45,"turns":6},{"damage":0,"enemies":"Transient","floor":46,"turns":5},{"damage":10,"enemies":"Spire Growth","floor":48,"turns":3},{"damage":52,"enemies":"Time Eater","floor":50,"turns":8}],"seed_played":"-3951757454968501592","potions_obtained":[{"floor":1.0,"key":"Fruit Juice"},{"floor":6.0,"key":"BottledSpark"},{"floor":8.0,"key":"ShroomBrew"},{"floor":14.0,"key":"SpeedPotion"},{"floor":16.0,"key":"ShroomBrew"},{"floor":21.0,"key":"LiquidBronze"},{"floor":33.0,"key":"Swift Potion"},{"floor":41,"key":"SkillPotion"},{"floor":45,"key":"FairyPotion"}],"is_trial":false,"path_per_floor":["M","M","?","?","M","M","R","E","T","R","$","M","$","E","R","B",null,"M","M","?","M","M","R","?","R","T","M","R","$","E","M","R","B",null,"M","$","T","M","$","R","E","M","T","R","M","M","R","M","R","B",null],"character_chosen":"MARISA","items_purchased":["MilkyWay"],"campfire_rested":0,"item_purchase_floors":[11],"current_hp_per_floor":[68,62,62,62,61,52,52,34,34,34,34,32,32,34,34,7,73,68,49,49,38,40,40,40,40,40,37,37,37,30,38,38,39,73,73,73,73,73,73,73,27,41,41,41,51,68,68,67,67,28],"gold":94,"neow_bonus":"TRANSFORM_TWO_CARDS","is_daily":false,"chose_seed":false,"campfire_upgraded":11,"win_rate":0.0,"timestamp":1611960241,"path_taken":["M","M","?","?","M","?","R","E","T","R","?","M","$","E","R","BOSS","M","M","?","M","M","R","?","R","T","M","R","$","E","M","R","BOSS","M","$","?","M","?","R","E","M","T","R","M","M","R","M","R","BOSS"],"items_purchased_type":["Card"],"build_version":"2020-12-22","purchased_purges":2,"victory":true,"max_hp_per_floor":[68,68,68,68,68,68,68,68,68,68,68,68,68,68,68,73,73,73,73,73,73,73,73,73,73,73,73,73,73,73,73,73,73,73,73,73,73,73,73,73,73,73,73,73,73,73,73,73,73,73],"relic_stats":{"Blood Vial":30,"Dream Catcher":0,"Busted Crown":14,"counters":[24,99],"Bronze Scales":[66],"Tiny Chest":1,"Ectoplasm":408,"Kunai":[12],"obtain_stats":[{"Blood Vial":9,"Dream Catcher":14,"Lantern":26,"Busted Crown":34,"MutagenicStrength":20,"Bronze Scales":41,"Oddly Smooth Stone":43,"Tiny Chest":8,"Ectoplasm":17,"MiniHakkero":0,"SproutingBranch":30,"Kunai":37},{"Blood Vial":5,"Dream Catcher":7,"Lantern":12,"Busted Crown":16,"MutagenicStrength":10,"Bronze Scales":19,"Oddly Smooth Stone":20,"Tiny Chest":5,"Ectoplasm":8,"MiniHakkero":0,"SproutingBranch":14,"Kunai":17},{"Blood Vial":15,"Dream Catcher":20,"Lantern":41,"Busted Crown":61,"MutagenicStrength":35,"Bronze Scales":73,"Oddly Smooth Stone":77,"Tiny Chest":15,"Ectoplasm":27,"MiniHakkero":0,"SproutingBranch":49,"Kunai":65}]},"card_choices":[{"not_picked":["DarkSpark","MysteriousBeam","Acceleration"],"picked":"SKIP","floor":1.0},{"not_picked":["PowerUp","LuminesStrike"],"picked":"GrandCross","floor":2.0},{"not_picked":["WitchOfGreed","ShootingEcho"],"picked":"MagicChant","floor":5.0},{"not_picked":["EventHorizon","FinalSpark"],"picked":"DeepEcoloBomb","floor":6.0},{"not_picked":["DoubleSpark","IllusionStar","OneTimeOff"],"picked":"SKIP","floor":8.0},{"not_picked":["DoubleSpark","IllusionStar","OneTimeOff"],"picked":"SKIP","floor":8.0},{"not_picked":["EarthLightRay","ChargingUp"],"picked":"StarBarrage","floor":12.0},{"not_picked":["DC","LuminesStrike","ShootingEcho"],"picked":"SKIP","floor":14.0},{"not_picked":["GalacticHalo","DC"],"picked":"AlicesGift+1","floor":18.0},{"not_picked":["GravityBeat","ShootingEcho+1","DC"],"picked":"SKIP","floor":19.0},{"not_picked":["DoubleSpark+1","UnstableBomb","MysteriousBeam"],"picked":"SKIP","floor":21.0},{"not_picked":["StarlightTyphoon","Orbital","EscapeVelocity"],"picked":"SKIP","floor":22.0},{"not_picked":["Occultation","MysteriousBeam"],"picked":"OortCloud","floor":27.0},{"not_picked":["DC","NonDirectionalLaser","SuperPerseids+1"],"picked":"SKIP","floor":30.0},{"not_picked":["MysteriousBeam+1","SatelliteIllusion","OpenUniverse"],"picked":"SKIP","floor":31.0},{"not_picked":["UltimateShortwave","EscapeVelocity"],"picked":"CollectingQuirk","floor":33.0},{"not_picked":["IllusionStar"],"picked":"SKIP","floor":35.0},{"not_picked":[],"picked":"PulseMagic","floor":38},{"not_picked":["Acceleration"],"picked":"SKIP","floor":41},{"not_picked":["SuperPerseids+1"],"picked":"SKIP","floor":42},{"not_picked":["Acceleration"],"picked":"SKIP","floor":45},{"not_picked":["NonDirectionalLaser+1"],"picked":"SKIP","floor":46},{"not_picked":["EarthLightRay+1"],"picked":"SKIP","floor":48}],"player_experience":1019504,"relics_obtained":[{"floor":8.0,"key":"Tiny Chest"},{"floor":9.0,"key":"Blood Vial"},{"floor":14.0,"key":"Dream Catcher"},{"floor":26.0,"key":"Lantern"},{"floor":30.0,"key":"SproutingBranch"},{"floor":37.0,"key":"Kunai"},{"floor":41,"key":"Bronze Scales"},{"floor":43,"key":"Oddly Smooth Stone"}],"event_choices":[{"damage_healed":0.0,"max_hp_gain":0.0,"max_hp_loss":0.0,"gold_gain":0.0,"event_name":"Living Wall","player_choice":"Grow","floor":3.0,"gold_loss":0.0,"damage_taken":0.0,"cards_upgraded":["MasterSpark"]},{"damage_healed":0.0,"max_hp_gain":0.0,"max_hp_loss":0.0,"gold_gain":0.0,"event_name":"Match and Keep!","player_choice":"0 cards matched","floor":4.0,"gold_loss":0.0,"damage_taken":0.0,"cards_obtained":[]},{"damage_healed":0.0,"max_hp_gain":0.0,"max_hp_loss":0.0,"gold_gain":0.0,"event_name":"Drug Dealer","player_choice":"Inject Mutagens","floor":20.0,"gold_loss":0.0,"damage_taken":0.0,"relics_obtained":["MutagenicStrength"]},{"cards_removed":["Strike_MRS"],"damage_healed":0.0,"max_hp_gain":0.0,"max_hp_loss":0.0,"gold_gain":0.0,"event_name":"Bonfire Elementals","player_choice":"Offered Basic","floor":24.0,"gold_loss":0.0,"damage_taken":0.0}],"is_beta":false,"boss_relics":[{"not_picked":["BewitchedHakkero","Runic Dome"],"picked":"Ectoplasm"},{"not_picked":["SlaversCollar","Fusion Hammer"],"picked":"Busted Crown"}],"items_purged_floors":[11,13],"is_endless":false,"potions_floor_spawned":[1,6,8,14,16,21,22,30,33,41,45],"ascension_level":0}}