{"host":"sian7qp8a9pc9xwd","time":1611914878,"event":{"mods":["BaseMod","Minty Spire (QoL Compilation)","StSLib","SuperFastMode"],"gold_per_floor":[112,112,112,128,148,148,184,184,184,21,21,21,36,60,60,156,156,176,176,101,116,191,234,258,274,274,274,274],"floor_reached":27,"language":"ENG","playtime":968,"items_purged":[],"score":396,"play_id":"bab1b512-2578-41c6-a786-e60552506e70","local_time":"20210129050758","is_ascension_mode":true,"campfire_choices":[{"data":"Dualcast","floor":6.0,"key":"SMITH"},{"data":"Scrape","floor":8.0,"key":"SMITH"},{"data":"Swift Strike","floor":12.0,"key":"SMITH"},{"data":"Beam Cell","floor":15.0,"key":"SMITH"}],"circlet_count":0,"master_deck":["AscendersBane","Strike_B","Strike_B","Defend_B","Defend_B","Defend_B","Defend_B","Zap+1","Dualcast+1","All For One","Scrape+1","All For One","Swift Strike+1","Beam Cell+1","CurseOfTheBell","Steam","Go for the Eyes"],"relics":["Cracked Core","Golden Idol","Ornamental Fan","Frozen Egg 2","Calling Bell","Pen Nib","Cables","TungstenRod","Sundial","Blue Candle","Meat on the Bone"],"acts_visited":["Exordium","TheCity"],"potions_floor_usage":[23,27],"damage_taken":[{"damage":3.0,"enemies":"Jaw Worm","floor":1.0,"turns":4.0},{"damage":3.0,"enemies":"Small Slimes","floor":4.0,"turns":3.0},{"damage":0.0,"enemies":"2 Louse","floor":5.0,"turns":2.0},{"damage":10.0,"enemies":"3 Sentries","floor":7.0,"turns":4.0},{"damage":1.0,"enemies":"Looter","floor":13.0,"turns":2.0},{"damage":0.0,"enemies":"Lots of Slimes","floor":14.0,"turns":2.0},{"damage":17.0,"enemies":"Hexaghost","floor":16.0,"turns":6.0},{"damage":1.0,"enemies":"Spheric Guardian","floor":18.0,"turns":3.0},{"damage":4.0,"enemies":"Shell Parasite","floor":21.0,"turns":2.0},{"damage":29,"enemies":"Gremlin Leader","floor":23,"turns":5},{"damage":0,"enemies":"3 Cultists","floor":24,"turns":3},{"damage":7,"enemies":"Snecko","floor":25,"turns":4},{"damage":6,"enemies":"Book of Stabbing","floor":27,"turns":2}],"seed_played":"-5799320042168506011","potions_obtained":[{"floor":1.0,"key":"SpeedPotion"},{"floor":4.0,"key":"EssenceOfDarkness"},{"floor":18.0,"key":"FearPotion"},{"floor":24,"key":"Weak Potion"},{"floor":25,"key":"Fire Potion"}],"is_trial":false,"path_per_floor":["M","?","?","M","M","R","E","R","T","$","?","R","M","M","R","B",null,"M","?","?","M","?","E","M","M","T","E"],"character_chosen":"DEFECT","items_purchased":["All For One","Swift Strike"],"campfire_rested":0,"item_purchase_floors":[10,10],"current_hp_per_floor":[61,45,45,42,42,42,32,32,32,32,25,25,24,24,24,7,50,49,49,49,45,40,11,11,4,4,0,0],"gold":274,"neow_bonus":"THREE_RARE_CARDS","is_daily":false,"chose_seed":false,"campfire_upgraded":4,"win_rate":0.0,"timestamp":1611914878,"path_taken":["M","?","?","M","M","R","E","R","T","$","?","R","M","M","R","BOSS","M","?","?","M","?","E","?","M","T","E"],"items_purchased_type":["Card","Card"],"build_version":"2020-12-22","purchased_purges":0,"victory":false,"max_hp_per_floor":[64,64,64,64,64,64,64,64,64,64,64,64,64,64,64,64,64,64,64,64,64,64,64,64,64,64,64,64],"card_choices":[{"not_picked":["Creative AI","Hyperbeam"],"picked":"All For One","floor":0.0},{"not_picked":["Fusion","Capacitor","Compile Driver"],"picked":"SKIP","floor":1.0},{"not_picked":["Rebound","Cold Snap"],"picked":"Scrape","floor":4.0},{"not_picked":["Barrage","Self Repair","Ball Lightning"],"picked":"SKIP","floor":5.0},{"not_picked":["Chaos","Cold Snap","Leap"],"picked":"SKIP","floor":7.0},{"not_picked":["Hologram","Fusion","Doom and Gloom"],"picked":"SKIP","floor":13.0},{"not_picked":["Doom and Gloom","Sweeping Beam"],"picked":"Beam Cell","floor":14.0},{"not_picked":["Hologram","Rip and Tear","Rebound"],"picked":"SKIP","floor":18.0},{"not_picked":["Rebound","Steam Power"],"picked":"Steam","floor":21.0},{"not_picked":["BootSequence","Double Energy"],"picked":"Go for the Eyes","floor":23},{"not_picked":["Leap","Hologram","Coolheaded"],"picked":"SKIP","floor":24},{"not_picked":["Reinforced Body","Recycle","Streamline"],"picked":"SKIP","floor":25}],"player_experience":816135,"relics_obtained":[{"floor":7.0,"key":"Ornamental Fan"},{"floor":9.0,"key":"Frozen Egg 2"},{"floor":17.0,"key":"Pen Nib"},{"floor":17.0,"key":"Cables"},{"floor":17.0,"key":"TungstenRod"},{"floor":23,"key":"Blue Candle"},{"floor":26,"key":"Meat on the Bone"}],"event_choices":[{"damage_healed":0.0,"max_hp_gain":0.0,"max_hp_loss":0.0,"gold_gain":0.0,"event_name":"Golden Idol","player_choice":"Take Damage","floor":2.0,"gold_loss":0.0,"damage_taken":16.0,"relics_obtained":["Golden Idol"]},{"damage_healed":0.0,"max_hp_gain":0.0,"max_hp_loss":0.0,"gold_gain":0.0,"event_name":"Living Wall","player_choice":"Grow","floor":3.0,"gold_loss":0.0,"damage_taken":0.0,"cards_upgraded":["Zap"]},{"cards_removed":["Strike_B"],"damage_healed":0.0,"max_hp_gain":0.0,"max_hp_loss":0.0,"gold_gain":0.0,"event_name":"Golden Wing","player_choice":"Card Removal","floor":11.0,"gold_loss":0.0,"damage_taken":7.0},{"damage_healed":0.0,"max_hp_gain":0.0,"max_hp_loss":0.0,"gold_gain":0.0,"event_name":"The Mausoleum","player_choice":"Opened","floor":19.0,"gold_loss":0.0,"damage_taken":0.0,"relics_obtained":["Sundial"]},{"cards_removed":["Strike_B"],"damage_healed":0.0,"max_hp_gain":0.0,"max_hp_loss":0.0,"gold_gain":0.0,"event_name":"Beggar","player_choice":"Gave Gold","floor":20.0,"gold_loss":75.0,"damage_taken":0.0},{"damage_healed":0.0,"max_hp_gain":0.0,"max_hp_loss":0.0,"gold_gain":75.0,"event_name":"FaceTrader","player_choice":"Touch","floor":22.0,"gold_loss":0.0,"damage_taken":6.0}],"is_beta":false,"boss_relics":[{"not_picked":["Ectoplasm","Tiny House"],"picked":"Calling Bell"}],"items_purged_floors":[],"is_endless":false,"potions_floor_spawned":[1,4,18,24,25],"killed_by":"Book of Stabbing","ascension_level":14}}