{"host":"8rqsnaeml9gxb0kp","time":1611896742,"event":{"mods":["AchievementEnabler","BaseMod","Dark Map","Minty Spire (QoL Compilation)","Relic Stats","Replay The Spire","StSLib","slay the spire mod where everything is the same but ironclad has a cowboy hat"],"gold_per_floor":[114,125,14,24,39,39,56,56,56,56,116,116,143,159,159,264,264,278,34,34,49,49,49,64,82,134,149,149,149],"floor_reached":28,"language":"ENG","playtime":3288,"items_purged":["Defend_R","Strike_R"],"score":222,"play_id":"4b220220-c12c-47ad-a570-113947949b36","local_time":"20210128210542","is_ascension_mode":false,"campfire_choices":[{"data":"Bash","floor":6,"key":"SMITH"},{"floor":8,"key":"REST"},{"data":"Pommel Strike","floor":10,"key":"SMITH"},{"floor":12,"key":"REST"},{"floor":15,"key":"REST"},{"data":"Replay:BasicMightCard","floor":23,"key":"SMITH"}],"circlet_count":0,"master_deck":["Strike_R","Strike_R","Strike_R","Strike_R","Defend_R","Defend_R","Defend_R","Bash+1","Pommel Strike+1","Headbutt","Clothesline+1","Inflame","ReplayTheSpireMod:Muscle Training","Twin Strike","Twin Strike","Eclipse","Run Through+1","ReplayTheSpireMod:Stacked","ReplayTheSpireMod:Stacked","Replay:BasicMightCard+1","Disarm","Cleave"],"relics":["SacredBark","Pet Ghost","Strawberry","Ornamental Fan","Ring of Chaos","Ancient Tea Set"],"acts_visited":["Exordium","TheCity"],"potions_floor_usage":[11,13,16],"damage_taken":[{"damage":10,"enemies":"Cultist","floor":1,"turns":4},{"damage":11,"enemies":"Jaw Worm","floor":2,"turns":4},{"damage":1,"enemies":"2 Louse","floor":4,"turns":3},{"damage":5,"enemies":"Red Slaver","floor":5,"turns":3},{"damage":10,"enemies":"2 Fungi Beasts","floor":7,"turns":3},{"damage":32,"enemies":"Lagavulin Event","floor":11,"turns":4},{"damage":28,"enemies":"Lagavulin","floor":13,"turns":5},{"damage":8,"enemies":"Gremlin Gang","floor":14,"turns":5},{"damage":38,"enemies":"The Guardian","floor":16,"turns":9},{"damage":38,"enemies":"2 Thieves","floor":18,"turns":5},{"damage":11,"enemies":"Spheric Guardian","floor":21,"turns":3},{"damage":25,"enemies":"Shelled Parasite and Fungi","floor":24,"turns":5},{"damage":21,"enemies":"Snake Plant","floor":25,"turns":4},{"damage":26,"enemies":"Snecko","floor":27,"turns":6},{"damage":15,"enemies":"Cultist and Chosen","floor":28,"turns":4}],"seed_played":"4521662518146087546","potions_obtained":[{"floor":1,"key":"Adrenaline Potion"},{"floor":4,"key":"Adrenaline Potion"},{"floor":5,"key":"Adrenaline Potion"},{"floor":13,"key":"GamblersBrew"},{"floor":18,"key":"GamblersBrew"}],"is_trial":false,"path_per_floor":["M","M","$","M","M","R","M","R","T","R","?","R","E","M","R","B",null,"M","$","?","M","?","R","M","M","T","M","M"],"character_chosen":"IRONCLAD","items_purchased":["Clothesline+1","ReplayTheSpireMod:Stacked","Replay:BasicMightCard"],"campfire_rested":3,"item_purchase_floors":[3,19,19],"current_hp_per_floor":[70,59,59,58,53,53,43,67,67,67,42,68,40,32,58,20,87,49,49,49,38,87,87,62,41,41,15,0,0],"gold":149,"neow_bonus":"BOSS_RELIC","is_daily":false,"chose_seed":false,"campfire_upgraded":3,"win_rate":0.0,"timestamp":1611896742,"path_taken":["M","M","$","M","M","R","?","R","T","R","?","R","E","M","R","BOSS","M","$","?","M","?","R","M","M","T","M","?"],"items_purchased_type":["Card","Card","Card"],"build_version":"2020-12-22","purchased_purges":2,"victory":false,"max_hp_per_floor":[80,80,80,80,80,80,80,80,80,80,87,87,87,87,87,87,87,87,87,87,87,87,87,87,87,87,87,87,87],"relic_stats":{"counters":[15,67],"Ornamental Fan":[20],"obtain_stats":[{"Ornamental Fan":13,"SacredBark":0,"Strawberry":11,"Ring of Chaos":17,"Ancient Tea Set":26,"Burning Blood":0,"Pet Ghost":9},{"Ornamental Fan":7,"SacredBark":0,"Strawberry":5,"Ring of Chaos":9,"Ancient Tea Set":13,"Burning Blood":0,"Pet Ghost":5},{"Ornamental Fan":26,"SacredBark":0,"Strawberry":17,"Ring of Chaos":40,"Ancient Tea Set":57,"Burning Blood":0,"Pet Ghost":17}]},"card_choices":[{"not_picked":["Anger","Heavy Blade"],"picked":"Pommel Strike","floor":1},{"not_picked":["Body Slam","Defy Death"],"picked":"Headbutt","floor":2},{"not_picked":["Dropkick","ReplayReversal"],"picked":"Inflame","floor":4},{"not_picked":["Clothesline","Dual Wield","Warcry"],"picked":"SKIP","floor":5},{"not_picked":["Heavy Blade","Clothesline","Combust"],"picked":"SKIP","floor":7},{"not_picked":["Rage","Pommel Strike"],"picked":"ReplayTheSpireMod:Muscle Training","floor":11},{"not_picked":["Iron Wave","Infernal Blade"],"picked":"Twin Strike","floor":13},{"not_picked":["Blood for Blood","Sever Soul"],"picked":"Twin Strike","floor":14},{"not_picked":["Barricade","Offering"],"picked":"Eclipse","floor":16},{"not_picked":["Anger","Cleave"],"picked":"Run Through+1","floor":18},{"not_picked":["Clothesline","Headbutt","Warcry"],"picked":"SKIP","floor":21},{"not_picked":["Dropkick","Pommel Strike"],"picked":"Disarm","floor":24},{"not_picked":["Heavy Blade","Clothesline"],"picked":"Cleave","floor":25},{"not_picked":["Clash","Bloodletting","Anger+1"],"picked":"SKIP","floor":27}],"player_experience":160705,"relics_obtained":[{"floor":9,"key":"Pet Ghost"},{"floor":13,"key":"Ornamental Fan"},{"floor":26,"key":"Ancient Tea Set"}],"event_choices":[{"damage_healed":0,"gold_gain":0,"player_choice":"Searched \u00272\u0027 times","damage_taken":0,"relics_obtained":["Strawberry"],"max_hp_gain":0,"max_hp_loss":0,"event_name":"Dead Adventurer","floor":11,"gold_loss":0},{"damage_healed":0,"gold_gain":0,"player_choice":"Ignored","damage_taken":0,"max_hp_gain":0,"max_hp_loss":0,"event_name":"Ghosts","floor":20,"gold_loss":0},{"damage_healed":49,"gold_gain":0,"player_choice":"Full Heal","damage_taken":0,"max_hp_gain":0,"max_hp_loss":0,"event_name":"Wheel of Change","floor":22,"gold_loss":0}],"is_beta":false,"boss_relics":[{"not_picked":["Cursed Key","Empty Cage"],"picked":"Ring of Chaos"}],"items_purged_floors":[3,19],"is_endless":false,"potions_floor_spawned":[1,4,5,13,18],"killed_by":"Cultist and Chosen","ascension_level":0}}