{"host":"6bsan6hkua32tfq7","time":1611898849,"event":{"mods":["BaseMod","Better Third Choice","Colored Map","Highlight Path","Minty Spire (QoL Compilation)","StSLib"],"gold_per_floor":[114,114,130,150,78,78,98,98,98,127,52,82,82,82,82,82,82],"floor_reached":16,"language":"ENG","playtime":299,"items_purged":["Defend_G"],"score":216,"play_id":"632ce150-85eb-4522-8e46-6c1babd449f8","local_time":"20210129064049","is_ascension_mode":true,"campfire_choices":[{"data":"Quick Slash","floor":6,"key":"SMITH"},{"floor":8,"key":"REST"},{"data":"Neutralize","floor":13,"key":"SMITH"},{"data":"Poisoned Stab","floor":15,"key":"SMITH"}],"circlet_count":0,"master_deck":["AscendersBane","Strike_G","Strike_G","Strike_G","Strike_G","Strike_G","Defend_G+1","Defend_G","Defend_G","Survivor","Neutralize+1","Poisoned Stab+1","Flying Knee","Quick Slash+1","Cloak And Dagger","Terror+1"],"relics":["Ring of the Snake","NeowsBlessing","betterThird:SlimedRelic","Pear","Ornamental Fan","War Paint"],"acts_visited":["Exordium"],"potions_floor_usage":[12],"damage_taken":[{"damage":0,"enemies":"Jaw Worm","floor":1,"turns":1},{"damage":0,"enemies":"Small Slimes","floor":3,"turns":1},{"damage":0,"enemies":"Cultist","floor":4,"turns":1},{"damage":15,"enemies":"Exordium Wildlife","floor":7,"turns":5},{"damage":6,"enemies":"Gremlin Nob","floor":10,"turns":4},{"damage":35,"enemies":"Lagavulin","floor":12,"turns":6},{"damage":26,"enemies":"Hexaghost","floor":16,"turns":11}],"seed_played":"4282519130160250901","potions_obtained":[{"floor":3,"key":"LiquidBronze"},{"floor":10,"key":"Ancient Potion"}],"is_trial":false,"path_per_floor":["M","?","M","M","?","R","M","R","T","E","$","E","R","?","R","B"],"character_chosen":"THE_SILENT","items_purchased":[],"campfire_rested":1,"item_purchase_floors":[],"current_hp_per_floor":[59,59,59,59,48,48,33,52,62,56,56,21,21,26,26,0,0],"gold":82,"neow_bonus":"THREE_ENEMY_KILL","is_daily":false,"chose_seed":false,"campfire_upgraded":3,"win_rate":0.0,"timestamp":1611898849,"path_taken":["M","?","M","M","?","R","M","R","T","E","$","E","R","?","R","BOSS"],"items_purchased_type":[],"build_version":"2020-12-22","purchased_purges":1,"victory":false,"max_hp_per_floor":[66,66,66,66,66,66,66,66,76,76,76,76,76,81,81,81,81],"card_choices":[{"not_picked":["Deflect","Underhanded Strike"],"picked":"Poisoned Stab","floor":1},{"not_picked":["PiercingWail","Sucker Punch"],"picked":"Flying Knee","floor":3},{"not_picked":["Deadly Poison","Well Laid Plans"],"picked":"Quick Slash","floor":4},{"not_picked":["Prepared","Storm of Steel"],"picked":"Cloak And Dagger","floor":7},{"not_picked":["Slice","Underhanded Strike"],"picked":"Terror","floor":10},{"not_picked":["Poisoned Stab","Acrobatics","Choke"],"picked":"SKIP","floor":12}],"player_experience":5352966,"relics_obtained":[{"floor":9,"key":"Pear"},{"floor":10,"key":"Ornamental Fan"},{"floor":12,"key":"War Paint"}],"event_choices":[{"cards_removed":["Defend_G"],"damage_healed":0,"gold_gain":0,"player_choice":"Forget","damage_taken":0,"max_hp_gain":0,"max_hp_loss":0,"event_name":"Living Wall","floor":2,"gold_loss":0},{"damage_healed":0,"gold_gain":0,"player_choice":"Slimed","damage_taken":11,"max_hp_gain":0,"max_hp_loss":0,"event_name":"betterThird:BetterGoop","floor":5,"gold_loss":72},{"damage_healed":0,"gold_gain":0,"player_choice":"Donut","damage_taken":0,"max_hp_gain":5,"max_hp_loss":0,"event_name":"Big Fish","floor":14,"gold_loss":0}],"is_beta":false,"boss_relics":[],"items_purged_floors":[11],"is_endless":false,"potions_floor_spawned":[3,10],"killed_by":"Hexaghost","ascension_level":20}}