{"host":"oigynbtg272c19pw","time":1611916459,"event":{"mods":["BaseMod","Colored Map","Minty Spire (QoL Compilation)","Relic Stats","Slay the Relics Exporter","StSLib"],"gold_per_floor":[113,113,132,142,155,155,155,155,182,216,234,266,33,108,108,186,186,206,206,224,239,255,255,280,280,362,380,380,399,413,445,445,517,517,530,530,549,574,589,616,616,646,646,646,646,677,677,693,693,693,693,693,693,88,116,116,116],"floor_reached":56,"playtime":3278,"items_purged":["Strike_G","Bite"],"score":2174,"play_id":"f0b53315-03e8-4c42-a576-2944b8b5c245","local_time":"20210129113419","is_ascension_mode":true,"campfire_choices":[{"data":"Sadistic Nature","floor":6.0,"key":"SMITH"},{"data":"Sucker Punch","floor":8.0,"key":"SMITH"},{"data":"Crippling Poison","floor":15.0,"key":"SMITH"},{"data":"Catalyst","floor":23.0,"key":"SMITH"},{"data":"Malaise","floor":25.0,"key":"SMITH"},{"data":"Wraith Form v2","floor":28.0,"key":"SMITH"},{"data":"Corpse Explosion","floor":32.0,"key":"SMITH"},{"floor":41.0,"key":"RECALL"},{"data":"Adrenaline","floor":44.0,"key":"SMITH"},{"data":"Deadly Poison","floor":47.0,"key":"SMITH"},{"floor":49.0,"key":"REST"},{"floor":53.0,"key":"REST"}],"circlet_count":0,"master_deck":["AscendersBane","Defend_G","Defend_G","Defend_G","Defend_G","Defend_G","Survivor","Neutralize","Sadistic Nature+1","Sucker Punch+1","Sucker Punch+1","Catalyst+1","Crippling Poison+1","Malaise+1","Wraith Form v2+1","Venomology","Bane+1","Bite+1","Bite","Bite","Bite+1","Acrobatics","PiercingWail","Blur+1","Deadly Poison+1","Catalyst+1","Deadly Poison","Corpse Explosion+1","Adrenaline+1","Leg Sweep+1","Prepared","Well Laid Plans+1","Backflip","Backstab","The Bomb"],"relics":["Ring of the Snake","FaceOfCleric","Bag of Marbles","Centennial Puzzle","Meat on the Bone","Bag of Preparation","Runic Dome","Bronze Scales","Frozen Egg 2","Strawberry","Busted Crown","Lizard Tail","The Specimen","Whetstone","Thread and Needle","Orrery","Pantograph"],"acts_visited":["TheCity","TheBeyond","TheEnding"],"potions_floor_usage":[56,56,56],"damage_taken":[{"damage":1.0,"enemies":"2 Louse","floor":1.0,"turns":4.0},{"damage":0.0,"enemies":"Cultist","floor":3.0,"turns":3.0},{"damage":0.0,"enemies":"Jaw Worm","floor":4.0,"turns":4.0},{"damage":0.0,"enemies":"Red Slaver","floor":5.0,"turns":2.0},{"damage":0.0,"enemies":"Gremlin Nob","floor":10.0,"turns":3.0},{"damage":0.0,"enemies":"2 Fungi Beasts","floor":11.0,"turns":2.0},{"damage":3.0,"enemies":"3 Sentries","floor":12.0,"turns":3.0},{"damage":21.0,"enemies":"Hexaghost","floor":16.0,"turns":12.0},{"damage":4.0,"enemies":"Chosen","floor":18.0,"turns":7.0},{"damage":0.0,"enemies":"3 Byrds","floor":20.0,"turns":2.0},{"damage":2.0,"enemies":"Sentry and Sphere","floor":21.0,"turns":5.0},{"damage":16.0,"enemies":"Centurion and Healer","floor":22.0,"turns":8.0},{"damage":5.0,"enemies":"Book of Stabbing","floor":24.0,"turns":5.0},{"damage":0.0,"enemies":"Chosen and Byrds","floor":27.0,"turns":5.0},{"damage":13.0,"enemies":"3 Cultists","floor":29.0,"turns":6.0},{"damage":0.0,"enemies":"Sentry and Sphere","floor":30.0,"turns":4.0},{"damage":0.0,"enemies":"Slavers","floor":31.0,"turns":3.0},{"damage":22.0,"enemies":"Collector","floor":33.0,"turns":8.0},{"damage":1.0,"enemies":"3 Darklings","floor":35.0,"turns":2.0},{"damage":0.0,"enemies":"3 Shapes","floor":37.0,"turns":5.0},{"damage":0.0,"enemies":"Mind Bloom Boss Battle","floor":38.0,"turns":3.0},{"damage":16.0,"enemies":"Jaw Worm Horde","floor":39.0,"turns":3.0},{"damage":0.0,"enemies":"Reptomancer","floor":40.0,"turns":7.0},{"damage":12.0,"enemies":"Nemesis","floor":42.0,"turns":7.0},{"damage":51.0,"enemies":"Giant Head","floor":46.0,"turns":8.0},{"damage":14.0,"enemies":"Spire Growth","floor":48.0,"turns":6.0},{"damage":57.0,"enemies":"Donu and Deca","floor":50.0,"turns":9.0},{"damage":27.0,"enemies":"Time Eater","floor":51.0,"turns":8.0},{"damage":56.0,"enemies":"Shield and Spear","floor":55.0,"turns":5.0},{"damage":115,"enemies":"The Heart","floor":56,"turns":6}],"seed_played":"-1801713941075841946","potions_obtained":[{"floor":4.0,"key":"ColorlessPotion"},{"floor":10.0,"key":"Energy Potion"},{"floor":12.0,"key":"Regen Potion"},{"floor":21.0,"key":"LiquidBronze"},{"floor":22.0,"key":"EssenceOfSteel"},{"floor":33.0,"key":"DuplicationPotion"},{"floor":35.0,"key":"Block Potion"},{"floor":40.0,"key":"SteroidPotion"}],"is_trial":false,"path_per_floor":["M","?","M","M","M","R","?","R","T","E","M","E","$","?","R","B",null,"M","?","M","M","M","R","E","R","T","M","R","M","M","E","R","B",null,"M","?","M","?","M","E","R","E","T","R","?","E","R","M","R","B","B",null,"R","$","E","B"],"character_chosen":"THE_SILENT","items_purchased":["Bag of Preparation","Orrery","SkillPotion","Backflip","Backstab","The Bomb"],"campfire_rested":2,"item_purchase_floors":[13,54,54,54,54,54],"current_hp_per_floor":[58,58,59,60,61,61,61,61,61,62,63,61,61,50,50,42,61,58,47,48,49,49,49,51,51,51,52,52,44,51,61,61,49,60,60,60,63,66,55,64,64,65,65,65,65,38,38,43,64,33,34,63,73,73,32,0,0],"gold":116,"neow_bonus":"RANDOM_COLORLESS_2","is_daily":false,"chose_seed":false,"campfire_upgraded":9,"win_rate":0.0,"timestamp":1611916459,"path_taken":["M","?","?","M","M","R","?","R","T","E","?","E","$","?","R","BOSS","M","?","M","M","M","R","E","R","T","M","R","M","M","E","R","BOSS","M","?","M","?","M","E","R","E","T","R","?","E","R","?","R","BOSS","BOSS","R","$","E","BOSS"],"items_purchased_type":["Relic","Relic","Potion","Card","Card","Card"],"build_version":"2020-12-13","purchased_purges":2,"victory":false,"max_hp_per_floor":[60,60,61,62,63,63,63,63,63,64,65,66,66,66,66,67,67,68,47,48,49,50,50,51,51,51,52,52,53,54,62,62,63,63,64,64,65,66,67,68,68,69,69,69,69,70,70,71,71,72,73,73,73,73,74,74,74],"relic_stats":{"Centennial Puzzle":[50],"Lizard Tail":37,"Busted Crown":28,"FaceOfCleric":28,"counters":[30,155],"Bronze Scales":[352],"Pantograph":25,"Bag of Preparation":[46],"Whetstone":["Bite","Bite"],"obtain_stats":[{"The Specimen":40,"Thread and Needle":46,"Bag of Preparation":13,"Whetstone":42,"Frozen Egg 2":26,"Runic Dome":17,"Centennial Puzzle":10,"Lizard Tail":38,"Busted Crown":34,"FaceOfCleric":2,"Bronze Scales":24,"Strawberry":31,"Pantograph":55,"Orrery":54,"Bag of Marbles":9,"Ring of the Snake":0,"Meat on the Bone":12},{"The Specimen":23,"Thread and Needle":25,"Bag of Preparation":7,"Whetstone":24,"Frozen Egg 2":13,"Runic Dome":8,"Centennial Puzzle":5,"Lizard Tail":21,"Busted Crown":18,"FaceOfCleric":1,"Bronze Scales":13,"Strawberry":17,"Pantograph":29,"Orrery":28,"Bag of Marbles":4,"Ring of the Snake":0,"Meat on the Bone":7},{"The Specimen":106,"Thread and Needle":121,"Bag of Preparation":21,"Whetstone":113,"Frozen Egg 2":60,"Runic Dome":33,"Centennial Puzzle":16,"Lizard Tail":96,"Busted Crown":86,"FaceOfCleric":4,"Bronze Scales":60,"Strawberry":78,"Pantograph":149,"Orrery":144,"Bag of Marbles":13,"Ring of the Snake":0,"Meat on the Bone":21}],"Ring of the Snake":[60],"Meat on the Bone":72},"card_choices":[{"not_picked":["Mayhem","Chrysalis"],"picked":"Sadistic Nature","floor":0.0},{"not_picked":["Dagger Throw","Backstab"],"picked":"Sucker Punch","floor":1.0},{"not_picked":["Underhanded Strike","Sucker Punch"],"picked":"Blade Dance","floor":3.0},{"not_picked":["Backflip","Cloak And Dagger"],"picked":"Sucker Punch","floor":4.0},{"not_picked":["Cloak And Dagger","Dagger Spray"],"picked":"Catalyst","floor":5.0},{"not_picked":["Slice","Backflip"],"picked":"Crippling Poison","floor":10.0},{"not_picked":["Dagger Throw","Blade Dance"],"picked":"Malaise","floor":11.0},{"not_picked":["Reflex","Poisoned Stab"],"picked":"Wraith Form v2","floor":12.0},{"not_picked":["Phantasmal Killer","Glass Knife"],"picked":"Venomology","floor":16.0},{"not_picked":["Dagger Throw","Calculated Gamble"],"picked":"Bane+1","floor":18.0},{"not_picked":["Skewer+1","Cloak And Dagger+1"],"picked":"Acrobatics","floor":20.0},{"not_picked":["Concentrate","Blur"],"picked":"PiercingWail","floor":21.0},{"not_picked":["Outmaneuver","Choke"],"picked":"Blur+1","floor":22.0},{"not_picked":["Grand Finale","Dagger Throw"],"picked":"Deadly Poison","floor":24.0},{"not_picked":["Outmaneuver","Backflip"],"picked":"Catalyst+1","floor":27.0},{"not_picked":["PiercingWail","Dodge and Roll"],"picked":"Deadly Poison","floor":29.0},{"not_picked":["Deflect","Setup","Underhanded Strike"],"picked":"SKIP","floor":30.0},{"not_picked":["Concentrate","Well Laid Plans+1"],"picked":"Corpse Explosion","floor":31.0},{"not_picked":["Phantasmal Killer","Venomology"],"picked":"Adrenaline","floor":33.0},{"not_picked":["Deflect"],"picked":"SKIP","floor":35.0},{"not_picked":["Tactician"],"picked":"SKIP","floor":37.0},{"not_picked":[],"picked":"Leg Sweep+1","floor":39.0},{"not_picked":["Setup"],"picked":"SKIP","floor":40.0},{"not_picked":["Skewer"],"picked":"SKIP","floor":42.0},{"not_picked":["Slice"],"picked":"SKIP","floor":46.0},{"not_picked":["Endless Agony+1"],"picked":"SKIP","floor":48.0},{"not_picked":[],"picked":"Well Laid Plans+1","floor":54.0},{"not_picked":["Dodge and Roll"],"picked":"SKIP","floor":55.0}],"player_experience":1498446,"relics_obtained":[{"floor":9.0,"key":"Bag of Marbles"},{"floor":10.0,"key":"Centennial Puzzle"},{"floor":12.0,"key":"Meat on the Bone"},{"floor":24.0,"key":"Bronze Scales"},{"floor":26.0,"key":"Frozen Egg 2"},{"floor":31.0,"key":"Strawberry"},{"floor":38.0,"key":"Lizard Tail"},{"floor":40.0,"key":"The Specimen"},{"floor":42.0,"key":"Whetstone"},{"floor":46.0,"key":"Thread and Needle"},{"floor":55.0,"key":"Pantograph"}],"event_choices":[{"damage_healed":0.0,"max_hp_gain":0.0,"max_hp_loss":0.0,"gold_gain":0.0,"event_name":"FaceTrader","player_choice":"Trade","floor":2.0,"gold_loss":0.0,"damage_taken":0.0,"relics_obtained":["FaceOfCleric"]},{"damage_healed":0.0,"max_hp_gain":0.0,"max_hp_loss":0.0,"gold_gain":0.0,"event_name":"Accursed Blacksmith","player_choice":"Forge","floor":7.0,"gold_loss":0.0,"damage_taken":0.0,"cards_upgraded":["Sucker Punch"]},{"damage_healed":0.0,"max_hp_gain":0.0,"max_hp_loss":0.0,"gold_gain":75.0,"event_name":"World of Goop","player_choice":"Gather Gold","floor":14.0,"gold_loss":0.0,"damage_taken":11.0},{"damage_healed":0.0,"max_hp_gain":0.0,"max_hp_loss":21.0,"gold_gain":0.0,"event_name":"Vampires","player_choice":"Became a vampire","floor":19.0,"gold_loss":0.0,"damage_taken":0.0,"cards_obtained":["Bite","Bite","Bite","Bite","Bite"]},{"damage_healed":0.0,"max_hp_gain":0.0,"max_hp_loss":0.0,"gold_gain":0.0,"event_name":"Tomb of Lord Red Mask","player_choice":"Ignored","floor":36.0,"gold_loss":0.0,"damage_taken":0.0},{"damage_healed":0.0,"max_hp_gain":0.0,"max_hp_loss":0.0,"gold_gain":0.0,"event_name":"MindBloom","player_choice":"Fight","floor":38.0,"gold_loss":0.0,"damage_taken":0.0},{"damage_healed":0.0,"max_hp_gain":0.0,"max_hp_loss":0.0,"gold_gain":0.0,"cards_transformed":["Blade Dance"],"event_name":"Transmorgrifier","player_choice":"Transformed","floor":45.0,"gold_loss":0.0,"damage_taken":0.0,"cards_obtained":["Prepared"]}],"is_beta":false,"boss_relics":[{"not_picked":["Sozu","SlaversCollar"],"picked":"Runic Dome"},{"not_picked":["Pandora\u0027s Box","SacredBark"],"picked":"Busted Crown"}],"items_purged_floors":[13,54],"is_endless":false,"potions_floor_spawned":[4,10,12,21,22,30,33,35,40,46],"killed_by":"The Heart","ascension_level":20}}