{"host":"kydqlojjt9mno5rv","time":1611900829,"event":{"mods":["AchievementEnabler","BaseMod","Colored Powertips","Curses Come First","DeckTracker","Minty Spire (QoL Compilation)","Quick Restart","Replay The Spire","Shop Mod","Spicy Shops","StSLib","SuperFastMode","Synergy Search","Weighted Paths"],"gold_per_floor":[116,132,132,150,325,359,359,388,388,402,402,416,429,286,286,387,487,501,501,501,372,392,426,426,426,473,473,489,50,50,61,61,61,61],"floor_reached":33,"language":"ENG","playtime":1460,"items_purged":["Doubt","Strike_B"],"score":339,"play_id":"4862f857-5a63-4f95-82e0-81dd63c4c5f3","local_time":"20210129011349","is_ascension_mode":true,"campfire_choices":[{"floor":7,"key":"REST"},{"floor":11,"key":"REST"},{"floor":15,"key":"REST"},{"floor":27,"key":"REST"},{"floor":30,"key":"REST"},{"floor":32,"key":"DIG"}],"circlet_count":0,"master_deck":["Strike_B","Strike_B","Defend_B","Defend_B","Defend_B","Defend_B","Zap","Dualcast+1","Redo","Double Energy","Mirror Shield","Streamline","Consume","Cold Snap","Multi-Cast","Barrage","BasicCrystalCard","Capacitor","Defragment","Redo","BootSequence+1","Genetic Algorithm","Ball Lightning","Redo","Fusion+1","Defragment","Sunder","Multi-Cast"],"relics":["Cracked Core","NeowsBlessing","Replay:Bottled Snecko","Iron Hammer","Replay:Ringing Soul","Orrery","Replay:Wanted Poster","Prayer Wheel","Replay:Mystery Machine","MutagenicStrength","Replay:Bottled Flurry","Geode","Orichalcum"],"acts_visited":["Exordium","TheCity"],"potions_floor_usage":[8,23,23,23,33],"damage_taken":[{"damage":0,"enemies":"Cultist","floor":1,"turns":1},{"damage":0,"enemies":"Small Slimes","floor":2,"turns":1},{"damage":0,"enemies":"Jaw Worm","floor":4,"turns":1},{"damage":43,"enemies":"3 Sentries","floor":6,"turns":7},{"damage":49,"enemies":"Lagavulin","floor":8,"turns":7},{"damage":0,"enemies":"3 Louse","floor":10,"turns":3},{"damage":0,"enemies":"Large Slime","floor":12,"turns":5},{"damage":0,"enemies":"2 Fungi Beasts","floor":13,"turns":3},{"damage":29,"enemies":"Fading Forest","floor":16,"turns":11},{"damage":0,"enemies":"Chosen","floor":18,"turns":3},{"damage":36,"enemies":"Spheric Guardian","floor":22,"turns":5},{"damage":33,"enemies":"Book of Stabbing","floor":23,"turns":7},{"damage":11,"enemies":"Centurion and Healer","floor":28,"turns":7},{"damage":31,"enemies":"Snake Plant","floor":31,"turns":6},{"damage":44,"enemies":"Champ","floor":33,"turns":8}],"seed_played":"-2733635664891457188","potions_obtained":[{"floor":2,"key":"Explosive Potion"},{"floor":10,"key":"Dexterity Potion"},{"floor":12,"key":"LifebloodPotion"},{"floor":16,"key":"Explosive Potion"},{"floor":23,"key":"Swift Potion"},{"floor":28,"key":"GamblersBrew"}],"is_trial":false,"path_per_floor":["M","M","?","M","?","E","R","E","T","M","R","M","M","$","R","B",null,"M","?","?","$","M","E","?","?","T","R","M","$","R","M","R","B"],"character_chosen":"DEFECT","items_purchased":["Orrery","Redo","Defragment","Replay:Bottled Flurry","Geode"],"campfire_rested":5,"item_purchase_floors":[14,21,29,29,29],"current_hp_per_floor":[75,75,75,75,75,32,54,5,5,5,27,30,33,36,61,45,87,87,70,73,76,43,13,13,13,13,44,36,39,72,44,44,0,0],"gold":61,"neow_bonus":"THREE_ENEMY_KILL","is_daily":false,"chose_seed":false,"campfire_upgraded":0,"win_rate":0.0,"timestamp":1611900829,"path_taken":["M","M","?","?","?","E","R","E","T","M","R","M","M","$","R","BOSS","M","?","?","$","M","E","?","?","T","R","?","?","R","M","R","BOSS"],"items_purchased_type":["Relic","Card","Card","Relic","Relic"],"build_version":"2020-12-22","purchased_purges":2,"victory":false,"max_hp_per_floor":[75,75,75,75,75,75,75,75,75,75,75,78,81,84,84,87,87,87,92,95,98,101,104,104,104,104,104,107,110,110,113,113,113,113],"card_choices":[{"not_picked":["Auto Shields","Coolheaded"],"picked":"Redo","floor":1},{"not_picked":["Conserve Battery","Turbo"],"picked":"Double Energy","floor":2},{"not_picked":["White Noise","ReplayTheSpireMod:Reroute Power","Beam Cell"],"picked":"SKIP","floor":4},{"not_picked":["ReplaySolidLightProjector","Compile Driver","Leap"],"picked":"SKIP","floor":6},{"not_picked":["Melter","Compile Driver"],"picked":"Mirror Shield","floor":8},{"not_picked":["Auto Shields","Hologram","Compile Driver"],"picked":"SKIP","floor":10},{"not_picked":["ReplayTheSpireMod:Repulse","Recycle"],"picked":"Streamline","floor":12},{"not_picked":["Coolheaded","Conserve Battery"],"picked":"Consume","floor":13},{"not_picked":["White Noise","Steam"],"picked":"Cold Snap","floor":14},{"not_picked":["Coolheaded","Hologram"],"picked":"Multi-Cast","floor":14},{"not_picked":["Rebound","Turbo"],"picked":"Barrage","floor":14},{"not_picked":["Conserve Battery","ReplayTheSpireMod:GoodbyeWorld"],"picked":"BasicCrystalCard","floor":14},{"not_picked":["Turbo","Auto Shields"],"picked":"Capacitor","floor":14},{"not_picked":["Rainbow","ReplayTheSpireMod:Omega Cannon"],"picked":"ReplayTheSpireMod:Fabricate Wheel","floor":16},{"not_picked":["Compile Driver","BasicCrystalCard","Time Bomb"],"picked":"SKIP","floor":18},{"not_picked":["Rebound","Static Discharge+1"],"picked":"BootSequence+1","floor":22},{"not_picked":["Coolheaded+1","Streamline"],"picked":"Genetic Algorithm","floor":22},{"not_picked":["Beam Cell","Go for the Eyes"],"picked":"Ball Lightning","floor":23},{"not_picked":["Aggregate","Stack"],"picked":"Redo","floor":28},{"not_picked":["Gash+1","Heatsinks"],"picked":"Fusion+1","floor":28},{"not_picked":["Reinforced Body","Turbo"],"picked":"Sunder","floor":31},{"not_picked":["Steam","ReplayTheSpireMod:System Scan"],"picked":"Multi-Cast","floor":31}],"player_experience":167894,"relics_obtained":[{"floor":6,"key":"Replay:Bottled Snecko"},{"floor":8,"key":"Iron Hammer"},{"floor":9,"key":"Replay:Ringing Soul"},{"floor":23,"key":"Replay:Mystery Machine"},{"floor":32,"key":"Orichalcum"}],"event_choices":[{"damage_healed":0,"gold_gain":0,"player_choice":"Forge","damage_taken":0,"max_hp_gain":0,"max_hp_loss":0,"event_name":"Accursed Blacksmith","floor":3,"gold_loss":0,"cards_upgraded":["Dualcast"]},{"damage_healed":0,"gold_gain":175,"player_choice":"AGREE","damage_taken":0,"max_hp_gain":0,"max_hp_loss":0,"event_name":"Liars Game","floor":5,"gold_loss":0,"cards_obtained":["Doubt"]},{"damage_healed":0,"gold_gain":0,"player_choice":"Shed Blood","damage_taken":22,"max_hp_gain":5,"max_hp_loss":0,"event_name":"Forgotten Altar","floor":19,"gold_loss":0},{"damage_healed":0,"gold_gain":0,"player_choice":"Read","damage_taken":0,"max_hp_gain":0,"max_hp_loss":0,"event_name":"The Library","floor":20,"gold_loss":0,"cards_obtained":["Defragment"]},{"cards_removed":["Strike_B"],"damage_healed":0,"gold_gain":0,"player_choice":"Elegance","damage_taken":0,"max_hp_gain":0,"max_hp_loss":0,"event_name":"Back to Basics","floor":24,"gold_loss":0},{"damage_healed":0,"gold_gain":0,"player_choice":"Inject Mutagens","damage_taken":0,"relics_obtained":["MutagenicStrength"],"max_hp_gain":0,"max_hp_loss":0,"event_name":"Drug Dealer","floor":25,"gold_loss":0}],"is_beta":false,"boss_relics":[{"not_picked":["FrozenCore","Snecko Eye"],"picked":"Replay:Wanted Poster"}],"items_purged_floors":[21,29],"is_endless":false,"potions_floor_spawned":[2,10,12,16,23,28],"killed_by":"Champ","ascension_level":1}}