{"host":"pdsyh71gl8fwuuoe","time":1611888317,"event":{"mods":["AchievementEnabler","BaseMod","Bestiary","Colored Powertips","Curses Come First","Custom Start","Highlight Path","Minty Spire (QoL Compilation)","Permanent Neow","Quick Restart","Relic Stats","StSLib"],"gold_per_floor":[119,137,137,148,158,158,169,197,197,197,208,15,40,40,40,136,136,147,157,169,186,86,86,86,86,136,136,61,87,87,2,2,97,97,112,112,112,131,62,62,90,105,105,105,105],"floor_reached":44,"language":"ENG","playtime":2550,"items_purged":["Strike_B","FTL"],"score":737,"play_id":"985b0b47-9256-4dc3-8df2-856ee3cf5410","local_time":"20210128214517","is_ascension_mode":true,"campfire_choices":[{"data":"Conserve Battery","floor":6.0,"key":"SMITH"},{"data":"Defragment","floor":10.0,"key":"SMITH"},{"floor":15.0,"key":"REST"},{"floor":23,"key":"REST"},{"data":"Defragment","floor":25,"key":"SMITH"},{"data":"Loop","floor":27,"key":"SMITH"},{"data":"Buffer","floor":30,"key":"SMITH"},{"floor":32,"key":"REST"},{"data":"Transmutation","floor":40,"key":"SMITH"}],"circlet_count":0,"master_deck":["AscendersBane","Strike_B","Defend_B","Defend_B+1","Defend_B","Defend_B","Zap","Dualcast+1","Conserve Battery+1","Cold Snap","Barrage+1","Ball Lightning","Doom and Gloom","Defragment+1","Buffer+1","Loop+1","Coolheaded","Hologram+1","Defragment+1","Reprogram","Streamline","Multi-Cast","Transmutation+1","Self Repair","Glacier"],"relics":["Cracked Core","WingedGreaves","Cables","Letter Opener","Snecko Eye","War Paint","Happy Flower","Dead Branch","Cursed Key","HornCleat"],"acts_visited":["Exordium","TheCity","TheBeyond"],"potions_floor_usage":[33],"damage_taken":[{"damage":0.0,"enemies":"Cultist","floor":1.0,"turns":4.0},{"damage":1.0,"enemies":"2 Louse","floor":2.0,"turns":3.0},{"damage":2.0,"enemies":"Jaw Worm","floor":4.0,"turns":3.0},{"damage":2.0,"enemies":"Exordium Wildlife","floor":5.0,"turns":3.0},{"damage":2.0,"enemies":"2 Fungi Beasts","floor":7.0,"turns":3.0},{"damage":25.0,"enemies":"Gremlin Nob","floor":8.0,"turns":4.0},{"damage":1.0,"enemies":"Looter","floor":11.0,"turns":3.0},{"damage":7.0,"enemies":"Lagavulin","floor":13.0,"turns":6.0},{"damage":4,"enemies":"Slime Boss","floor":16,"turns":10},{"damage":9,"enemies":"Shell Parasite","floor":18,"turns":3},{"damage":5,"enemies":"Chosen","floor":19,"turns":3},{"damage":34,"enemies":"Shelled Parasite and Fungi","floor":20,"turns":5},{"damage":0,"enemies":"Chosen and Byrds","floor":21,"turns":4},{"damage":16,"enemies":"Book of Stabbing","floor":29,"turns":7},{"damage":29,"enemies":"Collector","floor":33,"turns":11},{"damage":23,"enemies":"3 Darklings","floor":35,"turns":5},{"damage":18,"enemies":"3 Shapes","floor":38,"turns":4},{"damage":0,"enemies":"Nemesis","floor":41,"turns":5},{"damage":14,"enemies":"Sphere and 2 Shapes","floor":42,"turns":4},{"damage":22,"enemies":"Giant Head","floor":44,"turns":7}],"seed_played":"4053842680863645298","potions_obtained":[{"floor":4.0,"key":"SteroidPotion"},{"floor":5.0,"key":"DuplicationPotion"},{"floor":7.0,"key":"GamblersBrew"},{"floor":8.0,"key":"LiquidBronze"},{"floor":16,"key":"PowerPotion"},{"floor":20,"key":"LiquidMemories"},{"floor":38,"key":"Dexterity Potion"}],"is_trial":false,"path_per_floor":["M","M","?","M","M","R","M","E","T","R","M","$","E","?","R","B",null,"M","M","M","M","$","R","?","R","T","R","?","E","R","?","R","B",null,"M","?","?","M","$","R","E","M","T","E"],"character_chosen":"DEFECT","items_purchased":["Loop","Coolheaded","Self Repair"],"campfire_rested":3,"item_purchase_floors":[12,12,39],"current_hp_per_floor":[68,67,67,65,63,63,61,36,36,36,35,35,28,3,25,21,62,53,48,14,14,14,36,36,36,36,36,36,20,20,20,42,13,60,37,37,37,19,19,19,29,22,22,0,0],"gold":105,"neow_bonus":"THREE_CARDS","is_daily":false,"chose_seed":false,"campfire_upgraded":6,"win_rate":0.0,"timestamp":1611888317,"path_taken":["M","?","?","M","M","R","M","E","T","R","?","?","E","?","R","BOSS","M","M","M","M","$","R","?","R","T","R","?","E","R","?","R","BOSS","M","?","?","M","$","R","E","?","T","E"],"items_purchased_type":["Card","Card","Card"],"build_version":"2020-12-22","purchased_purges":2,"victory":false,"max_hp_per_floor":[75,75,75,75,75,75,75,75,75,75,75,75,75,75,75,75,75,75,75,75,75,75,75,75,75,75,75,75,75,75,75,75,75,75,75,75,71,71,71,71,71,71,71,71,71],"relic_stats":{"Happy Flower":[12],"counters":[20,96],"Dead Branch":[23],"Snecko Eye":[98,118,107,72],"Letter Opener":[125],"War Paint":["Defend_B","Dualcast"],"Cursed Key":0,"obtain_stats":[{"HornCleat":41,"Happy Flower":29,"Dead Branch":31,"Snecko Eye":17,"WingedGreaves":8,"Letter Opener":14,"War Paint":26,"Cracked Core":0,"Cursed Key":34,"Cables":13},{"HornCleat":18,"Happy Flower":14,"Dead Branch":14,"Snecko Eye":9,"WingedGreaves":6,"Letter Opener":8,"War Paint":13,"Cracked Core":0,"Cursed Key":15,"Cables":8},{"HornCleat":85,"Happy Flower":60,"Dead Branch":60,"Snecko Eye":38,"WingedGreaves":20,"Letter Opener":29,"War Paint":53,"Cracked Core":0,"Cursed Key":71,"Cables":29}],"Cables":[59,32,15,12,0]},"card_choices":[{"not_picked":["Aggregate","Beam Cell"],"picked":"Conserve Battery","floor":0.0},{"not_picked":["Stack","Gash"],"picked":"Cold Snap","floor":1.0},{"not_picked":["Scrape","Steam"],"picked":"Barrage","floor":2.0},{"not_picked":["Redo","Cold Snap"],"picked":"FTL","floor":4.0},{"not_picked":["Auto Shields","Coolheaded"],"picked":"Ball Lightning","floor":5.0},{"not_picked":["White Noise","Chill"],"picked":"Doom and Gloom","floor":7.0},{"not_picked":["Tempest","Hologram"],"picked":"Defragment","floor":8.0},{"not_picked":["Leap","Stack"],"picked":"Buffer","floor":11.0},{"not_picked":["Aggregate","Gash","Rebound"],"picked":"SKIP","floor":13.0},{"not_picked":["Reboot","Rainbow"],"picked":"Seek","floor":16},{"not_picked":["FTL","Gash","Coolheaded"],"picked":"SKIP","floor":18},{"not_picked":["Static Discharge","Tempest"],"picked":"Hologram+1","floor":19},{"not_picked":["Go for the Eyes","Doom and Gloom"],"picked":"Defragment","floor":20},{"not_picked":["Force Field+1","Stack","Ball Lightning"],"picked":"SKIP","floor":21},{"not_picked":["All For One","Barrage","Hologram"],"picked":"SKIP","floor":29},{"not_picked":["Thunder Strike","Hyperbeam"],"picked":"Multi-Cast","floor":33},{"not_picked":["Redo","Conserve Battery","Doom and Gloom"],"picked":"SKIP","floor":35},{"not_picked":["Enlightenment","Blind"],"picked":"Transmutation","floor":36},{"not_picked":["Genetic Algorithm+1","Sweeping Beam","Double Energy+1"],"picked":"SKIP","floor":38},{"not_picked":["Ball Lightning","Rip and Tear+1"],"picked":"Glacier","floor":41},{"not_picked":["Melter+1","Scrape","Consume"],"picked":"SKIP","floor":42}],"player_experience":549541,"relics_obtained":[{"floor":8.0,"key":"WingedGreaves"},{"floor":13.0,"key":"Cables"},{"floor":26,"key":"War Paint"},{"floor":29,"key":"Happy Flower"},{"floor":41,"key":"HornCleat"}],"event_choices":[{"damage_healed":0.0,"max_hp_gain":0.0,"max_hp_loss":0.0,"gold_gain":0.0,"event_name":"Upgrade Shrine","player_choice":"Upgraded","floor":3.0,"gold_loss":0.0,"damage_taken":0.0,"cards_upgraded":["Barrage"]},{"damage_healed":0.0,"max_hp_gain":0.0,"max_hp_loss":0.0,"gold_gain":0.0,"event_name":"Scrap Ooze","player_choice":"Success","floor":14.0,"gold_loss":0.0,"damage_taken":25.0,"relics_obtained":["Letter Opener"]},{"damage_healed":0,"gold_gain":0,"cards_transformed":["Strike_B","Strike_B"],"player_choice":"Became Test Subject","damage_taken":0,"max_hp_gain":0,"max_hp_loss":0,"event_name":"Drug Dealer","floor":24,"gold_loss":0,"cards_obtained":["Reprogram","Streamline"]},{"cards_removed":["Seek"],"damage_healed":0,"gold_gain":0,"player_choice":"Gave Gold","damage_taken":0,"max_hp_gain":0,"max_hp_loss":0,"event_name":"Beggar","floor":28,"gold_loss":75},{"damage_healed":0,"gold_gain":0,"player_choice":"Obtained Relic","damage_taken":0,"relics_obtained":["Dead Branch"],"max_hp_gain":0,"max_hp_loss":0,"event_name":"Addict","floor":31,"gold_loss":85},{"damage_healed":0,"gold_gain":0,"player_choice":"Memory 1","damage_taken":0,"max_hp_gain":0,"max_hp_loss":0,"event_name":"SensoryStone","floor":36,"gold_loss":0},{"damage_healed":0,"gold_gain":0,"player_choice":"Max HP","damage_taken":0,"max_hp_gain":0,"max_hp_loss":4,"event_name":"Winding Halls","floor":37,"gold_loss":0}],"is_beta":false,"boss_relics":[{"not_picked":["FrozenCore","Velvet Choker"],"picked":"Snecko Eye"},{"not_picked":["Tiny House","Nuclear Battery"],"picked":"Cursed Key"}],"items_purged_floors":[12,22],"is_endless":false,"potions_floor_spawned":[4,5,7,8,16,18,20,38],"killed_by":"Giant Head","ascension_level":10}}