{"host":"0awa854l6bexpjrv","time":1611960853,"event":{"mods":["BaseMod","Block Reminder","Colored Map","Colored Powertips","Downfall","Highlight Path","Minty Spire (QoL Compilation)","Quick Restart","Rare Cards Sparkle","StSLib","SuperFastMode"],"gold_per_floor":[112,37,37,37,37,56,87,100,100,100,116,136,147,165,165,266,266,277,259,5,5,5,5,37,37,61,81,180,191,191,191,191,191,191],"floor_reached":33,"language":"ENG","playtime":2993,"items_purged":["Strike_G","Strike_G"],"score":307,"play_id":"22fc3e28-276c-49c9-8cf3-f55cc903c13e","local_time":"20210129145413","is_ascension_mode":true,"campfire_choices":[{"floor":10.0,"key":"REST"},{"floor":15.0,"key":"REST"},{"floor":23.0,"key":"REST"},{"floor":25.0,"key":"REST"},{"floor":30.0,"key":"REST"},{"data":"A Thousand Cuts","floor":32.0,"key":"SMITH"}],"circlet_count":0,"master_deck":["Defend_G","Defend_G","Defend_G","Defend_G","Defend_G","Survivor+1","Neutralize+1","Dodge and Roll","Blade Dance","Bullet Time","Outmaneuver","Blur","Blade Dance+1","Terror","Accuracy","A Thousand Cuts+1","Predator+1","Sucker Punch+1","Slimebound:Tackle+1","Slimebound:Tackle+1","Slimebound:Tackle+1","Burst","Underhanded Strike+1","Blade Dance+1"],"relics":["Ring of the Snake","StoneCalendar","Shuriken","InkBottle","SacredBark","Blood Vial","Molten Egg 2","Happy Flower","War Paint"],"acts_visited":["Exordium","TheCity"],"potions_floor_usage":[],"damage_taken":[{"damage":5.0,"enemies":"Small Slimes","floor":1.0,"turns":5.0},{"damage":0.0,"enemies":"Cultist","floor":6.0,"turns":6.0},{"damage":25.0,"enemies":"Gremlin Nob","floor":7.0,"turns":5.0},{"damage":2.0,"enemies":"Jaw Worm","floor":8.0,"turns":2.0},{"damage":2.0,"enemies":"Gremlin Gang","floor":11.0,"turns":7.0},{"damage":0.0,"enemies":"Exordium Thugs","floor":12.0,"turns":5.0},{"damage":0.0,"enemies":"Blue Slaver","floor":13.0,"turns":3.0},{"damage":7.0,"enemies":"Red Slaver","floor":14.0,"turns":5.0},{"damage":2.0,"enemies":"Slime Boss","floor":16.0,"turns":6.0},{"damage":34.0,"enemies":"Spheric Guardian","floor":18.0,"turns":6.0},{"damage":12.0,"enemies":"2 Thieves","floor":19.0,"turns":4.0},{"damage":16.0,"enemies":"Gremlin Leader","floor":24.0,"turns":5.0},{"damage":0.0,"enemies":"Snecko","floor":27.0,"turns":3.0},{"damage":3.0,"enemies":"Chosen and Byrds","floor":29.0,"turns":4.0},{"damage":75,"enemies":"Collector","floor":33,"turns":6}],"seed_played":"-657777932890066603","potions_obtained":[{"floor":6.0,"key":"DistilledChaos"},{"floor":7.0,"key":"Fire Potion"},{"floor":11.0,"key":"SteroidPotion"},{"floor":12.0,"key":"ColorlessPotion"},{"floor":16.0,"key":"LiquidBronze"},{"floor":18.0,"key":"AttackPotion"},{"floor":27.0,"key":"CunningPotion"}],"is_trial":false,"path_per_floor":["M","$","?","$","?","M","E","M","T","R","M","M","M","M","R","B",null,"M","M","$","?","?","R","E","R","T","M","?","M","R","?","R","B"],"character_chosen":"THE_SILENT","items_purchased":["Blood Vial"],"campfire_rested":5,"item_purchase_floors":[20],"current_hp_per_floor":[58,58,58,58,63,63,38,36,36,56,54,54,54,47,67,65,68,34,22,22,22,22,42,28,48,48,50,50,49,68,68,68,0,0],"gold":191,"neow_bonus":"ONE_RARE_RELIC","is_daily":false,"chose_seed":true,"campfire_upgraded":1,"win_rate":0.0,"timestamp":1611960853,"path_taken":["M","$","?","?","?","M","E","M","T","R","M","?","M","M","R","BOSS","M","?","$","?","?","R","E","R","T","?","?","M","R","?","R","BOSS"],"items_purchased_type":["Relic"],"build_version":"2020-12-22","purchased_purges":2,"victory":false,"max_hp_per_floor":[63,63,63,63,68,68,68,68,68,68,68,68,68,68,68,68,68,68,68,68,68,68,68,68,68,68,68,68,68,68,68,68,68,68],"card_choices":[{"not_picked":["Bane","Prepared"],"picked":"Dodge and Roll","floor":1.0},{"not_picked":["Slice","Flechettes"],"picked":"Blade Dance","floor":6.0},{"not_picked":["Phantasmal Killer","Bane"],"picked":"Bullet Time","floor":7.0},{"not_picked":["Bane","Setup"],"picked":"Outmaneuver","floor":8.0},{"not_picked":["All Out Attack","PiercingWail"],"picked":"Blur","floor":11.0},{"not_picked":["Cloak And Dagger","Quick Slash"],"picked":"Blade Dance","floor":12.0},{"not_picked":["Dagger Spray","Blur"],"picked":"Terror","floor":13.0},{"not_picked":["Dagger Throw","All Out Attack"],"picked":"Accuracy","floor":14.0},{"not_picked":["Envenom","Wraith Form v2"],"picked":"A Thousand Cuts","floor":16.0},{"not_picked":["Backflip","Prepared"],"picked":"Predator+1","floor":18.0},{"not_picked":["Underhanded Strike","Calculated Gamble"],"picked":"Sucker Punch+1","floor":19.0},{"not_picked":["Quick Slash+1","Outmaneuver"],"picked":"Burst","floor":24.0},{"not_picked":["Dodge and Roll","Deflect"],"picked":"Underhanded Strike+1","floor":27.0},{"not_picked":["Sucker Punch+1","Expertise"],"picked":"Blade Dance+1","floor":29.0}],"player_experience":661233,"relics_obtained":[{"floor":7.0,"key":"Shuriken"},{"floor":9.0,"key":"InkBottle"},{"floor":24.0,"key":"Happy Flower"},{"floor":26.0,"key":"War Paint"}],"event_choices":[{"damage_healed":0.0,"max_hp_gain":0.0,"max_hp_loss":0.0,"gold_gain":0.0,"event_name":"Accursed Blacksmith","player_choice":"Forge","floor":3.0,"gold_loss":0.0,"damage_taken":0.0,"cards_upgraded":["Neutralize"]},{"damage_healed":0.0,"max_hp_gain":5.0,"max_hp_loss":0.0,"gold_gain":0.0,"event_name":"Big Fish","player_choice":"Donut","floor":5.0,"gold_loss":0.0,"damage_taken":0.0},{"damage_healed":0.0,"max_hp_gain":0.0,"max_hp_loss":0.0,"gold_gain":0.0,"event_name":"WeMeetAgain","player_choice":"Gave Potion","floor":22.0,"gold_loss":0.0,"damage_taken":0.0,"relics_obtained":["Molten Egg 2"]},{"damage_healed":0.0,"max_hp_gain":0.0,"max_hp_loss":0.0,"gold_gain":99.0,"event_name":"Nest","player_choice":"Stole From Cult","floor":28.0,"gold_loss":0.0,"damage_taken":0.0},{"damage_healed":0.0,"max_hp_gain":0.0,"max_hp_loss":0.0,"gold_gain":0.0,"event_name":"Wheel of Change","player_choice":"Full Heal","floor":31.0,"gold_loss":0.0,"damage_taken":0.0}],"is_beta":false,"boss_relics":[{"not_picked":["Snecko Eye","Tiny House"],"picked":"SacredBark"}],"items_purged_floors":[2,20],"is_endless":false,"potions_floor_spawned":[6,7,11,12,16,18,27],"killed_by":"Collector","ascension_level":3}}