{"host":"jfbo3eu2ui08ej1u","time":1611879915,"event":{"mods":["2.2 Compatiblity","AchievementEnabler","Act Like it!","Aspiration","BaseMod","Better Altar","Better Match","Better Note","Better Sensory Stone","Better Skull","Better Third Choice","Block Reminder","Colored Map","Colored Powertips","Conspire","DeckTracker","Displayed Cursed Tome","Energized Spire","Fox Events","GifTheSpireLib","Hubris","Infinite Spire","Marked Mod","Minty Spire (QoL Compilation)","Pale of the Ancients","Poor People Problems","Quick Restart","Relic Filter","Reliquary","Reorder Act Four","Replay The Spire","Shop Mod","Spicy Shops","Spire Arcade","StSLib","Stuff the Spire","The Blue Laboratory","The Disciple","The Forsaken","The Hierophant","The Marked","Uncapped","Unceasing Turn Reminder","Wandering Minibosses"],"gold_per_floor":[364,364,380,67,67,67,80,108,155,168,197,14,14,37,37,136,136,157,172,172,152,91,91,127,142,142,158,158,181,215,215,215,215,215],"floor_reached":33,"language":"ENG","playtime":1478,"items_purged":["Strike_P","Spreading Infection"],"score":690,"play_id":"f1acc0f5-0b4f-4115-9363-c1cb963ad44b","local_time":"20210128192515","is_ascension_mode":true,"campfire_choices":[{"data":"Eruption","floor":6.0,"key":"SMITH"},{"data":"BattleHymn","floor":15.0,"key":"SMITH"},{"floor":23,"key":"REST"},{"floor":28,"key":"REST"},{"floor":32,"key":"REST"}],"circlet_count":0,"master_deck":["AscendersBane","Strike_P","Strike_P","Strike_P","Defend_P","Defend_P","Defend_P","Defend_P","Eruption+1","Vigilance","Prostrate","Replay:Anticipation","BattleHymn+1","CrushJoints","Study","Wireheading","Injury","Demon Form","Perseverance","Wallop+1","FearNoEvil+1","ReplayTheSpireMod:Limb From Limb","Wallop"],"relics":["PureWater","Ring of Peace","ReplayTheSpireMod:Ring of Exchange","hubris:DisguiseKit","Bag of Marbles","Singing Bowl","Golden Idol","energizedSpire:RedRose","StuffTheSpire:NeowsTribute","conspire:TopHat","StuffTheSpire:GrapeVine"],"acts_visited":["Exordium","TheCity"],"potions_floor_usage":[25,30,33],"damage_taken":[{"damage":3.0,"enemies":"2 Louse","floor":1.0,"turns":3.0},{"damage":2.0,"enemies":"Jaw Worm","floor":3.0,"turns":5.0},{"damage":0.0,"enemies":"Cultist","floor":7.0,"turns":2.0},{"damage":0.0,"enemies":"3 Sentries","floor":8.0,"turns":4.0},{"damage":0.0,"enemies":"Red Slaver","floor":10.0,"turns":2.0},{"damage":0.0,"enemies":"Lagavulin","floor":11.0,"turns":4.0},{"damage":0.0,"enemies":"Gremlin Gang","floor":14.0,"turns":6.0},{"damage":40.0,"enemies":"Fading Forest","floor":16.0,"turns":13.0},{"damage":25.0,"enemies":"3 Byrds","floor":18.0,"turns":5.0},{"damage":0,"enemies":"Chosen","floor":19,"turns":4},{"damage":34,"enemies":"Gremlin Leader","floor":24,"turns":7},{"damage":12,"enemies":"Centurion and Healer","floor":25,"turns":4},{"damage":5,"enemies":"Chosen and Byrds","floor":27,"turns":5},{"damage":15,"enemies":"Shelled Parasite and Fungi","floor":29,"turns":4},{"damage":11,"enemies":"Replay:Snechameleon","floor":30,"turns":4},{"damage":38,"enemies":"Pondfish","floor":33,"turns":4}],"seed_played":"4078186500695014619","potions_obtained":[{"floor":1.0,"key":"Adrenaline Potion"},{"floor":3.0,"key":"blueLaboratory:BubblePotion"},{"floor":8.0,"key":"LifebloodPotion"},{"floor":21,"key":"SneckoOil"},{"floor":24,"key":"DistilledChaos"},{"floor":25,"key":"blueLaboratory:StoneskinPotion"}],"is_trial":false,"path_per_floor":["M","?","M","$","?","R","M","E","T","M","E","$","?","M","R","B",null,"M","M","?","?","$","R","E","M","T","M","R","M","E","$","R","B"],"character_chosen":"WATCHER","items_purchased":["BattleHymn","Wireheading","FearNoEvil+1"],"campfire_rested":3,"item_purchase_floors":[4,12,22],"current_hp_per_floor":[58,58,56,56,56,56,56,56,56,56,58,58,58,60,60,28,61,36,36,36,36,36,57,23,13,13,10,32,19,8,8,31,0,0],"gold":215,"neow_bonus":"TWO_FIFTY_GOLD","is_daily":false,"chose_seed":false,"campfire_upgraded":2,"win_rate":0.0,"timestamp":1611879915,"path_taken":["M","?","M","$","?","R","M","E","T","M","E","$","?","M","R","BOSS","M","M","?","?","$","R","E","M","T","?","R","M","E","?","R","BOSS"],"items_purchased_type":["Card","Card","Card"],"build_version":"2020-12-22","purchased_purges":2,"victory":false,"max_hp_per_floor":[68,68,68,68,68,68,68,68,68,68,70,70,70,72,72,72,72,72,72,72,72,72,72,72,74,74,76,76,78,78,78,78,78,78],"card_choices":[{"not_picked":["Evaluate","Worship"],"picked":"Prostrate","floor":1.0},{"not_picked":["Halt","WaveOfTheHand"],"picked":"Replay:Anticipation","floor":3.0},{"not_picked":["MarkedMod:FirstStrike","Evaluate"],"picked":"CrushJoints","floor":7.0},{"not_picked":["Replay:DivineShield","Meditate"],"picked":"Study","floor":8.0},{"not_picked":["Replay:ManipulateFuture","Evaluate","Replay:Vibes","Combust"],"picked":"SKIP","floor":10.0},{"not_picked":["CutThroughFate","MarkedMod:FirstStrike","Replay:AtTheReady","Havoc"],"picked":"Singing Bowl","floor":11.0},{"not_picked":["JustLucky","Tantrum","WheelKick","Flex"],"picked":"Singing Bowl","floor":14.0},{"not_picked":["Ragnarok","MarkedMod:SlowDance","MarkedMod:NorthStar"],"picked":"Demon Form","floor":16.0},{"not_picked":["Collect","JustLucky","Armaments"],"picked":"Perseverance","floor":18.0},{"not_picked":["Vengeance+1","Adaptation","Cleave"],"picked":"Wallop+1","floor":19},{"not_picked":["CutThroughFate","Protect+1","MarkedMod:FirstStrike"],"picked":"ReplayTheSpireMod:Limb From Limb","floor":24},{"not_picked":["CrushJoints","Prostrate","LikeWater","Combust"],"picked":"Singing Bowl","floor":25},{"not_picked":["Weave","WreathOfFlame","Replay:BluntJabs","Sword Boomerang"],"picked":"Singing Bowl","floor":27},{"not_picked":["ThirdEye","CrushJoints","MentalFortress+1","StuffTheSpire:BloodClot"],"picked":"Singing Bowl","floor":29},{"not_picked":["Replay:AtTheReady","Perseverance","Reckless Charge"],"picked":"Wallop","floor":30}],"player_experience":1246468,"relics_obtained":[{"floor":5.0,"key":"Ring of Peace"},{"floor":5.0,"key":"ReplayTheSpireMod:Ring of Exchange"},{"floor":8.0,"key":"hubris:DisguiseKit"},{"floor":9.0,"key":"Bag of Marbles"},{"floor":11.0,"key":"Singing Bowl"},{"floor":24,"key":"StuffTheSpire:NeowsTribute"},{"floor":26,"key":"conspire:TopHat"},{"floor":30,"key":"StuffTheSpire:GrapeVine"}],"event_choices":[{"damage_healed":0.0,"max_hp_gain":0.0,"max_hp_loss":0.0,"gold_gain":0.0,"event_name":"Golden Idol","player_choice":"Take Wound","floor":13.0,"gold_loss":0.0,"damage_taken":0.0,"relics_obtained":["Golden Idol"],"cards_obtained":["Injury"]},{"damage_healed":0,"gold_gain":0,"player_choice":"Ignored","damage_taken":0,"max_hp_gain":0,"max_hp_loss":0,"event_name":"Vampires","floor":20,"gold_loss":0},{"damage_healed":0,"gold_gain":0,"player_choice":"Bought 1 Potion","damage_taken":0,"max_hp_gain":0,"max_hp_loss":0,"event_name":"The Woman in Blue","floor":21,"gold_loss":0}],"is_beta":false,"boss_relics":[{"not_picked":["Replay:Drink Me","Replay:Grab Bag"],"picked":"energizedSpire:RedRose"}],"items_purged_floors":[4,12],"is_endless":false,"potions_floor_spawned":[1,3,8,24,25],"killed_by":"Pondfish","ascension_level":20}}