{"host":"oehe2dxjvdgux73m","time":1611932075,"event":{"mods":["AchievementEnabler","BaseMod","Colored Map","Colored Powertips","DeckTracker","Keyboard Shortcuts","Minty Spire (QoL Compilation)","Permanent Neow","Quick Restart","StSLib","SuperFastMode"],"gold_per_floor":[117,128,128,142,156,156,156,156,156,156,172,192,192,208,208,284,284,304,205,120,120,134,134,162,87,157,184,284,284,300,312,312,383,383,393,249,300,12,28,61,61,95,95,115,115,7,20,50,50,50,50,50,50,50,81,81,81],"floor_reached":56,"language":"KOR","playtime":3299,"items_purged":["Strike_G","Bite"],"score":2100,"play_id":"a1331f63-7513-4211-9442-5bd30602c7de","local_time":"20210129235435","is_ascension_mode":true,"campfire_choices":[{"data":"Venomology","floor":6.0,"key":"SMITH"},{"data":"Neutralize","floor":8.0,"key":"SMITH"},{"data":"Calculated Gamble","floor":13.0,"key":"SMITH"},{"data":"A Thousand Cuts","floor":15.0,"key":"SMITH"},{"data":"Bullet Time","floor":23.0,"key":"SMITH"},{"data":"Reflex","floor":29.0,"key":"SMITH"},{"data":"A Thousand Cuts","floor":32.0,"key":"SMITH"},{"floor":41.0,"key":"RECALL"},{"floor":45.0,"key":"REST"},{"floor":49.0,"key":"REST"},{"floor":53.0,"key":"REST"}],"circlet_count":0,"master_deck":["AscendersBane","Defend_G","Defend_G","Defend_G","Defend_G","Survivor","Neutralize+1","Venomology+1","Deadly Poison+1","Backflip","PiercingWail","Dagger Spray","Doppelganger","Leg Sweep","Calculated Gamble+1","A Thousand Cuts+1","Bullet Time+1","Dash+1","Backflip","Bite","Bite","Bite","Bite","Reflex+1","Quick Slash","Cloak And Dagger+1","Backflip+1","Blade Dance+1","A Thousand Cuts+1","Storm of Steel+1","Accuracy+1","Calculated Gamble+1","PiercingWail+1","Accuracy","Prepared+1","PiercingWail+1","Prepared+1","Calculated Gamble+1","Dodge and Roll+1","Acrobatics+1"],"relics":["Ring of the Snake","Singing Bowl","Runic Pyramid","Kunai","Mercury Hourglass","Toxic Egg 2","Du-Vu Doll","Ice Cream","Matryoshka","Fusion Hammer","Dead Branch","Lantern","Happy Flower","PreservedInsect","Pen Nib","Eternal Feather","Tingsha"],"acts_visited":["Exordium","TheCity","TheBeyond","TheEnding"],"potions_floor_usage":[56,56],"damage_taken":[{"damage":3.0,"enemies":"Cultist","floor":1.0,"turns":4.0},{"damage":0.0,"enemies":"Small Slimes","floor":2.0,"turns":4.0},{"damage":0.0,"enemies":"Jaw Worm","floor":4.0,"turns":4.0},{"damage":5.0,"enemies":"Looter","floor":5.0,"turns":4.0},{"damage":0.0,"enemies":"Lagavulin","floor":7.0,"turns":1.0},{"damage":7.0,"enemies":"Blue Slaver","floor":11.0,"turns":5.0},{"damage":1.0,"enemies":"2 Fungi Beasts","floor":12.0,"turns":4.0},{"damage":9.0,"enemies":"Exordium Thugs","floor":14.0,"turns":5.0},{"damage":31.0,"enemies":"Hexaghost","floor":16.0,"turns":8.0},{"damage":14.0,"enemies":"Chosen","floor":18.0,"turns":7.0},{"damage":2.0,"enemies":"Shell Parasite","floor":22.0,"turns":6.0},{"damage":11.0,"enemies":"Gremlin Leader","floor":24.0,"turns":8.0},{"damage":13.0,"enemies":"Book of Stabbing","floor":27.0,"turns":7.0},{"damage":0.0,"enemies":"Colosseum Slavers","floor":28.0,"turns":6.0},{"damage":9.0,"enemies":"Colosseum Nobs","floor":28.0,"turns":3.0},{"damage":1.0,"enemies":"Snake Plant","floor":30.0,"turns":5.0},{"damage":7.0,"enemies":"Shelled Parasite and Fungi","floor":31.0,"turns":5.0},{"damage":11.0,"enemies":"Champ","floor":33.0,"turns":9.0},{"damage":3.0,"enemies":"Orb Walker","floor":35.0,"turns":3.0},{"damage":7.0,"enemies":"2 Orb Walkers","floor":37.0,"turns":4.0},{"damage":2.0,"enemies":"3 Shapes","floor":39.0,"turns":3.0},{"damage":10.0,"enemies":"Reptomancer","floor":40.0,"turns":6.0},{"damage":0.0,"enemies":"Giant Head","floor":42.0,"turns":4.0},{"damage":0.0,"enemies":"Transient","floor":44.0,"turns":6.0},{"damage":3.0,"enemies":"Jaw Worm Horde","floor":47.0,"turns":3.0},{"damage":0.0,"enemies":"Nemesis","floor":48.0,"turns":3.0},{"damage":40.0,"enemies":"Donu and Deca","floor":50.0,"turns":6.0},{"damage":8.0,"enemies":"Awakened One","floor":51.0,"turns":9.0},{"damage":28.0,"enemies":"Shield and Spear","floor":55.0,"turns":5.0},{"damage":85,"enemies":"The Heart","floor":56,"turns":5}],"seed_played":"8006547834627650612","potions_obtained":[{"floor":4.0,"key":"Strength Potion"},{"floor":14.0,"key":"PowerPotion"},{"floor":18.0,"key":"Weak Potion"},{"floor":28.0,"key":"LiquidBronze"},{"floor":31.0,"key":"GamblersBrew"},{"floor":33.0,"key":"EntropicBrew"},{"floor":44.0,"key":"FearPotion"},{"floor":55.0,"key":"AttackPotion"}],"is_trial":false,"path_per_floor":["M","M","?","M","M","R","E","R","T","?","M","M","R","M","R","B",null,"M","$","?","?","M","R","E","?","T","E","?","R","M","M","R","B",null,"M","$","?","$","M","E","R","E","T","M","R","$","M","E","R","B","B",null,"R","$","E","B"],"character_chosen":"THE_SILENT","items_purchased":["Backflip","Calculated Gamble+1","PiercingWail+1","Lantern","Accuracy","Prepared+1","Calculated Gamble+1"],"campfire_rested":3,"item_purchase_floors":[19,36,38,38,38,46,46],"current_hp_per_floor":[56,56,56,56,65,65,65,65,65,65,58,57,57,48,48,17,54,40,40,40,40,46,46,46,46,46,43,37,37,40,43,43,46,46,43,43,42,42,42,34,34,40,40,50,52,52,51,52,52,16,18,44,52,52,30,0,0],"gold":81,"neow_bonus":"ONE_RANDOM_RARE_CARD","is_daily":false,"chose_seed":false,"campfire_upgraded":7,"win_rate":0.0,"timestamp":1611932075,"path_taken":["M","?","?","M","?","R","E","R","T","?","?","M","R","M","R","BOSS","M","$","?","?","M","R","E","?","T","E","?","R","?","M","R","BOSS","M","$","?","$","M","E","R","E","T","M","R","?","M","E","R","BOSS","BOSS","R","$","E","BOSS"],"items_purchased_type":["Card","Card","Card","Relic","Card","Card","Card"],"build_version":"2020-12-22","purchased_purges":2,"victory":false,"max_hp_per_floor":[66,66,66,66,66,66,66,66,66,66,66,66,66,66,66,66,66,66,66,66,46,46,46,46,46,46,46,46,46,46,46,46,46,46,46,46,48,48,48,48,48,50,50,52,52,52,52,52,52,52,52,52,52,52,54,54,54],"card_choices":[{"not_picked":["Poisoned Stab","Flying Knee"],"picked":"Deadly Poison","floor":1.0},{"not_picked":["Slice","Blade Dance"],"picked":"Backflip","floor":2.0},{"not_picked":["Quick Slash","Tactician"],"picked":"PiercingWail","floor":4.0},{"not_picked":["Prepared","Blur"],"picked":"Dagger Spray","floor":5.0},{"not_picked":["Backflip","Masterful Stab"],"picked":"Leg Sweep","floor":11.0},{"not_picked":["Finisher","Endless Agony"],"picked":"Calculated Gamble","floor":12.0},{"not_picked":["Calculated Gamble","Terror"],"picked":"A Thousand Cuts","floor":14.0},{"not_picked":["Tools of the Trade","Grand Finale"],"picked":"Bullet Time","floor":16.0},{"not_picked":["Caltrops","Bane"],"picked":"Dash+1","floor":18.0},{"not_picked":["Bane","Caltrops"],"picked":"Reflex","floor":22.0},{"not_picked":["Slice","Deflect"],"picked":"Quick Slash","floor":24.0},{"not_picked":["Finisher","Poisoned Stab"],"picked":"Cloak And Dagger+1","floor":27.0},{"not_picked":["Underhanded Strike","Masterful Stab"],"picked":"Backflip+1","floor":28.0},{"not_picked":["Flying Knee","Deflect+1"],"picked":"Blade Dance+1","floor":30.0},{"not_picked":["Dagger Spray","Blade Dance+1"],"picked":"A Thousand Cuts","floor":31.0},{"not_picked":["A Thousand Cuts","Wraith Form v2"],"picked":"Storm of Steel+1","floor":33.0},{"not_picked":["Choke","Deadly Poison+1"],"picked":"Accuracy+1","floor":35.0},{"not_picked":["Quick Slash","Slice","Skewer"],"picked":"Singing Bowl","floor":37.0},{"not_picked":["Cloak And Dagger+1","Deadly Poison+1"],"picked":"Prepared+1","floor":39.0},{"not_picked":["Venomology+1","Poisoned Stab"],"picked":"PiercingWail+1","floor":40.0},{"not_picked":["Blade Dance+1","Dagger Spray","Crippling Poison+1"],"picked":"Singing Bowl","floor":42.0},{"not_picked":["Dash","Underhanded Strike","Deadly Poison+1"],"picked":"Singing Bowl","floor":44.0},{"not_picked":["Choke","Unload"],"picked":"Dodge and Roll+1","floor":47.0},{"not_picked":["Bane+1","Finisher"],"picked":"Acrobatics+1","floor":48.0},{"not_picked":["Underhanded Strike","Poisoned Stab","Dagger Spray"],"picked":"Singing Bowl","floor":55.0}],"player_experience":321246,"relics_obtained":[{"floor":9.0,"key":"Singing Bowl"},{"floor":24.0,"key":"Mercury Hourglass"},{"floor":26.0,"key":"Toxic Egg 2"},{"floor":27.0,"key":"Du-Vu Doll"},{"floor":28.0,"key":"Ice Cream"},{"floor":28.0,"key":"Matryoshka"},{"floor":37.0,"key":"Dead Branch"},{"floor":40.0,"key":"Happy Flower"},{"floor":42.0,"key":"PreservedInsect"},{"floor":43.0,"key":"Pen Nib"},{"floor":48.0,"key":"Eternal Feather"},{"floor":55.0,"key":"Tingsha"}],"event_choices":[{"damage_healed":0.0,"max_hp_gain":0.0,"max_hp_loss":0.0,"gold_gain":0.0,"event_name":"Accursed Blacksmith","player_choice":"Forge","floor":3.0,"gold_loss":0.0,"damage_taken":0.0,"cards_upgraded":["Deadly Poison"]},{"damage_healed":0.0,"max_hp_gain":0.0,"max_hp_loss":0.0,"gold_gain":0.0,"cards_transformed":["Strike_G"],"event_name":"Transmorgrifier","player_choice":"Transformed","floor":10.0,"gold_loss":0.0,"damage_taken":0.0,"cards_obtained":["Doppelganger"]},{"damage_healed":0.0,"max_hp_gain":0.0,"max_hp_loss":0.0,"gold_gain":0.0,"event_name":"Addict","player_choice":"Obtained Relic","floor":20.0,"gold_loss":85.0,"damage_taken":0.0,"relics_obtained":["Kunai"]},{"damage_healed":0.0,"max_hp_gain":0.0,"max_hp_loss":20.0,"gold_gain":0.0,"event_name":"Vampires","player_choice":"Became a vampire","floor":21.0,"gold_loss":0.0,"damage_taken":0.0,"cards_obtained":["Bite","Bite","Bite","Bite","Bite"]},{"cards_removed":["Defend_G"],"damage_healed":0.0,"max_hp_gain":0.0,"max_hp_loss":0.0,"gold_gain":0.0,"event_name":"Beggar","player_choice":"Gave Gold","floor":25.0,"gold_loss":75.0,"damage_taken":0.0},{"damage_healed":0.0,"max_hp_gain":0.0,"max_hp_loss":0.0,"gold_gain":0.0,"event_name":"Colosseum","player_choice":"Fight","floor":28.0,"gold_loss":0.0,"damage_taken":0.0},{"damage_healed":0.0,"max_hp_gain":0.0,"max_hp_loss":0.0,"gold_gain":0.0,"event_name":"Colosseum","player_choice":"Fled From Nobs","floor":28.0,"gold_loss":0.0,"damage_taken":0.0},{"damage_healed":0.0,"max_hp_gain":0.0,"max_hp_loss":0.0,"gold_gain":0.0,"event_name":"Colosseum","player_choice":"Fought Nobs","floor":28.0,"gold_loss":0.0,"damage_taken":0.0},{"damage_healed":0.0,"max_hp_gain":0.0,"max_hp_loss":0.0,"gold_gain":0.0,"event_name":"Mysterious Sphere","player_choice":"Fight","floor":37.0,"gold_loss":0.0,"damage_taken":0.0}],"is_beta":false,"boss_relics":[{"not_picked":["SlaversCollar","Sozu"],"picked":"Runic Pyramid"},{"not_picked":["Ring of the Serpent","HoveringKite"],"picked":"Fusion Hammer"}],"items_purged_floors":[19,36],"is_endless":false,"potions_floor_spawned":[4,5,7,14,18,28,28,31,33,35,39,40,44,55],"killed_by":"The Heart","ascension_level":20}}