{"host":"1mv6gj0zv8k9e9tz","time":1611914121,"event":{"mods":["AchievementEnabler","BaseMod","Better Third Choice","Colored Map","KOR Keyword Fix","Minty Spire (QoL Compilation)","Permanent Neow","Rare Cards Sparkle","StSLib"],"gold_per_floor":[15,35,51,66,81,81,92,92,92,167,167,182,182,200,200,295,295,318,78,58,77,33,33,33,33,85,124,124,147,21,39,39,129,129,148,148,168,168,181,181,181,181,181],"floor_reached":42,"language":"KOR","playtime":1226,"items_purged":["Strike_G"],"score":870,"play_id":"4643c102-a942-4aaf-b8c7-ef4905c4a2f6","local_time":"20210129185521","is_ascension_mode":true,"campfire_choices":[{"data":"Glass Knife","floor":6.0,"key":"SMITH"},{"data":"Neutralize","floor":13.0,"key":"SMITH"},{"data":"Backflip","floor":15.0,"key":"SMITH"},{"data":"Catalyst","floor":23.0,"key":"SMITH"},{"floor":25.0,"key":"REST"},{"data":"Catalyst","floor":32.0,"key":"SMITH"},{"data":"Catalyst","floor":40,"key":"SMITH"}],"circlet_count":0,"master_deck":["AscendersBane","Strike_G","Strike_G","Strike_G","Defend_G","Defend_G","Defend_G","Defend_G","Defend_G","Survivor","Neutralize+1","Glass Knife+1","Backflip+1","Catalyst+1","Dagger Spray","Catalyst+1","Corpse Explosion","Calculated Gamble","Footwork","Deadly Poison","Noxious Fumes","Catalyst+1","Bouncing Flask+1","Wraith Form v2","Leg Sweep"],"relics":["Ring of the Snake","Ninja Scroll","Golden Idol","Philosopher\u0027s Stone","Membership Card","Mercury Hourglass","Pear","TwistedFunnel","Black Star"],"acts_visited":["Exordium","TheCity","TheBeyond"],"potions_floor_usage":[37],"damage_taken":[{"damage":1.0,"enemies":"Cultist","floor":1.0,"turns":4.0},{"damage":0.0,"enemies":"Small Slimes","floor":2.0,"turns":2.0},{"damage":0.0,"enemies":"2 Louse","floor":3.0,"turns":2.0},{"damage":2.0,"enemies":"2 Fungi Beasts","floor":4.0,"turns":4.0},{"damage":5.0,"enemies":"Red Slaver","floor":5.0,"turns":4.0},{"damage":4.0,"enemies":"Looter","floor":7.0,"turns":4.0},{"damage":0.0,"enemies":"Blue Slaver","floor":12.0,"turns":2.0},{"damage":0.0,"enemies":"Large Slime","floor":14.0,"turns":4.0},{"damage":31.0,"enemies":"The Guardian","floor":16.0,"turns":11.0},{"damage":17.0,"enemies":"Shell Parasite","floor":18.0,"turns":5.0},{"damage":12.0,"enemies":"Spheric Guardian","floor":21.0,"turns":4.0},{"damage":8.0,"enemies":"Slavers","floor":27.0,"turns":2.0},{"damage":0.0,"enemies":"3 Cultists","floor":29.0,"turns":2.0},{"damage":8.0,"enemies":"Centurion and Healer","floor":31.0,"turns":2.0},{"damage":9.0,"enemies":"Automaton","floor":33.0,"turns":4.0},{"damage":5,"enemies":"Orb Walker","floor":35,"turns":3},{"damage":3,"enemies":"3 Darklings","floor":37,"turns":3},{"damage":13,"enemies":"4 Shapes","floor":39,"turns":4},{"damage":36,"enemies":"Reptomancer","floor":42,"turns":3}],"seed_played":"6440372183296201763","potions_obtained":[{"floor":1.0,"key":"Explosive Potion"},{"floor":5.0,"key":"CultistPotion"},{"floor":14.0,"key":"Fire Potion"},{"floor":20.0,"key":"SkillPotion"},{"floor":33.0,"key":"GamblersBrew"},{"floor":37,"key":"FearPotion"}],"is_trial":false,"path_per_floor":["M","M","M","M","M","R","M","$","T","?","?","M","R","M","R","B",null,"M","$","?","M","$","R","?","R","T","E","T","M","$","M","R","B",null,"M","?","M","?","M","R","?","E"],"character_chosen":"THE_SILENT","items_purchased":["Membership Card","Footwork","Noxious Fumes","TwistedFunnel","Catalyst"],"campfire_rested":1,"item_purchase_floors":[19,19,22,30,30],"current_hp_per_floor":[58,58,58,56,51,51,47,47,47,36,36,36,36,36,36,5,46,29,29,29,17,17,17,17,35,35,27,37,37,37,29,29,20,58,53,53,50,50,37,37,37,1,1],"gold":181,"neow_bonus":"THREE_RARE_CARDS","is_daily":false,"chose_seed":false,"campfire_upgraded":6,"win_rate":0.0,"timestamp":1611914121,"path_taken":["M","M","?","M","M","R","M","$","T","?","?","M","R","M","R","BOSS","M","$","?","?","$","R","?","R","T","E","?","M","$","M","R","BOSS","M","?","M","?","M","R","?","E"],"items_purchased_type":["Relic","Card","Card","Relic","Card"],"build_version":"2020-12-22","purchased_purges":1,"victory":false,"max_hp_per_floor":[66,66,66,66,66,66,66,66,66,66,60,60,60,60,60,60,60,60,60,60,60,60,60,60,60,60,60,70,70,70,70,70,70,70,70,70,70,70,70,70,70,70,70],"card_choices":[{"not_picked":["A Thousand Cuts","Wraith Form v2"],"picked":"Glass Knife","floor":0.0},{"not_picked":["Predator","Prepared"],"picked":"Backflip","floor":1.0},{"not_picked":["Acrobatics","Outmaneuver"],"picked":"Catalyst","floor":2.0},{"not_picked":["Expertise","Heel Hook","Masterful Stab"],"picked":"SKIP","floor":3.0},{"not_picked":["Dodge and Roll","Sucker Punch"],"picked":"Dagger Spray","floor":4.0},{"not_picked":["Prepared","Blur"],"picked":"Catalyst","floor":5.0},{"not_picked":["Backflip","Quick Slash","Prepared"],"picked":"SKIP","floor":7.0},{"not_picked":["Sucker Punch","Dash","Dagger Spray"],"picked":"SKIP","floor":12.0},{"not_picked":["Quick Slash","Wraith Form v2","Calculated Gamble"],"picked":"SKIP","floor":14.0},{"not_picked":["Burst","Grand Finale"],"picked":"Corpse Explosion","floor":16.0},{"not_picked":["Endless Agony","Concentrate"],"picked":"Calculated Gamble","floor":18.0},{"not_picked":["Backstab","Deflect"],"picked":"Deadly Poison","floor":21.0},{"not_picked":["Cloak And Dagger","Quick Slash","Underhanded Strike"],"picked":"SKIP","floor":27.0},{"not_picked":["Dagger Throw","Acrobatics","Slice"],"picked":"SKIP","floor":29.0},{"not_picked":["Concentrate","Calculated Gamble+1"],"picked":"Bouncing Flask+1","floor":31.0},{"not_picked":["Glass Knife","Venomology"],"picked":"Wraith Form v2","floor":33.0},{"not_picked":["Poisoned Stab+1","All Out Attack+1"],"picked":"Leg Sweep","floor":35},{"not_picked":["Well Laid Plans","Footwork","Choke+1"],"picked":"SKIP","floor":37},{"not_picked":["Bouncing Flask","Poisoned Stab","Underhanded Strike+1"],"picked":"SKIP","floor":39}],"player_experience":587123,"relics_obtained":[{"floor":9.0,"key":"Ninja Scroll"},{"floor":27.0,"key":"Mercury Hourglass"},{"floor":28.0,"key":"Pear"}],"event_choices":[{"damage_healed":0.0,"max_hp_gain":0.0,"max_hp_loss":0.0,"gold_gain":75.0,"event_name":"betterThird:BetterGoop","player_choice":"Gold","floor":10.0,"gold_loss":0.0,"damage_taken":11.0},{"damage_healed":0.0,"max_hp_gain":0.0,"max_hp_loss":6.0,"gold_gain":0.0,"event_name":"Golden Idol","player_choice":"Lose Max HP","floor":11.0,"gold_loss":0.0,"damage_taken":0.0,"relics_obtained":["Golden Idol"]},{"damage_healed":0.0,"max_hp_gain":0.0,"max_hp_loss":0.0,"gold_gain":0.0,"event_name":"The Woman in Blue","player_choice":"Bought 1 Potion","floor":20.0,"gold_loss":0.0,"damage_taken":0.0},{"damage_healed":0.0,"max_hp_gain":0.0,"max_hp_loss":0.0,"gold_gain":0.0,"event_name":"Cursed Tome","player_choice":"Ignored","floor":24.0,"gold_loss":0.0,"damage_taken":0.0},{"damage_healed":0,"gold_gain":0,"player_choice":"Ignored","damage_taken":0,"max_hp_gain":0,"max_hp_loss":0,"event_name":"Tomb of Lord Red Mask","floor":36,"gold_loss":0},{"damage_healed":0,"gold_gain":0,"player_choice":"Memory 1","damage_taken":0,"max_hp_gain":0,"max_hp_loss":0,"event_name":"SensoryStone","floor":38,"gold_loss":0},{"cards_removed":["Strike_G"],"damage_healed":0,"gold_gain":0,"player_choice":"Removed Attack","damage_taken":0,"max_hp_gain":0,"max_hp_loss":0,"event_name":"Falling","floor":41,"gold_loss":0}],"is_beta":false,"boss_relics":[{"not_picked":["Fusion Hammer","HoveringKite"],"picked":"Philosopher\u0027s Stone"},{"not_picked":["Pandora\u0027s Box","Tiny House"],"picked":"Black Star"}],"items_purged_floors":[19],"is_endless":false,"potions_floor_spawned":[1,5,14,33,37],"killed_by":"Reptomancer","ascension_level":20}}