{"host":"ynimr9ugvc6f046i","time":1611937692,"event":{"mods":["2.2 Compatiblity","BaseMod","Colored Map","DeckTracker","Highlight Path","Keyboard Shortcuts","Minty Spire (QoL Compilation)","Permanent Neow","Quick Restart","StSLib","SuperFastMode"],"gold_per_floor":[111,111,36,50,67,97,97,172,172,201,212,227,227,245,245,322,322,334,347,363,363,363,363,363],"floor_reached":23,"language":"KOR","playtime":472,"items_purged":["Defend_P"],"score":506,"play_id":"b86f6f7f-0005-4559-8ded-0dc3e5c42d0e","local_time":"20210130012812","is_ascension_mode":true,"campfire_choices":[{"data":"Eruption","floor":7.0,"key":"SMITH"},{"data":"Vault","floor":13.0,"key":"SMITH"},{"data":"CrushJoints","floor":15.0,"key":"SMITH"}],"circlet_count":0,"master_deck":["AscendersBane","Strike_P","Defend_P","Defend_P","Eruption+1","Vigilance","Vault+1","WheelKick","CarveReality","TalkToTheHand","CrushJoints+1","Scrawl","SashWhip","FearNoEvil"],"relics":["PureWater","CloakClasp","Meat on the Bone","Boot","Empty Cage"],"acts_visited":["Exordium","TheCity"],"potions_floor_usage":[23],"damage_taken":[{"damage":0.0,"enemies":"Cultist","floor":1.0,"turns":4.0},{"damage":2.0,"enemies":"2 Louse","floor":4.0,"turns":4.0},{"damage":0.0,"enemies":"Jaw Worm","floor":5.0,"turns":5.0},{"damage":0.0,"enemies":"Gremlin Nob","floor":6.0,"turns":2.0},{"damage":0.0,"enemies":"Lagavulin","floor":10.0,"turns":4.0},{"damage":0.0,"enemies":"Blue Slaver","floor":11.0,"turns":2.0},{"damage":0.0,"enemies":"2 Fungi Beasts","floor":12.0,"turns":2.0},{"damage":0.0,"enemies":"Lots of Slimes","floor":14.0,"turns":3.0},{"damage":17.0,"enemies":"Hexaghost","floor":16.0,"turns":7.0},{"damage":20.0,"enemies":"3 Byrds","floor":18.0,"turns":6.0},{"damage":0.0,"enemies":"Shell Parasite","floor":19.0,"turns":6.0},{"damage":8,"enemies":"Snecko","floor":20,"turns":4},{"damage":15,"enemies":"Book of Stabbing","floor":23,"turns":5}],"seed_played":"76312784086018547","potions_obtained":[{"floor":4.0,"key":"Energy Potion"},{"floor":10.0,"key":"FearPotion"},{"floor":12.0,"key":"EssenceOfSteel"},{"floor":16.0,"key":"GamblersBrew"},{"floor":18.0,"key":"Ancient Potion"}],"is_trial":false,"path_per_floor":["M","?","$","M","M","E","R","?","T","E","M","M","R","M","R","B",null,"M","M","M","?","?","E"],"character_chosen":"WATCHER","items_purchased":[],"campfire_rested":0,"item_purchase_floors":[],"current_hp_per_floor":[61,66,66,64,64,64,64,53,53,53,53,53,53,53,53,48,67,47,47,39,39,18,3,3],"gold":363,"neow_bonus":"ONE_RANDOM_RARE_CARD","is_daily":false,"chose_seed":false,"campfire_upgraded":3,"win_rate":0.0,"timestamp":1611937692,"path_taken":["M","?","$","M","M","E","R","?","T","E","M","?","R","M","R","BOSS","M","M","M","?","?","E"],"items_purchased_type":[],"build_version":"2020-12-22","purchased_purges":1,"victory":false,"max_hp_per_floor":[68,73,73,73,73,73,73,73,73,73,73,73,73,73,73,73,73,73,73,73,73,78,78,78],"card_choices":[{"not_picked":["BowlingBash","JustLucky","Halt"],"picked":"SKIP","floor":1.0},{"not_picked":["Halt","Worship"],"picked":"WheelKick","floor":4.0},{"not_picked":["CutThroughFate","JustLucky"],"picked":"CarveReality","floor":5.0},{"not_picked":["FollowUp","DeceiveReality","Perseverance"],"picked":"SKIP","floor":6.0},{"not_picked":["SandsOfTime","SashWhip","Prostrate"],"picked":"SKIP","floor":10.0},{"not_picked":["CutThroughFate","Evaluate"],"picked":"TalkToTheHand","floor":11.0},{"not_picked":["FlyingSleeves","FlurryOfBlows"],"picked":"CrushJoints","floor":12.0},{"not_picked":["Halt","Study","Prostrate"],"picked":"SKIP","floor":14.0},{"not_picked":["Omniscience","Devotion"],"picked":"Scrawl","floor":16.0},{"not_picked":["WaveOfTheHand","CarveReality","FlyingSleeves"],"picked":"SKIP","floor":18.0},{"not_picked":["Prostrate","BattleHymn","Consecrate"],"picked":"SKIP","floor":19.0},{"not_picked":["FlyingSleeves","Evaluate","Prostrate"],"picked":"SKIP","floor":20}],"player_experience":543138,"relics_obtained":[{"floor":6.0,"key":"CloakClasp"},{"floor":9.0,"key":"Meat on the Bone"},{"floor":10.0,"key":"Boot"}],"event_choices":[{"damage_healed":0.0,"max_hp_gain":5.0,"max_hp_loss":0.0,"gold_gain":0.0,"event_name":"Big Fish","player_choice":"Donut","floor":2.0,"gold_loss":0.0,"damage_taken":0.0},{"damage_healed":0.0,"max_hp_gain":0.0,"max_hp_loss":0.0,"gold_gain":75.0,"event_name":"World of Goop","player_choice":"Gather Gold","floor":8.0,"gold_loss":0.0,"damage_taken":11.0},{"damage_healed":0,"gold_gain":0,"cards_transformed":["Strike_P","Defend_P"],"player_choice":"Became Test Subject","damage_taken":0,"max_hp_gain":0,"max_hp_loss":0,"event_name":"Drug Dealer","floor":21,"gold_loss":0,"cards_obtained":["SashWhip","FearNoEvil"]},{"damage_healed":0,"gold_gain":0,"player_choice":"Shed Blood","damage_taken":26,"max_hp_gain":5,"max_hp_loss":0,"event_name":"Forgotten Altar","floor":22,"gold_loss":0}],"is_beta":false,"boss_relics":[{"not_picked":["Snecko Eye","Sozu"],"picked":"Empty Cage"}],"items_purged_floors":[3],"is_endless":false,"potions_floor_spawned":[4,10,12,14,16,18],"killed_by":"Book of Stabbing","ascension_level":20}}