{"host":"gobyjzz6xbwq9f9i","time":1611905660,"event":{"mods":["AchievementEnabler","BaseMod","Bestiary","Colored Map","Minty Spire (QoL Compilation)","Relic Stats"],"gold_per_floor":[111,128,142,142,162,203,203,241,323,126,126,126,141,162,162,283,283,296,211,232,247,247,247,290,290,344,94,133,162,37,67,67,196,196,209,248,158,182,207,207,243,243,279,70,91,127,161,170,170,170],"floor_reached":51,"language":"ENG","playtime":2980,"items_purged":["Strike_B","Doubt","Strike_B","Clumsy"],"score":1464,"play_id":"e869caee-7bc0-41c3-b202-3ba621f9ecd3","local_time":"20210128233420","is_ascension_mode":true,"campfire_choices":[{"data":"Defragment","floor":7,"key":"SMITH"},{"data":"Coolheaded","floor":12,"key":"SMITH"},{"data":"Creative AI","floor":15,"key":"SMITH"},{"data":"Ghostly","floor":23,"key":"SMITH"},{"data":"Loop","floor":25,"key":"SMITH"},{"data":"Ghostly","floor":32,"key":"SMITH"},{"data":"Biased Cognition","floor":40,"key":"SMITH"},{"data":"Ghostly","floor":42,"key":"SMITH"},{"floor":49,"key":"REST"}],"circlet_count":0,"master_deck":["AscendersBane","Defend_B","Defend_B","Defend_B","Defend_B","Zap","Dualcast","Cold Snap","Ball Lightning","Defragment+1","Steam","Ball Lightning","Creative AI+1","Glacier","Coolheaded+1","Hologram","Skim","Amplify","Turbo","Coolheaded","Loop+1","Ghostly+1","Ghostly+1","Ghostly+1","Ghostly","Ghostly","Reinforced Body+1","White Noise+1","Heatsinks+1","Echo Form","Biased Cognition+1","Self Repair","Coolheaded+1","Capacitor","Blizzard+1","Capacitor"],"relics":["Cracked Core","Golden Idol","Happy Flower","Pocketwatch","Meat on the Bone","PreservedInsect","Cursed Key","Prayer Wheel","Blue Candle","Nunchaku","DataDisk","CeramicFish","SlaversCollar","Art of War","Toy Ornithopter","Smiling Mask"],"acts_visited":["Exordium","TheCity","TheBeyond"],"potions_floor_usage":[16,50,50,50],"damage_taken":[{"damage":2,"enemies":"Jaw Worm","floor":1,"turns":4},{"damage":4,"enemies":"2 Louse","floor":2,"turns":3},{"damage":0,"enemies":"Cultist","floor":3,"turns":3},{"damage":6,"enemies":"Looter","floor":5,"turns":3},{"damage":6,"enemies":"Lagavulin","floor":6,"turns":6},{"damage":11,"enemies":"3 Sentries","floor":8,"turns":5},{"damage":0,"enemies":"Exordium Thugs","floor":13,"turns":3},{"damage":0,"enemies":"2 Fungi Beasts","floor":14,"turns":4},{"damage":2,"enemies":"Hexaghost","floor":16,"turns":9},{"damage":27,"enemies":"2 Thieves","floor":18,"turns":4},{"damage":2,"enemies":"Chosen","floor":20,"turns":6},{"damage":23,"enemies":"3 Cultists","floor":21,"turns":7},{"damage":0,"enemies":"Book of Stabbing","floor":24,"turns":6},{"damage":0,"enemies":"Slavers","floor":28,"turns":6},{"damage":3,"enemies":"Snake Plant","floor":29,"turns":4},{"damage":0,"enemies":"Centurion and Healer","floor":31,"turns":8},{"damage":0,"enemies":"Champ","floor":33,"turns":11},{"damage":1,"enemies":"3 Shapes","floor":35,"turns":6},{"damage":25,"enemies":"Orb Walker","floor":36,"turns":5},{"damage":0,"enemies":"Spire Growth","floor":38,"turns":7},{"damage":0,"enemies":"Writhing Mass","floor":39,"turns":6},{"damage":0,"enemies":"Nemesis","floor":41,"turns":7},{"damage":0,"enemies":"Jaw Worm Horde","floor":45,"turns":6},{"damage":0,"enemies":"Giant Head","floor":46,"turns":8},{"damage":18,"enemies":"Spire Growth","floor":47,"turns":6},{"damage":0,"enemies":"Awakened One","floor":50,"turns":6}],"seed_played":"759032479066978654","potions_obtained":[{"floor":1,"key":"SteroidPotion"},{"floor":8,"key":"Energy Potion"},{"floor":13,"key":"Weak Potion"},{"floor":18,"key":"FocusPotion"},{"floor":31,"key":"Swift Potion"},{"floor":35,"key":"DuplicationPotion"}],"is_trial":false,"path_per_floor":["M","M","M","?","M","E","R","E","T","$","?","R","M","M","R","B",null,"M","?","M","M","?","R","E","R","T","$","E","M","$","M","R","B",null,"M","M","?","M","M","R","E","R","T","$","M","E","M","?","R","B",null],"character_chosen":"DEFECT","items_purchased":["Glacier","Coolheaded","DataDisk","Capacitor"],"campfire_rested":1,"item_purchase_floors":[10,10,27,44],"current_hp_per_floor":[73,69,69,69,63,57,57,46,46,46,28,28,40,40,40,50,70,43,43,41,30,30,30,30,30,30,30,30,27,27,27,27,27,35,34,21,21,28,38,38,38,38,38,38,38,38,27,27,38,38],"gold":170,"neow_bonus":"TEN_PERCENT_HP_BONUS","is_daily":false,"chose_seed":false,"campfire_upgraded":8,"win_rate":0.0,"timestamp":1611905660,"path_taken":["M","M","M","?","M","E","R","E","T","$","?","R","M","M","R","BOSS","M","?","M","M","?","R","E","R","T","$","E","M","$","M","R","BOSS","M","M","?","M","?","R","E","R","T","$","M","E","M","?","R","BOSS"],"items_purchased_type":["Card","Card","Relic","Card"],"build_version":"2020-12-22","purchased_purges":4,"victory":true,"max_hp_per_floor":[82,82,82,76,76,76,76,76,76,76,76,76,76,76,76,76,76,76,76,76,76,38,38,38,38,38,38,38,38,38,38,38,38,38,38,38,38,38,38,38,38,38,38,38,38,38,38,38,38,38],"relic_stats":{"Happy Flower":[43],"counters":[26,144],"Golden Idol":173,"Blue Candle":[0],"CeramicFish":90,"PreservedInsect":263,"Cursed Key":2,"Smiling Mask":0,"Nunchaku":[6],"Prayer Wheel":10,"Art of War":[12],"obtain_stats":[{"Happy Flower":6,"Golden Idol":4,"Blue Candle":24,"CeramicFish":28,"PreservedInsect":11,"Cursed Key":17,"Smiling Mask":46,"SlaversCollar":34,"Nunchaku":26,"DataDisk":27,"Prayer Wheel":19,"Art of War":41,"Cracked Core":0,"Toy Ornithopter":43,"Pocketwatch":8,"Meat on the Bone":9},{"Happy Flower":5,"Golden Idol":3,"Blue Candle":13,"CeramicFish":14,"PreservedInsect":6,"Cursed Key":9,"Smiling Mask":24,"SlaversCollar":17,"Nunchaku":13,"DataDisk":13,"Prayer Wheel":10,"Art of War":22,"Cracked Core":0,"Toy Ornithopter":22,"Pocketwatch":6,"Meat on the Bone":6},{"Happy Flower":19,"Golden Idol":10,"Blue Candle":63,"CeramicFish":68,"PreservedInsect":24,"Cursed Key":40,"Smiling Mask":133,"SlaversCollar":91,"Nunchaku":63,"DataDisk":63,"Prayer Wheel":44,"Art of War":119,"Cracked Core":0,"Toy Ornithopter":119,"Pocketwatch":24,"Meat on the Bone":24}],"Toy Ornithopter":0,"Pocketwatch":[110],"Meat on the Bone":48},"card_choices":[{"not_picked":["FTL","Defragment"],"picked":"Cold Snap","floor":1},{"not_picked":["Steam","Glacier"],"picked":"Ball Lightning","floor":2},{"not_picked":["Stack","Streamline"],"picked":"Defragment","floor":3},{"not_picked":["Skim","Stack"],"picked":"Steam","floor":5},{"not_picked":["Melter","Coolheaded"],"picked":"Ball Lightning","floor":6},{"not_picked":["Leap","Reprogram"],"picked":"Creative AI","floor":8},{"not_picked":["Stack","Conserve Battery"],"picked":"Hologram","floor":13},{"not_picked":["Scrape","Storm"],"picked":"Skim","floor":14},{"not_picked":["Machine Learning","Hyperbeam"],"picked":"Amplify","floor":16},{"not_picked":["Loop","Compile Driver"],"picked":"Turbo","floor":18},{"not_picked":["Scrape","Hyperbeam"],"picked":"Coolheaded","floor":20},{"not_picked":["Beam Cell","Ball Lightning","Darkness"],"picked":"SKIP","floor":20},{"not_picked":["Turbo+1","Beam Cell+1"],"picked":"Loop","floor":21},{"not_picked":["Barrage","Streamline","Darkness"],"picked":"SKIP","floor":21},{"not_picked":["Doom and Gloom","Conserve Battery"],"picked":"Reinforced Body+1","floor":24},{"not_picked":["Streamline","Sweeping Beam","Chaos"],"picked":"SKIP","floor":28},{"not_picked":["Conserve Battery+1","Consume+1"],"picked":"White Noise+1","floor":29},{"not_picked":["Redo","Beam Cell+1","Hologram"],"picked":"SKIP","floor":29},{"not_picked":["Hologram+1","Streamline"],"picked":"Heatsinks","floor":31},{"not_picked":["Sweeping Beam","Auto Shields","Tempest"],"picked":"SKIP","floor":31},{"not_picked":["Biased Cognition","Reboot"],"picked":"Echo Form","floor":33},{"not_picked":["Barrage+1","Cold Snap+1","Compile Driver"],"picked":"SKIP","floor":35},{"not_picked":["Ball Lightning+1","Turbo+1","Conserve Battery"],"picked":"SKIP","floor":35},{"not_picked":["Beam Cell+1","Gash"],"picked":"Biased Cognition","floor":36},{"not_picked":["Conserve Battery","Coolheaded+1"],"picked":"Self Repair","floor":36},{"not_picked":["Beam Cell+1","Redo+1"],"picked":"Coolheaded+1","floor":38},{"not_picked":["Turbo","Rebound+1","Sweeping Beam"],"picked":"SKIP","floor":38},{"not_picked":["Coolheaded","Compile Driver+1","Ball Lightning"],"picked":"SKIP","floor":39},{"not_picked":["Turbo","Compile Driver","Sweeping Beam"],"picked":"SKIP","floor":39},{"not_picked":["Steam+1","Ball Lightning","Redo+1"],"picked":"SKIP","floor":41},{"not_picked":["Melter+1","Redo+1","Compile Driver+1"],"picked":"SKIP","floor":45},{"not_picked":["Echo Form","Loop","Compile Driver+1"],"picked":"SKIP","floor":45},{"not_picked":["Cold Snap+1","Beam Cell+1","Go for the Eyes"],"picked":"SKIP","floor":46},{"not_picked":["Reprogram+1","Ball Lightning"],"picked":"Blizzard+1","floor":47},{"not_picked":["Stack+1","Lockon+1","Redo+1"],"picked":"SKIP","floor":47}],"player_experience":1198140,"relics_obtained":[{"floor":6,"key":"Happy Flower"},{"floor":8,"key":"Pocketwatch"},{"floor":9,"key":"Meat on the Bone"},{"floor":24,"key":"Blue Candle"},{"floor":26,"key":"Nunchaku"},{"floor":28,"key":"CeramicFish"},{"floor":41,"key":"Art of War"},{"floor":43,"key":"Toy Ornithopter"},{"floor":46,"key":"Smiling Mask"}],"event_choices":[{"damage_healed":0,"gold_gain":0,"player_choice":"Lose Max HP","damage_taken":0,"relics_obtained":["Golden Idol"],"max_hp_gain":0,"max_hp_loss":6,"event_name":"Golden Idol","floor":4,"gold_loss":0},{"damage_healed":0,"gold_gain":0,"player_choice":"Success","damage_taken":18,"relics_obtained":["PreservedInsect"],"max_hp_gain":0,"max_hp_loss":0,"event_name":"Scrap Ooze","floor":11,"gold_loss":0},{"damage_healed":0,"gold_gain":0,"player_choice":"Obtained Relic","damage_taken":0,"relics_obtained":["Prayer Wheel"],"max_hp_gain":0,"max_hp_loss":0,"event_name":"Addict","floor":19,"gold_loss":85},{"damage_healed":0,"gold_gain":0,"player_choice":"Became a Ghost","damage_taken":0,"max_hp_gain":0,"max_hp_loss":38,"event_name":"Ghosts","floor":22,"gold_loss":0,"cards_obtained":["Ghostly","Ghostly","Ghostly","Ghostly","Ghostly"]},{"cards_removed":["Strike_B"],"damage_healed":0,"gold_gain":0,"player_choice":"Upgrade and Remove","damage_taken":0,"max_hp_gain":0,"max_hp_loss":0,"event_name":"Designer","floor":37,"gold_loss":90,"cards_upgraded":["Heatsinks"]},{"damage_healed":0,"gold_gain":0,"cards_transformed":["Strike_B"],"player_choice":"Transformed","damage_taken":0,"max_hp_gain":0,"max_hp_loss":0,"event_name":"Transmorgrifier","floor":48,"gold_loss":0,"cards_obtained":["Capacitor"]}],"is_beta":false,"boss_relics":[{"not_picked":["Velvet Choker","Empty Cage"],"picked":"Cursed Key"},{"not_picked":["Sozu","Calling Bell"],"picked":"SlaversCollar"}],"items_purged_floors":[10,27,30,44],"is_endless":false,"potions_floor_spawned":[1,8,13,14,18,20,31,33,35,38,41,47],"ascension_level":10}}