{"host":"og21o26alpnbwmz8","time":1611933910,"event":{"mods":["Act Like it!","Aspiration","BaseMod","Conspire","Downfall","Halation","Hallownest","Hubris","Jedi Mod","Mimic Mod","Minty Spire (QoL Compilation)","Pale of the Ancients","Replay The Spire","Shop Mod","Spikes Relics","StSLib","The Administrix","The Alterego","The Blue Laboratory","The Bug Knight","The Death Knight","The Problem Sleuth","The Wild Card","Waifu the Spire"],"gold_per_floor":[99,99,99,99,99,9,33,33,51,51,78,78,109,109,126,126,126,126],"floor_reached":16,"language":"ENG","playtime":555,"items_purged":["Pain"],"score":104,"play_id":"9fdffc06-9463-40cb-8ad3-d50d6241c14f","local_time":"20210129102510","is_ascension_mode":false,"campfire_choices":[{"data":"sneckomod:TailWhip","floor":1.0,"key":"SMITH"},{"data":"sneckomod:WideSting","floor":12,"key":"SMITH"}],"circlet_count":0,"master_deck":["sneckomod:Strike","sneckomod:Strike","sneckomod:Strike","sneckomod:Defend+1","sneckomod:Defend","sneckomod:Defend+1","sneckomod:TailWhip+1","sneckomod:SnekBite","sneckomod:Unknown","sneckomod:Unknown","sneckomod:QuickBite","sneckomod:RainOfDice","sneckomod:UnknownClassBUGKNIGHT_GRAY_COLOR","sneckomod:WideSting+1","Footwork"],"relics":["sneckomod:SneckoSoul","downfall:HeartsMalice","WarpedTongs","sneckomod:SneckoCommon","Darkstone Periapt","HollowMod:LifeEnderRelic","War Paint","halation:PinkSoulGem"],"acts_visited":["Exordium"],"potions_floor_usage":[11],"damage_taken":[{"damage":0.0,"enemies":"conspire:RoseBush","floor":2.0,"turns":1.0},{"damage":0.0,"enemies":"Jaw Worm","floor":4.0,"turns":1.0},{"damage":0.0,"enemies":"Small Slimes","floor":5.0,"turns":1.0},{"damage":5.0,"enemies":"downfall:FleeingMerchant","floor":6.0,"turns":4.0},{"damage":12.0,"enemies":"Blue Slaver","floor":9.0,"turns":2.0},{"damage":18,"enemies":"3 Sentries","floor":11,"turns":5},{"damage":1,"enemies":"Replay:BlueRogue","floor":13,"turns":4},{"damage":1,"enemies":"Large Slime","floor":15,"turns":4},{"damage":27,"enemies":"IC_STATUS_ARCHETYPE","floor":16,"turns":5}],"seed_played":"6764355172213804423","potions_obtained":[{"floor":9.0,"key":"Adrenaline Potion"},{"floor":11,"key":"LiquidBronze"},{"floor":13,"key":"bronze:BurnAndBuffPotion"},{"floor":15,"key":"Energy Potion"}],"is_trial":false,"path_per_floor":["R","M","?","M","M","$","T","?","M","R","E","R","E","?","M","B"],"character_chosen":"THE_SNECKO","items_purchased":[],"campfire_rested":0,"item_purchase_floors":[],"current_hp_per_floor":[90,90,90,90,90,88,88,88,76,76,58,58,57,57,56,29,29,29],"gold":126,"neow_bonus":"THREE_ENEMY_KILL","is_daily":false,"chose_seed":false,"campfire_upgraded":2,"win_rate":0.0,"timestamp":1611933910,"path_taken":["R","M","?","?","M","$","T","?","M","R","E","R","E","?","M","BOSS"],"items_purchased_type":[],"build_version":"2020-12-22","purchased_purges":1,"victory":false,"max_hp_per_floor":[90,90,90,90,90,90,90,90,90,90,90,90,90,90,90,90,90,90],"card_choices":[{"not_picked":["sneckomod:UnknownBlock","sneckomod:UnknownCommonAttack"],"picked":"sneckomod:QuickBite","floor":2.0},{"not_picked":["sneckomod:ImprovisedAttack","sneckomod:QuickBite"],"picked":"sneckomod:RainOfDice","floor":4.0},{"not_picked":["sneckomod:UnendingSupply","sneckomod:ImprovisedGuard","sneckomod:Unknown1Cost"],"picked":"SKIP","floor":5.0},{"not_picked":["sneckomod:UnknownWeak","sneckomod:DefensiveFlair","sneckomod:Unknown0Cost"],"picked":"SKIP","floor":6.0},{"not_picked":["sneckomod:MasterEye","sneckomod:QuickMove"],"picked":"sneckomod:UnknownDexterity","floor":8.0},{"not_picked":["sneckomod:UnknownUncommonPower","sneckomod:UnknownCommonAttack"],"picked":"sneckomod:WideSting","floor":9.0},{"not_picked":["sneckomod:IronFang","sneckomod:TrashToTreasure","sneckomod:ImprovisedAttack"],"picked":"SKIP","floor":11},{"not_picked":["sneckomod:SerpentIdol","sneckomod:QuickBite","sneckomod:Nope"],"picked":"SKIP","floor":13},{"not_picked":["sneckomod:WideSting","sneckomod:UnknownClassDEATH_KNIGHT_COLOR","sneckomod:ImprovisedAttack"],"picked":"SKIP","floor":15}],"player_experience":230387,"relics_obtained":[{"floor":7.0,"key":"sneckomod:SneckoCommon"},{"floor":8.0,"key":"Darkstone Periapt"},{"floor":11,"key":"HollowMod:LifeEnderRelic"},{"floor":13,"key":"War Paint"}],"event_choices":[{"damage_healed":0.0,"max_hp_gain":0.0,"max_hp_loss":0.0,"gold_gain":0.0,"event_name":"Accursed Blacksmith","player_choice":"Rummage","floor":3.0,"gold_loss":0.0,"damage_taken":0.0,"relics_obtained":["WarpedTongs"],"cards_obtained":["Pain"]}],"is_beta":false,"boss_relics":[],"items_purged_floors":[6],"is_endless":false,"potions_floor_spawned":[9,11,13,15],"killed_by":"IC_STATUS_ARCHETYPE","ascension_level":0}}