{"host":"usru02jcpe2a942d","time":1611918883,"event":{"mods":["Act Like it!","BaseMod","Colored Powertips","GifTheSpireLib","Highlight Path","Hubris","Infinite Spire","Minty Spire (QoL Compilation)","MostiFishMod","Quick Restart","Relic Stats","RumiaBox-露米娅的神秘盒子","StSLib","The Dragon Tamer","noobMod","【遗物卡牌】REMEMod","篝火指南"],"gold_per_floor":[116,41,52,52,127,127,140,140,140,140,160,160,173,208,13,113,113,131,151,151,76,76,95,105,105,105,105,123,123,151,166,166,267,267,283,302,314,314,0,25,25,37,37,88,88,88,88],"floor_reached":45,"language":"ZHS","playtime":2254,"items_purged":["DTMod:Strike","DTMod:BurningEnergy","DTMod:Strike"],"score":640,"play_id":"4711d517-49aa-4b0f-b3ab-a3098a616c13","local_time":"20210129191443","is_ascension_mode":false,"metric_token":1111,"campfire_choices":[{"data":"DTMod:DoubleHit","floor":6,"key":"SMITH"},{"data":"DTMod:Adaptation","floor":12,"key":"SMITH"},{"data":"DTMod:ForkedFire","floor":25,"key":"SMITH"},{"data":"DTMod:Inferno","floor":27,"key":"SMITH"},{"data":"RitualDagger","floor":29,"key":"SMITH"},{"data":"DTMod:DragonDance","floor":32,"key":"SMITH"}],"dtmod_dragon_data":[0,56,0,2,0,4],"circlet_count":0,"master_deck":["DTMod:DoubleHit+1","DTMod:TargetDefense+1","DTMod:TargetDefense+1","DTMod:TargetDefense","DTMod:SwitchingTactic","MostiFishMod:NewArrival","DTMod:Adaptation+1","DTMod:Weaken+1","DTMod:Inferno+1","DTMod:ForkedFire+1","DTMod:Training+1","RitualDagger+1","Necronomicurse","DTMod:DragonDance+1","DTMod:Astonish","DTMod:Training+1","DTMod:Adaptation","DTMod:Training+1","DTMod:EchoTactic+1","DTMod:BalancedStrike+1","REME_WheelOfFate","DTMod:Hide+1","Madness","Madness","DTMod:BurningForce+1"],"relics":["DTMod:PactStone","DaveBox","ice","REME_ComplimentaryCards","RhineCircuit","SynthV:TestCard","hubris:Icosahedron","Bronze Scales","Centennial Puzzle","Membership Card","Empty Cage","Necronomicon","InkBottle","Strawberry","hubris:Backtick","MetatronsCube","War Paint","Civilization","Pear","Sundial","Akabeko"],"acts_visited":["Exordium","TheCity","TheBeyond"],"potions_floor_usage":[14,14,33,33,33,40,40,40],"damage_taken":[{"damage":0.0,"enemies":"2 Louse","floor":1.0,"turns":2.0},{"damage":0,"enemies":"Small Slimes","floor":3,"turns":2},{"damage":0,"enemies":"Cultist","floor":7,"turns":2},{"damage":0,"enemies":"Exordium Wildlife","floor":11,"turns":2},{"damage":21,"enemies":"Large Slime","floor":13,"turns":11},{"damage":9,"enemies":"3 Sentries","floor":14,"turns":7},{"damage":1,"enemies":"The Guardian","floor":16,"turns":11},{"damage":0,"enemies":"Shell Parasite","floor":18,"turns":4},{"damage":0,"enemies":"2 Thieves","floor":19,"turns":2},{"damage":0,"enemies":"Centurion and Healer","floor":23,"turns":2},{"damage":4,"enemies":"Snecko","floor":24,"turns":3},{"damage":0,"enemies":"3 Cultists","floor":28,"turns":2},{"damage":0,"enemies":"Book of Stabbing","floor":30,"turns":3},{"damage":1,"enemies":"Cultist and Chosen","floor":31,"turns":2},{"damage":0,"enemies":"Champ","floor":33,"turns":6},{"damage":0,"enemies":"3 Shapes","floor":35,"turns":2},{"damage":0,"enemies":"Orb Walker","floor":36,"turns":2},{"damage":0,"enemies":"3 Darklings","floor":37,"turns":1},{"damage":18,"enemies":"Nemesis","floor":40,"turns":7},{"damage":0,"enemies":"Sphere and 2 Shapes","floor":42,"turns":2},{"damage":0,"enemies":"Writhing Mass","floor":45,"turns":3}],"seed_played":"-1074906637541074858","potions_obtained":[{"floor":1,"key":"CultistPotion"},{"floor":11,"key":"LiquidBronze"},{"floor":14,"key":"REME_GoldPotion"},{"floor":19,"key":"Dexterity Potion"},{"floor":23,"key":"CultistPotion"},{"floor":24,"key":"Weak Potion"},{"floor":30,"key":"BlessingOfTheForge"},{"floor":33,"key":"Regen Potion"},{"floor":35,"key":"EssenceOfSteel"},{"floor":36,"key":"Block Potion"},{"floor":42,"key":"ColorlessPotion"}],"is_trial":false,"path_per_floor":["M","$","M","?","?","R","M","?","T","?","M","R","M","E","R","B",null,"M","M","?","?","?","M","M","R","T","R","M","R","E","M","R","B",null,"M","M","M","?","$","E","?","M","T","T","M"],"character_chosen":"THE_DT","items_purchased":["Membership Card","War Paint","Civilization","REME_WheelOfFate"],"campfire_rested":0,"item_purchase_floors":[15,39,39,39],"current_hp_per_floor":[49,49,49,49,38,38,38,28,28,28,28,28,7,45,45,44,59,59,59,53,53,37,37,33,33,33,33,33,33,40,39,39,39,72,72,72,72,72,72,65,54,58,58,58,58,58,58],"gold":88,"neow_bonus":"TEN_PERCENT_HP_BONUS","is_daily":false,"chose_seed":false,"campfire_upgraded":6,"win_rate":0.0,"timestamp":1611918883,"path_taken":["M","$","M","?","?","R","M","?","T","?","?","R","M","E","R","BOSS","M","M","?","?","?","M","M","R","T","R","M","R","E","M","R","BOSS","M","M","M","?","?","E","?","?","T","?","?"],"items_purchased_type":["Relic","Relic","Relic","Card"],"build_version":"2020-12-22","purchased_purges":3,"victory":false,"max_hp_per_floor":[49,49,49,49,49,49,49,49,49,49,49,49,49,50,50,59,59,59,59,59,59,59,60,61,61,61,61,61,61,70,72,72,72,72,72,72,72,72,72,86,86,91,91,91,92,92,92],"relic_stats":{"Centennial Puzzle":[9],"counters":[21,77],"Sundial":[0],"Bronze Scales":[69],"Necronomicon":[17],"War Paint":["DTMod:EchoTactic","DTMod:Weaken"],"obtain_stats":[{"Pear":40,"DaveBox":0,"ice":0,"War Paint":39,"Empty Cage":17,"Akabeko":44,"RhineCircuit":0,"Civilization":39,"Centennial Puzzle":14,"SynthV:TestCard":1,"hubris:Icosahedron":4,"hubris:Backtick":34,"DTMod:PactStone":0,"Sundial":43,"Bronze Scales":9,"Strawberry":30,"Necronomicon":22,"Membership Card":15,"InkBottle":26,"REME_ComplimentaryCards":0,"MetatronsCube":34},{"Pear":19,"DaveBox":0,"ice":0,"War Paint":18,"Empty Cage":7,"Akabeko":20,"RhineCircuit":0,"Civilization":18,"Centennial Puzzle":6,"SynthV:TestCard":1,"hubris:Icosahedron":2,"hubris:Backtick":15,"DTMod:PactStone":0,"Sundial":20,"Bronze Scales":3,"Strawberry":13,"Necronomicon":9,"Membership Card":6,"InkBottle":11,"REME_ComplimentaryCards":0,"MetatronsCube":15},{"Pear":73,"DaveBox":0,"ice":0,"War Paint":66,"Empty Cage":37,"Akabeko":75,"RhineCircuit":0,"Civilization":66,"Centennial Puzzle":26,"SynthV:TestCard":2,"hubris:Icosahedron":4,"hubris:Backtick":61,"DTMod:PactStone":0,"Sundial":75,"Bronze Scales":6,"Strawberry":53,"Necronomicon":43,"Membership Card":26,"InkBottle":48,"REME_ComplimentaryCards":0,"MetatronsCube":61}],"InkBottle":[12]},"card_choices":[{"not_picked":["DTMod:Conduct","DTMod:MasterPlan","DTMod:StarRain"],"picked":"SKIP","floor":1},{"not_picked":["DTMod:MaximumCharge","DTMod:MagicField","DTMod:Haste","DTMod:Cover"],"picked":"DTMod:Adaptation","floor":3},{"not_picked":["DTMod:Adaptation","DTMod:LastStand","DTMod:MasterPlan","DTMod:Punisher"],"picked":"DTMod:BurningEnergy","floor":7},{"not_picked":["DTMod:Hide","DTMod:Punisher","DTMod:ShieldDrain","DTMod:HeatWave"],"picked":"DTMod:BurningEnergy","floor":11},{"not_picked":["DTMod:CrossStep","DTMod:TauntingStrike","DTMod:ForkedFire","DTMod:LowKick","DTMod:MaximumCharge"],"picked":"SKIP","floor":13},{"not_picked":["DTMod:CrossStep","DTMod:TauntingStrike","DTMod:ForkedFire","DTMod:LowKick","DTMod:MaximumCharge"],"picked":"SKIP","floor":13},{"not_picked":["DTMod:DeepFocus","DTMod:LastStand","DTMod:QuickFly","DTMod:TauntingStrike"],"picked":"DTMod:Weaken","floor":14},{"not_picked":["DTMod:FierySynthesis","DTMod:RepeatStrike","DTMod:OpeningTactic","DTMod:SealedStrike"],"picked":"DTMod:Inferno","floor":16},{"not_picked":["DTMod:BlazingStrike","DTMod:BuildUp","DTMod:FlameSlash","DTMod:MagicField+1"],"picked":"DTMod:ForkedFire","floor":18},{"not_picked":["DTMod:BuildUp","DTMod:DarkBreath","DTMod:SneakAttack","DTMod:GhostSkin"],"picked":"DTMod:Training+1","floor":19},{"not_picked":["DTMod:BizarreTactic","DTMod:InvisibleFlame+1","DTMod:Threaten","DTMod:Punisher"],"picked":"DTMod:DragonDance","floor":23},{"not_picked":["DTMod:Threaten","DTMod:MagicField+1","DTMod:HeatWave+1","DTMod:MasterPlan"],"picked":"DTMod:Astonish","floor":24},{"not_picked":["DTMod:BuildUp+1","DTMod:BizarreTactic","DTMod:CleansingStrike+1","DTMod:Feint+1"],"picked":"DTMod:Training+1","floor":28},{"not_picked":["DTMod:Haste","DTMod:Hide","DTMod:Feint","DTMod:Punisher"],"picked":"DTMod:Adaptation","floor":30},{"not_picked":["DTMod:MaximumCharge","DTMod:FlameSlash","DTMod:Hide","DTMod:Multitask"],"picked":"DTMod:Training+1","floor":31},{"not_picked":["DTMod:Prediction","DTMod:OpeningTactic","DTMod:Multitask","DTMod:Harmonize"],"picked":"DTMod:EchoTactic","floor":33},{"not_picked":["DTMod:BuildUp+1","DTMod:ComboAttack","DTMod:BlazingStrike+1","DTMod:Feint"],"picked":"DTMod:BalancedStrike+1","floor":35},{"not_picked":["DTMod:BizarreTactic","DTMod:DarkBreath+1","DTMod:TagTeam","DTMod:Adaptation+1","DTMod:Feint+1"],"picked":"SKIP","floor":36},{"not_picked":["DTMod:Punisher","DTMod:BlueScale+1","DTMod:LowKick+1","DTMod:Feint","DTMod:Threaten"],"picked":"SKIP","floor":37},{"not_picked":["DTMod:MagicField","DTMod:SneakAttack+1","DTMod:Haste","DTMod:DeepFocus"],"picked":"DTMod:Hide+1","floor":40},{"not_picked":["DTMod:RepeatStrike","DTMod:HeatWave","DTMod:PurifyingFlame+1","DTMod:MagicField"],"picked":"DTMod:BurningForce+1","floor":42}],"player_experience":230329,"relics_obtained":[{"floor":1,"key":"SynthV:TestCard"},{"floor":9,"key":"Bronze Scales"},{"floor":14,"key":"Centennial Puzzle"},{"floor":22,"key":"Necronomicon"},{"floor":26,"key":"InkBottle"},{"floor":30,"key":"Strawberry"},{"floor":40,"key":"Pear"},{"floor":43,"key":"Sundial"},{"floor":44,"key":"Akabeko"}],"event_choices":[{"damage_healed":0,"gold_gain":75,"player_choice":"Gather Gold","damage_taken":11,"max_hp_gain":0,"max_hp_loss":0,"event_name":"World of Goop","floor":5,"gold_loss":0},{"damage_healed":0,"gold_gain":0,"player_choice":"Entered Light","damage_taken":10,"max_hp_gain":0,"max_hp_loss":0,"event_name":"Shining Light","floor":8,"gold_loss":0,"cards_upgraded":["DTMod:TargetDefense","DTMod:TargetDefense"]},{"cards_removed":["DTMod:Strike"],"damage_healed":0,"gold_gain":0,"player_choice":"Card Removal","damage_taken":0,"max_hp_gain":0,"max_hp_loss":0,"event_name":"Wheel of Change","floor":10,"gold_loss":0},{"damage_healed":0,"gold_gain":0,"player_choice":"Joined the Cult","damage_taken":6,"max_hp_gain":0,"max_hp_loss":0,"event_name":"Nest","floor":20,"gold_loss":0,"cards_obtained":["RitualDagger"]},{"cards_removed":["DTMod:TargetDefense"],"damage_healed":0,"gold_gain":0,"player_choice":"Gave Gold","damage_taken":0,"max_hp_gain":0,"max_hp_loss":0,"event_name":"Beggar","floor":21,"gold_loss":75},{"damage_healed":0,"gold_gain":0,"player_choice":"Obtained Book","damage_taken":16,"max_hp_gain":0,"max_hp_loss":0,"event_name":"Cursed Tome","floor":22,"gold_loss":0},{"cards_removed":["Doubt"],"damage_healed":0,"gold_gain":0,"player_choice":"Took Card","damage_taken":0,"max_hp_gain":0,"max_hp_loss":0,"event_name":"NoteForYourself","floor":38,"gold_loss":0,"cards_obtained":["Doubt"]},{"damage_healed":0,"gold_gain":0,"player_choice":"Embrace Madness","damage_taken":11,"max_hp_gain":0,"max_hp_loss":0,"event_name":"Winding Halls","floor":41,"gold_loss":0,"cards_obtained":["Madness","Madness"]}],"is_beta":false,"boss_relics":[{"not_picked":["TimeKeys","SacredBark"],"picked":"Empty Cage"},{"not_picked":["Philosopher\u0027s Stone","Tiny House"],"picked":"hubris:Backtick"}],"items_purged_floors":[2,15,39],"is_endless":false,"potions_floor_spawned":[1,11,14,19,23,24,30,33,35,36,42],"killed_by":"Writhing Mass","ascension_level":0}}