{"host":"609l7sx3bs4zmbf1","time":1611896306,"event":{"mods":["AchievementEnabler","Aspiration","BaseMod","Bestiary","Better Altar","Better Match","Better Note","Better Sensory Stone","Better Skull","Better Third Choice","BetterRewards","Conspire","GifTheSpireLib","Hero for Fun","Hubris","Minty Spire (QoL Compilation)","Rare Cards Sparkle","Spicy Shops","StSLib","Stuff the Spire","The Blue Laboratory","Uncapped","Waifu the Spire"],"gold_per_floor":[113,113,113,124,199,199,211,241,241,254,272,2,2,15,15,110,110,129,129,54,54,73,73,106,124,196,196,146,25,25,37,37,137,137,151,202,221,221,221,236,236,236,286,286,314,9,9,9,9,9,9,9,9,9,9],"floor_reached":54,"language":"ENG","playtime":3768,"items_purged":[],"score":906,"play_id":"fa9a81f0-60da-4c29-92de-43ae60e88457","local_time":"20210128225826","is_ascension_mode":false,"campfire_choices":[{"floor":6.0,"key":"REST"},{"floor":13.0,"key":"REST"},{"floor":15.0,"key":"RECALL"},{"data":"Demon Form","floor":23.0,"key":"SMITH"},{"floor":27.0,"key":"REST"},{"floor":32.0,"key":"REST"},{"floor":42.0,"key":"REST"},{"floor":44.0,"key":"REST"},{"floor":47.0,"key":"REST"},{"floor":49.0,"key":"REST"},{"data":"Corruption","floor":52.0,"key":"SMITH"}],"circlet_count":0,"master_deck":["Strike_R","Strike_R","Strike_R","Strike_R","Strike_R","Defend_R","Defend_R","Defend_R","Defend_R","Bash","Inflame","Carnage","Disarm+1","Clash","Perfected Strike","Twin Strike","Infernal Blade+1","Sword Boomerang","Perfected Strike","Havoc+1","Apotheosis+1","Dual Wield+1","Heavy Blade","Flame Barrier+1","Demon Form+1","Perfected Strike","Thunderclap","Dark Embrace","Exhume+1","Warcry+1","True Grit+1","Metallicize","Sunder+1","Reaper","Feed","Battle Trance+1","Seeing Red+1","Havoc+1","Parasite","StuffTheSpire:Slingshot+1","Corruption+1","Feel No Pain","AscendersBane","Juggernaut"],"relics":["Burning Blood","Mango","Toxic Egg 2","hubris:CuriousFeather","Strange Spoon","hubris:Towel","Bag of Marbles","hubris:Stopwatch","Nloth\u0027s Gift","Boot","conspire:RoyalGoblet","WingedGreaves","hubris:TinFlute","Blood Vial","Oddly Smooth Stone","StuffTheSpire:ForceGauntlet"],"acts_visited":["Exordium","TheCity","TheBeyond","TheEnding"],"potions_floor_usage":[],"damage_taken":[{"damage":6.0,"enemies":"Cultist","floor":1.0,"turns":4.0},{"damage":0.0,"enemies":"Small Slimes","floor":4.0,"turns":3.0},{"damage":5.0,"enemies":"2 Louse","floor":7.0,"turns":2.0},{"damage":24.0,"enemies":"Lagavulin","floor":8.0,"turns":4.0},{"damage":11.0,"enemies":"Large Slime","floor":10.0,"turns":2.0},{"damage":12.0,"enemies":"Blue Slaver","floor":11.0,"turns":2.0},{"damage":12.0,"enemies":"Exordium Thugs","floor":14.0,"turns":4.0},{"damage":18.0,"enemies":"Slime Boss","floor":16.0,"turns":7.0},{"damage":12.0,"enemies":"Spheric Guardian","floor":18.0,"turns":4.0},{"damage":2.0,"enemies":"3 Byrds","floor":22.0,"turns":3.0},{"damage":33.0,"enemies":"Slavers","floor":24.0,"turns":4.0},{"damage":30.0,"enemies":"3 Cultists","floor":25.0,"turns":5.0},{"damage":11.0,"enemies":"Cultist and Chosen","floor":31.0,"turns":4.0},{"damage":56.0,"enemies":"hubris:MusketHawk","floor":33.0,"turns":8.0},{"damage":23.0,"enemies":"Orb Walker","floor":35.0,"turns":3.0},{"damage":86.0,"enemies":"2 Orb Walkers","floor":36.0,"turns":6.0},{"damage":8.0,"enemies":"3 Shapes","floor":37.0,"turns":5.0},{"damage":7.0,"enemies":"Writhing Mass","floor":40.0,"turns":5.0},{"damage":125.0,"enemies":"Reptomancer","floor":45.0,"turns":6.0},{"damage":79.0,"enemies":"conspire:OrnateMirror","floor":50.0,"turns":10.0},{"damage":96,"enemies":"Shield and Spear","floor":54,"turns":5}],"seed_played":"3321392460192473554","potions_obtained":[{"floor":1.0,"key":"blueLaboratory:Moonshine"},{"floor":7.0,"key":"Block Potion"},{"floor":8.0,"key":"Dexterity Potion"},{"floor":11.0,"key":"PowerPotion"},{"floor":22.0,"key":"BlessingOfTheForge"},{"floor":24.0,"key":"blueLaboratory:SavagePotion"},{"floor":36.0,"key":"blueLaboratory:IronCompound"},{"floor":37.0,"key":"blueLaboratory:BubblePotion"},{"floor":45.0,"key":"blueLaboratory:BottleOfVodka"}],"is_trial":false,"path_per_floor":["M","?","?","M","?","R","M","E","T","M","M","$","R","M","R","B",null,"M","?","$","?","M","R","E","M","T","R","?","$","?","M","R","B",null,"M","?","M","T","?","M","R","R","T","R","E","$","R","?","R","B",null,"R","$","E"],"character_chosen":"IRONCLAD","items_purchased":["Mango","Toxic Egg 2","Inflame","hubris:CuriousFeather","Carnage","Strange Spoon","Armaments+1","Disarm+1","Apotheosis+1","Dual Wield+1","Heavy Blade","Thunderclap","blueLaboratory:FruitPunch","True Grit+1","Metallicize","StuffTheSpire:ForceGauntlet","Feel No Pain"],"campfire_rested":8,"item_purchase_floors":[0,0,0,0,0,0,0,0,12,12,12,20,20,29,29,46,46],"current_hp_per_floor":[53,53,53,59,48,76,77,59,59,54,48,48,76,70,70,58,94,88,88,88,94,96,96,69,45,45,73,73,73,73,68,96,91,96,89,12,22,22,22,29,29,58,58,87,12,12,41,41,70,58,99,99,99,3,3],"gold":9,"neow_bonus":"","is_daily":false,"chose_seed":false,"campfire_upgraded":2,"win_rate":0.0,"timestamp":1611896306,"path_taken":["M","?","?","M","?","R","M","E","T","M","M","$","R","M","R","BOSS","M","?","?","?","M","R","E","?","T","R","?","$","?","M","R","BOSS","M","?","M","?","?","?","R","R","T","R","E","$","R","?","R","BOSS","R","$","E"],"items_purchased_type":["Relic","Relic","Card","Relic","Card","Relic","Card","Card","Card","Card","Card","Card","Potion","Card","Card","Relic","Card"],"build_version":"2020-12-22","purchased_purges":0,"victory":false,"max_hp_per_floor":[94,94,94,94,94,94,94,94,94,94,94,94,94,94,94,94,94,94,94,94,94,96,96,96,96,96,96,96,96,96,96,96,96,96,96,99,99,99,99,99,99,99,99,99,99,99,99,99,99,99,99,99,99,99,99],"card_choices":[{"not_picked":["Reckless Charge","Sentinel+1"],"picked":"Clash","floor":1.0},{"not_picked":["Cleave","Ghostly Armor+1"],"picked":"Twin Strike","floor":4.0},{"not_picked":["Feel No Pain","StuffTheSpire:Slingshot"],"picked":"Infernal Blade+1","floor":7.0},{"not_picked":["conspire:ExplosiveBarrier+1","hubris:StunningStrike"],"picked":"Sword Boomerang","floor":8.0},{"not_picked":["Twin Strike","Wild Strike"],"picked":"Perfected Strike","floor":10.0},{"not_picked":["Dark Embrace","StuffTheSpire:Resist"],"picked":"Havoc+1","floor":11.0},{"not_picked":["Sentinel+1","conspire:ExplosiveBarrier+1"],"picked":"Flame Barrier+1","floor":14.0},{"not_picked":["Immolate","conspire:HitWhereItHurts"],"picked":"Demon Form","floor":16.0},{"not_picked":["Dual Wield+1","Wild Strike"],"picked":"Perfected Strike","floor":18.0},{"not_picked":["StuffTheSpire:Incineration","Battle Trance+1"],"picked":"Dark Embrace","floor":22.0},{"not_picked":["StuffTheSpire:RockThrow","Rupture"],"picked":"Exhume+1","floor":24.0},{"not_picked":["Metallicize","StuffTheSpire:Pyroclast"],"picked":"Warcry+1","floor":25.0},{"not_picked":["Cleave","Shrug It Off+1"],"picked":"Reaper","floor":31.0},{"not_picked":["hubris:StunningStrike","conspire:Purge+1"],"picked":"Feed","floor":33.0},{"not_picked":["StuffTheSpire:RagingBull","StuffTheSpire:BloodClot+1"],"picked":"Battle Trance+1","floor":35.0},{"not_picked":["Headbutt","Clash+1"],"picked":"Seeing Red+1","floor":36.0},{"not_picked":["Clash","Heavy Blade+1"],"picked":"Havoc+1","floor":37.0},{"not_picked":["Havoc+1","Clash"],"picked":"StuffTheSpire:Slingshot+1","floor":40.0},{"not_picked":["Clothesline","Rage+1"],"picked":"Corruption","floor":45.0}],"player_experience":426112,"relics_obtained":[{"floor":8.0,"key":"Bag of Marbles"},{"floor":9.0,"key":"StuffTheSpire:RubySignet"},{"floor":24.0,"key":"Boot"},{"floor":36.0,"key":"WingedGreaves"},{"floor":38.0,"key":"hubris:TinFlute"},{"floor":43.0,"key":"Blood Vial"},{"floor":45.0,"key":"Oddly Smooth Stone"}],"event_choices":[{"damage_healed":0.0,"max_hp_gain":0.0,"max_hp_loss":0.0,"gold_gain":75.0,"event_name":"betterThird:BetterGoop","player_choice":"Gold","floor":5.0,"gold_loss":0.0,"damage_taken":11.0},{"damage_healed":0.0,"max_hp_gain":0.0,"max_hp_loss":0.0,"gold_gain":0.0,"event_name":"N\u0027loth","player_choice":"Traded Relic","floor":19.0,"relics_lost":["StuffTheSpire:RubySignet"],"gold_loss":0.0,"damage_taken":0.0,"relics_obtained":["Nloth\u0027s Gift"]},{"damage_healed":0.0,"max_hp_gain":0.0,"max_hp_loss":0.0,"gold_gain":0.0,"event_name":"The Joust","player_choice":"Bet on Murderer","floor":28.0,"gold_loss":50.0,"damage_taken":0.0},{"cards_removed":["Apotheosis"],"damage_healed":0.0,"max_hp_gain":0.0,"max_hp_loss":0.0,"gold_gain":0.0,"event_name":"betterNote:BetterNote","player_choice":"Take \u0026 Give","floor":30.0,"gold_loss":0.0,"damage_taken":0.0,"cards_obtained":["Sunder"]},{"damage_healed":0.0,"max_hp_gain":0.0,"max_hp_loss":0.0,"gold_gain":0.0,"event_name":"Mysterious Sphere","player_choice":"Fight","floor":36.0,"gold_loss":0.0,"damage_taken":0.0},{"cards_removed":["Armaments"],"damage_healed":0.0,"max_hp_gain":0.0,"max_hp_loss":0.0,"gold_gain":0.0,"event_name":"Purifier","player_choice":"Purged","floor":39.0,"gold_loss":0.0,"damage_taken":0.0},{"damage_healed":0.0,"max_hp_gain":0.0,"max_hp_loss":0.0,"gold_gain":3.0,"event_name":"betterStone:BetterStone","player_choice":"3","floor":48.0,"gold_loss":0.0,"damage_taken":0.0,"cards_obtained":["Juggernaut"]}],"is_beta":false,"boss_relics":[{"not_picked":["hubris:CrackedHourglass","aspiration:RitualDagger"],"picked":"hubris:Stopwatch"},{"not_picked":["aspiration:SecretTechniqueScroll","Astrolabe"],"picked":"conspire:RoyalGoblet"}],"items_purged_floors":[],"is_endless":false,"potions_floor_spawned":[1,7,8,11,22,24,36,37,45],"killed_by":"Shield and Spear","ascension_level":0}}