{"host":"haq22x9zdvtvc76a","time":1611935392,"event":{"mods":["BaseMod","Downfall","Minty Spire (QoL Compilation)","StSLib"],"gold_per_floor":[99,115,126,142,157,168,213,47,47,62,62,62,79,108,126,126,126,126],"floor_reached":16,"language":"ENG","playtime":943,"items_purged":["bronze:Strike"],"score":144,"play_id":"916650f6-6de7-4969-bc79-1e9945b20422","local_time":"20210129104952","is_ascension_mode":true,"campfire_choices":[{"data":"bronze:Goto","floor":1,"key":"SMITH"},{"data":"bronze:GetLatest","floor":12,"key":"SMITH"}],"circlet_count":0,"master_deck":["bronze:Defend","bronze:Defend","bronze:Defend","bronze:Replicate","bronze:Turbo","bronze:GetLatest+1","Regret","bronze:FunctionCard","bronze:Separator","bronze:CutThrough","bronze:ForLoop","Pain","bronze:ClassDefault","bronze:Overheat","bronze:Terminator"],"relics":["bronze:BronzeCore","PreservedInsect","Blue Candle","Potion Belt"],"acts_visited":["Exordium"],"potions_floor_usage":[6,10],"damage_taken":[{"damage":3,"enemies":"Small Slimes","floor":2,"turns":3},{"damage":1,"enemies":"Cultist","floor":3,"turns":3},{"damage":2,"enemies":"2 Louse","floor":4,"turns":3},{"damage":2,"enemies":"Exordium Wildlife","floor":5,"turns":6},{"damage":0,"enemies":"Lots of Slimes","floor":6,"turns":2},{"damage":0,"enemies":"downfall:FleeingMerchant","floor":8,"turns":4},{"damage":46,"enemies":"Gremlin Gang","floor":10,"turns":7},{"damage":3,"enemies":"2 Fungi Beasts","floor":13,"turns":2},{"damage":1,"enemies":"Lagavulin","floor":14,"turns":3},{"damage":1,"enemies":"Large Slime","floor":15,"turns":3},{"damage":0,"enemies":"IC_STATUS_ARCHETYPE","floor":16,"turns":1}],"seed_played":"7694671416179989261","potions_obtained":[{"floor":3,"key":"Explosive Potion"},{"floor":6,"key":"PowerPotion"},{"floor":10,"key":"Slimebound:ThreeZeroPotion"},{"floor":15,"key":"Explosive Potion"}],"is_trial":false,"path_per_floor":["R","M","M","M","M","M","T","$","?","M","?","R","M","E","M","B"],"character_chosen":"THE_AUTOMATON","items_purchased":["bronze:Repair"],"campfire_rested":0,"item_purchase_floors":[8],"current_hp_per_floor":[70,67,66,64,62,62,62,62,62,23,23,23,20,19,18,18,18,18],"gold":126,"neow_bonus":"REMOVE_CARD","is_daily":false,"chose_seed":false,"campfire_upgraded":2,"win_rate":0.0,"timestamp":1611935392,"path_taken":["R","M","M","M","M","M","T","$","?","M","?","R","?","E","M","BOSS"],"items_purchased_type":["Card"],"build_version":"2020-12-22","purchased_purges":1,"victory":false,"max_hp_per_floor":[70,70,70,70,70,70,70,70,70,70,70,70,70,70,70,70,70,70],"card_choices":[{"not_picked":["bronze:Invalidate","bronze:WhirlingStrike","bronze:Iterate"],"picked":"SKIP","floor":2},{"not_picked":["bronze:FineTuning","bronze:BugBarrage","bronze:NullPointer"],"picked":"SKIP","floor":3},{"not_picked":["bronze:OilSpill","bronze:WhirlingStrike"],"picked":"bronze:Turbo","floor":4},{"not_picked":["bronze:Repulsor","bronze:Separator"],"picked":"bronze:GetLatest","floor":5},{"not_picked":["bronze:Backtrace","bronze:FineTuning"],"picked":"bronze:Flail","floor":6},{"not_picked":["bronze:Turbo","bronze:Terminator"],"picked":"bronze:Hardcode","floor":8},{"not_picked":["bronze:BitShift","bronze:DigitalCarnage"],"picked":"bronze:Separator","floor":10},{"not_picked":["bronze:ForLoop","bronze:Branch","bronze:CutThrough"],"picked":"SKIP","floor":13},{"not_picked":["bronze:BuggyMess","bronze:Deprecate"],"picked":"bronze:Overheat","floor":14},{"not_picked":["bronze:CutThrough","bronze:BugBarrage"],"picked":"bronze:Terminator","floor":15}],"player_experience":1683685,"relics_obtained":[{"floor":7,"key":"PreservedInsect"},{"floor":14,"key":"Potion Belt"}],"event_choices":[{"damage_healed":0,"gold_gain":0,"player_choice":"Box","damage_taken":0,"relics_obtained":["Blue Candle"],"max_hp_gain":0,"max_hp_loss":0,"event_name":"Big Fish","floor":9,"gold_loss":0,"cards_obtained":["Regret"]}],"is_beta":false,"boss_relics":[],"items_purged_floors":[8],"is_endless":false,"potions_floor_spawned":[3,6,10,15],"killed_by":"IC_STATUS_ARCHETYPE","ascension_level":2}}