{"host":"dbb4fkd1j4jczim2","time":1611898105,"event":{"mods":["BaseMod","Downfall","Marisa????????","Minty Spire (QoL Compilation)","Permanent Neow","StSLib"],"gold_per_floor":[99,115,125,136,151,186,186,201,86,86,111,121,421,421,431,431,431,431],"floor_reached":16,"language":"ENG","playtime":729,"items_purged":["champ:Defend"],"score":145,"play_id":"1d71dea0-fcfc-412b-9426-d9f44ead25ed","local_time":"20210128232825","is_ascension_mode":true,"campfire_choices":[{"data":"champ:Execute","floor":1,"key":"SMITH"},{"data":"champ:PerfectedStrike","floor":10,"key":"SMITH"}],"circlet_count":0,"master_deck":["champ:Strike","champ:Strike","champ:Strike","champ:Strike","champ:Defend","champ:Defend","champ:Defend","champ:Execute+1","champ:Taunt","champ:AdrenalArmor","champ:FaceSlap","champ:PerfectedStrike+1","champ:TripleStrike","champ:Haymaker","champ:SwordThrow","champ:FaceSlap","downfall:Icky"],"relics":["Snecko Eye","Shuriken","InkBottle","Spirit Poop"],"acts_visited":["Exordium"],"potions_floor_usage":[16,16,16],"damage_taken":[{"damage":12,"enemies":"Small Slimes","floor":2,"turns":5},{"damage":16,"enemies":"Jaw Worm","floor":3,"turns":3},{"damage":20,"enemies":"Cultist","floor":4,"turns":2},{"damage":23,"enemies":"3 Louse","floor":5,"turns":2},{"damage":44,"enemies":"Lagavulin","floor":6,"turns":7},{"damage":51,"enemies":"Lots of Slimes","floor":8,"turns":4},{"damage":20,"enemies":"downfall:FleeingMerchant","floor":9,"turns":4},{"damage":10,"enemies":"Gremlin Nob","floor":11,"turns":2},{"damage":39,"enemies":"Exordium Wildlife","floor":12,"turns":3},{"damage":10,"enemies":"Blue Slaver","floor":15,"turns":1},{"damage":79,"enemies":"DF_ARCHETYPE_STREAMLINE","floor":16,"turns":6}],"seed_played":"-164611123849729531","potions_obtained":[{"floor":3,"key":"SteroidPotion"},{"floor":12,"key":"BlessingOfTheForge"},{"floor":15,"key":"SteroidPotion"}],"is_trial":false,"path_per_floor":["R","M","M","M","M","E","T","M","$","R","E","M","?","?","M","B"],"character_chosen":"THE_CHAMP","items_purchased":["champ:Haymaker"],"campfire_rested":0,"item_purchase_floors":[9],"current_hp_per_floor":[90,88,82,82,69,65,65,59,59,59,59,45,45,45,45,0,0,0],"gold":431,"neow_bonus":"BOSS_RELIC","is_daily":false,"chose_seed":false,"campfire_upgraded":2,"win_rate":0.0,"timestamp":1611898105,"path_taken":["R","M","M","M","M","E","T","M","$","R","E","M","?","?","M","BOSS"],"items_purchased_type":["Card"],"build_version":"2020-12-22","purchased_purges":1,"victory":false,"max_hp_per_floor":[90,90,90,90,90,90,90,90,90,90,90,90,90,90,90,90,90,90],"card_choices":[{"not_picked":["champ:CrownThrow","champ:Backstep","champ:BerserkersShout"],"picked":"SKIP","floor":2},{"not_picked":["champ:FlashCut","champ:StanceDance","champ:ShieldSigil"],"picked":"SKIP","floor":3},{"not_picked":["champ:ShieldSigil","champ:Shatter","champ:StanceDance"],"picked":"SKIP","floor":4},{"not_picked":["champ:Circumvent","champ:Backstep"],"picked":"champ:AdrenalArmor","floor":5},{"not_picked":["champ:ArenaPreparation","champ:BringItOn"],"picked":"champ:FaceSlap","floor":6},{"not_picked":["champ:EnGarde","champ:ShieldSigil"],"picked":"champ:PerfectedStrike","floor":8},{"not_picked":["champ:MurderStrike","champ:BerserkerStyle"],"picked":"champ:TripleStrike","floor":9},{"not_picked":["champ:BerserkersShout","champ:FlashCut"],"picked":"champ:SwordThrow","floor":11},{"not_picked":["champ:ShieldSigil","champ:TornadoPunch"],"picked":"champ:FaceSlap","floor":12},{"not_picked":["champ:Shatter","champ:RecklessLeap","champ:ShieldSigil"],"picked":"SKIP","floor":15}],"player_experience":319181,"relics_obtained":[{"floor":6,"key":"Shuriken"},{"floor":11,"key":"InkBottle"}],"event_choices":[{"cards_removed":["downfall:Icky"],"damage_healed":0,"gold_gain":0,"player_choice":"Offered Curse","damage_taken":0,"relics_obtained":["Spirit Poop"],"max_hp_gain":0,"max_hp_loss":0,"event_name":"Bonfire Elementals","floor":14,"gold_loss":0}],"is_beta":false,"boss_relics":[],"items_purged_floors":[9],"is_endless":false,"potions_floor_spawned":[3,12,15],"killed_by":"DF_ARCHETYPE_STREAMLINE","ascension_level":1}}