{"host":"8d3fefv2347kqkpz","time":1611961414,"event":{"mods":["AchievementEnabler","Act Like it!","Aspiration","BaseMod","Better Vampires","Colored Map","Colored Powertips","Conspire","GifTheSpireLib","Highlight Path","Hubris","Mimic Mod","Minty Spire (QoL Compilation)","Quick Restart","Rare Cards Sparkle","Relic Stats","Replay The Spire","Spicy Shops","StSLib","The Jungle","Waifu the Spire"],"gold_per_floor":[113,113,113,113,133,133,161,161,235,235,268,306,306,306,306,408,408,426,18,29,116,135,135,135,150,183,211,211,211,228,246,246,348,348,366,380,480,495,495,495],"floor_reached":39,"language":"ZHS","playtime":1500,"items_purged":[],"score":432,"play_id":"d2dc8616-cd80-4aed-a7c2-d9bd829e5453","local_time":"20210130070334","is_ascension_mode":false,"campfire_choices":[{"data":"Leap","floor":6,"key":"SMITH"},{"data":"Stack","floor":10,"key":"SMITH"},{"floor":13,"key":"REST"},{"data":"Stack","floor":15,"key":"SMITH"},{"floor":23,"key":"REST"},{"floor":28,"key":"REST"},{"data":"Secret Technique","floor":32,"key":"SMITH"}],"circlet_count":0,"master_deck":["Strike_B","Strike_B","Strike_B","Strike_B","Defend_B","Defend_B","Defend_B","Defend_B","Zap","Dualcast","Stack+1","Injury","Leap+1","Stack+1","Gash+1","Rebound+1","ReplayTheSpireMod:Omega Cannon+1","Reprogram+1","Rebound+1","Sweeping Beam+1","Secret Technique+1","Hologram+1","Conserve Battery","Steam+1","conspire:Rain","hubris:SpecializedCircuitry","Self Repair+1","Stack","Double Energy","Buffer","Aggregate+1","Rebound+1","Parasite","Coolheaded+1"],"relics":["Cracked Core","NeowsBlessing","Molten Egg 2","Garlic","Iron Hammer","Lantern","hubris:ToyBattleship","Nuclear Battery","Strawberry","PreservedInsect","Replay:Bottled Steam","StrikeDummy","Boot"],"acts_visited":["Exordium","TheCity","TheBeyond"],"potions_floor_usage":[],"damage_taken":[{"damage":0.0,"enemies":"Small Slimes","floor":1.0,"turns":1.0},{"damage":0,"enemies":"2 Louse","floor":5,"turns":1},{"damage":0,"enemies":"Lagavulin","floor":7,"turns":1},{"damage":118,"enemies":"Gremlin Nob","floor":11,"turns":8},{"damage":9,"enemies":"Jaw Worm","floor":12,"turns":6},{"damage":35,"enemies":"The Guardian","floor":16,"turns":12},{"damage":10,"enemies":"Shell Parasite","floor":18,"turns":7},{"damage":0,"enemies":"2 Thieves","floor":20,"turns":2},{"damage":0,"enemies":"3 Cultists","floor":22,"turns":2},{"damage":0,"enemies":"Snake Plant","floor":25,"turns":3},{"damage":6,"enemies":"Centurion and Healer","floor":26,"turns":8},{"damage":23,"enemies":"Gremlin Leader","floor":27,"turns":6},{"damage":7,"enemies":"Centurion and Healer","floor":30,"turns":5},{"damage":0,"enemies":"3 Cultists","floor":31,"turns":3},{"damage":52,"enemies":"hubris:MusketHawk","floor":33,"turns":12},{"damage":0,"enemies":"Orb Walker","floor":35,"turns":5},{"damage":7,"enemies":"3 Shapes","floor":36,"turns":6},{"damage":69,"enemies":"Writhing Mass","floor":38,"turns":9},{"damage":67,"enemies":"Sphere and 2 Shapes","floor":39,"turns":7}],"seed_played":"-5449326925220447428","potions_obtained":[{"floor":7,"key":"FairyPotion"},{"floor":18,"key":"FairyPotion"},{"floor":20,"key":"SteroidPotion"},{"floor":27,"key":"Weak Potion"},{"floor":31,"key":"Dexterity Potion"}],"is_trial":false,"path_per_floor":["M","?","?","?","M","R","E","?","T","R","E","MIM","R","?","R","B",null,"M","$","M","?","M","R","?","M","MIM","E","R","?","M","M","R","B",null,"M","M","?","M","M"],"character_chosen":"DEFECT","items_purchased":["Rebound+1","Sweeping Beam+1","Secret Technique","Strawberry"],"campfire_rested":3,"item_purchase_floors":[19,19,19,19],"current_hp_per_floor":[75,75,75,75,75,75,75,80,80,80,24,15,39,39,39,4,80,70,77,77,43,43,69,69,69,63,50,76,76,79,87,87,45,87,87,87,87,28,0,0],"gold":495,"neow_bonus":"THREE_ENEMY_KILL","is_daily":false,"chose_seed":false,"campfire_upgraded":4,"win_rate":0.0,"timestamp":1611961414,"path_taken":["M","?","?","?","?","R","E","?","T","R","E","?","R","?","R","BOSS","M","$","M","?","M","R","?","M","MIM","E","R","?","M","?","R","BOSS","M","?","?","M","M"],"items_purchased_type":["Card","Card","Card","Relic"],"build_version":"2020-12-22","purchased_purges":0,"victory":false,"max_hp_per_floor":[75,75,75,75,75,75,75,80,80,80,80,80,80,80,80,80,80,80,87,87,87,87,87,87,87,87,87,87,87,87,87,87,87,87,87,87,87,87,87,87],"relic_stats":{"counters":[19,104],"PreservedInsect":44,"Boot":[4],"obtain_stats":[{"Lantern":11,"NeowsBlessing":0,"PreservedInsect":21,"Boot":29,"Nuclear Battery":17,"Strawberry":19,"Molten Egg 2":3,"Iron Hammer":9,"Garlic":7,"hubris:ToyBattleship":12,"Cracked Core":0,"StrikeDummy":27,"Replay:Bottled Steam":26},{"Lantern":4,"NeowsBlessing":0,"PreservedInsect":8,"Boot":12,"Nuclear Battery":6,"Strawberry":7,"Molten Egg 2":1,"Iron Hammer":3,"Garlic":3,"hubris:ToyBattleship":5,"Cracked Core":0,"StrikeDummy":12,"Replay:Bottled Steam":11},{"Lantern":11,"NeowsBlessing":0,"PreservedInsect":38,"Boot":57,"Nuclear Battery":29,"Strawberry":36,"Molten Egg 2":1,"Iron Hammer":3,"Garlic":3,"hubris:ToyBattleship":17,"Cracked Core":0,"StrikeDummy":57,"Replay:Bottled Steam":51}]},"card_choices":[{"not_picked":["BasicCrystalCard","Gash"],"picked":"Stack","floor":1.0},{"not_picked":["Compile Driver+1","Beam Cell+1"],"picked":"Leap","floor":5},{"not_picked":["Scrape+1","Ball Lightning+1"],"picked":"Stack","floor":7},{"not_picked":["Time Bomb","Thunder Strike+1"],"picked":"Gash+1","floor":11},{"not_picked":["Darkness","Doom and Gloom+1"],"picked":"Rebound+1","floor":12},{"not_picked":["Machine Learning","Mirror Shield"],"picked":"ReplayTheSpireMod:Omega Cannon+1","floor":16},{"not_picked":["Ball Lightning+1","Rebound+1"],"picked":"Reprogram+1","floor":18},{"not_picked":["Redo","Barrage+1","BasicCrystalCard"],"picked":"SKIP","floor":20},{"not_picked":["Double Energy+1","ReplayTheSpireMod:Reroute Power"],"picked":"Hologram+1","floor":21},{"not_picked":["Go for the Eyes+1","Stack"],"picked":"Conserve Battery","floor":21},{"not_picked":["Coolheaded","Hologram"],"picked":"Steam+1","floor":22},{"not_picked":["Reprogram","ReplayTheSpireMod:Dual Polarity"],"picked":"hubris:SpecializedCircuitry","floor":25},{"not_picked":["Stack","Barrage+1"],"picked":"Self Repair+1","floor":26},{"not_picked":["Redo+1","Leap+1"],"picked":"Stack","floor":27},{"not_picked":["Reinforced Body+1","Ball Lightning+1","Coolheaded"],"picked":"SKIP","floor":30},{"not_picked":["Doom and Gloom+1","Biased Cognition"],"picked":"Double Energy","floor":31},{"not_picked":["Electrodynamics","Multi-Cast"],"picked":"Buffer","floor":33},{"not_picked":["Defragment","Cold Snap+1"],"picked":"Aggregate+1","floor":35},{"not_picked":["Crystallizer+1","Cold Snap+1"],"picked":"Rebound+1","floor":36},{"not_picked":["Panic Button+1","BasicCrystalCard"],"picked":"Coolheaded+1","floor":38}],"player_experience":234601,"relics_obtained":[{"floor":7,"key":"Garlic"},{"floor":9,"key":"Iron Hammer"},{"floor":11,"key":"Lantern"},{"floor":12,"key":"hubris:ToyBattleship"},{"floor":21,"key":"PreservedInsect"},{"floor":26,"key":"Replay:Bottled Steam"},{"floor":27,"key":"StrikeDummy"}],"event_choices":[{"damage_healed":0,"gold_gain":0,"player_choice":"Donut","damage_taken":0,"max_hp_gain":5,"max_hp_loss":0,"event_name":"Big Fish","floor":8,"gold_loss":0},{"damage_healed":0,"gold_gain":0,"player_choice":"Leave","damage_taken":0,"max_hp_gain":0,"max_hp_loss":0,"event_name":"conspire:Investor","floor":14,"gold_loss":0},{"damage_healed":0,"gold_gain":0,"player_choice":"Gave Potion","damage_taken":0,"relics_obtained":["Boot"],"max_hp_gain":0,"max_hp_loss":0,"event_name":"WeMeetAgain","floor":29,"gold_loss":0},{"damage_healed":0,"gold_gain":100,"player_choice":"Pray","damage_taken":0,"max_hp_gain":0,"max_hp_loss":0,"event_name":"Golden Shrine","floor":37,"gold_loss":0}],"is_beta":false,"boss_relics":[{"not_picked":["aspiration:IroncladSkillbook","Replay:Fungal Core"],"picked":"Nuclear Battery"},{"not_picked":["hubris:BlackHole","hubris:HollowSoul","ReplayTheSpireMod:DimensionalGlitch"]}],"items_purged_floors":[],"is_endless":false,"potions_floor_spawned":[7,18,20,27,31,36],"killed_by":"Sphere and 2 Shapes","ascension_level":0}}