{"host":"pyelotildgrd5mks","time":1611933716,"event":{"mods":["BaseMod","Downfall","Minty Spire (QoL Compilation)","Quick Restart","StSLib"],"gold_per_floor":[99,117,32,42,142,160,160,160,173,133,163,163,163,163,163],"floor_reached":13,"language":"ZHS","playtime":710,"items_purged":["hexamod:Strike"],"score":104,"play_id":"cdb84074-3f60-4574-babb-6149c66aeed5","local_time":"20210129232156","is_ascension_mode":true,"campfire_choices":[{"data":"hexamod:Float","floor":1.0,"key":"SMITH"},{"data":"hexamod:EmpoweredFlame","floor":8,"key":"SMITH"},{"data":"hexamod:GhostflameBarrier","floor":12,"key":"SMITH"}],"circlet_count":0,"master_deck":["hexamod:Strike","hexamod:Strike","hexamod:Strike","hexamod:Defend","hexamod:Defend","hexamod:Defend","hexamod:Defend","hexamod:Sear","hexamod:Float+1","hexamod:Haunt","hexamod:FirstSeal","hexamod:EmpoweredFlame+1","hexamod:SpectralSpark","hexamod:EmpoweredFlame","hexamod:ThirdSeal","hexamod:FlameSwitch","hexamod:GhostflameBarrier+1"],"relics":["hexamod:SpiritBrand","downfall:CloakOfManyFaces","CultistMask","FaceOfCleric","NlothsMask","GremlinMask","SsserpentHead","Nunchaku"],"acts_visited":["Exordium"],"potions_floor_usage":[],"damage_taken":[{"damage":14.0,"enemies":"Small Slimes","floor":2.0,"turns":4.0},{"damage":0.0,"enemies":"downfall:FleeingMerchant","floor":3.0,"turns":4.0},{"damage":0.0,"enemies":"Cultist","floor":4.0,"turns":3.0},{"damage":30,"enemies":"downfall:FaceTrader","floor":5,"turns":10},{"damage":0,"enemies":"Jaw Worm","floor":6,"turns":4},{"damage":17,"enemies":"3 Louse","floor":9,"turns":4},{"damage":0,"enemies":"downfall:FleeingMerchant","floor":10,"turns":4},{"damage":15,"enemies":"Lagavulin","floor":11,"turns":6},{"damage":41,"enemies":"Gremlin Nob","floor":13,"turns":3}],"seed_played":"-960575734452819407","potions_obtained":[{"floor":2.0,"key":"Strength Potion"},{"floor":6,"key":"Energy Potion"},{"floor":9,"key":"LiquidBronze"}],"is_trial":false,"path_per_floor":["R","M","$","M","?","M","T","R","M","$","E","R","E"],"character_chosen":"THE_SPIRIT","items_purchased":["hexamod:EmpoweredFlame"],"campfire_rested":0,"item_purchase_floors":[3],"current_hp_per_floor":[70,56,56,63,33,41,41,41,25,33,26,26,0,0,0],"gold":163,"neow_bonus":"THREE_CARDS","is_daily":false,"chose_seed":false,"campfire_upgraded":3,"win_rate":0.0,"timestamp":1611933716,"path_taken":["R","M","$","M","?","M","T","R","M","?","E","R","E"],"items_purchased_type":["Card"],"build_version":"2020-12-22","purchased_purges":1,"victory":false,"max_hp_per_floor":[70,70,70,70,70,71,71,71,72,73,74,74,74,74,74],"card_choices":[{"not_picked":["hexamod:SkipABeat","hexamod:GhostShield"],"picked":"hexamod:Haunt","floor":0.0},{"not_picked":["hexamod:RecurringNightmare","hexamod:SuperheatedStrike","hexamod:GhostLash"],"picked":"SKIP","floor":2.0},{"not_picked":["hexamod:InspiringFlames","hexamod:GhostOfSpirePast"],"picked":"hexamod:FirstSeal","floor":3.0},{"not_picked":["hexamod:FastForward","hexamod:NightmareStrike"],"picked":"hexamod:SpectralSpark","floor":4.0},{"not_picked":["hexamod:SuperheatedStrike","hexamod:SwordOfDarkness"],"picked":"hexamod:EmpoweredFlame","floor":6},{"not_picked":["hexamod:GhostShield","hexamod:AdvancingGuard"],"picked":"hexamod:ThirdSeal","floor":9},{"not_picked":["hexamod:SpectersWail","hexamod:GhostOfSpirePast"],"picked":"hexamod:FlameSwitch","floor":10},{"not_picked":["hexamod:BurningTouch","hexamod:HeatMetal","hexamod:Firestarter"],"picked":"SKIP","floor":10},{"not_picked":["hexamod:Firestarter","hexamod:GhostLash"],"picked":"hexamod:GhostflameBarrier","floor":11},{"not_picked":["hexamod:Firestarter","hexamod:PhantomCloak","hexamod:BurningTouch"],"picked":"SKIP","floor":11}],"player_experience":670932,"relics_obtained":[{"floor":5,"key":"downfall:CloakOfManyFaces"},{"floor":11,"key":"Nunchaku"}],"event_choices":[],"is_beta":false,"boss_relics":[],"items_purged_floors":[10],"is_endless":false,"potions_floor_spawned":[2,6,9,11],"killed_by":"Gremlin Nob","ascension_level":5}}