{"host":"qgrlfjrqk9z96gfi","time":1611890654,"event":{"mods":["BaseMod","Block Reminder","Colored Map","Custom Start","DeckTracker","Minty Spire (QoL Compilation)"],"gold_per_floor":[116,131,131,142,152,152,180,180,226,226,266,92,92,92,92,180,180,204,76,85,85,107,107,32,32,100,100,120,160,185,203,203,278,278,292,305,144,144,144,144,171,206,206,222,222,243,275,298,298,298,298,298],"floor_reached":51,"language":"ENG","playtime":2588,"items_purged":["Grand Finale"],"score":1416,"play_id":"cd11c1e3-1525-4aac-8ee8-78f29ace5b1c","local_time":"20210128172414","is_ascension_mode":true,"campfire_choices":[{"data":"Wraith Form v2","floor":6.0,"key":"SMITH"},{"floor":8.0,"key":"REST"},{"data":"Bullet Time","floor":10.0,"key":"SMITH"},{"data":"Corpse Explosion","floor":15.0,"key":"SMITH"},{"data":"Wraith Form v2","floor":23.0,"key":"SMITH"},{"floor":25.0,"key":"REST"},{"data":"Tactician","floor":27.0,"key":"SMITH"},{"floor":32.0,"key":"REST"},{"data":"Prepared","floor":40.0,"key":"SMITH"},{"floor":45.0,"key":"REST"},{"data":"1","floor":49.0,"key":"LIFT"}],"circlet_count":0,"master_deck":["AscendersBane","Survivor","Neutralize","Noxious Fumes","Wraith Form v2+1","Prepared","Blade Dance","Acrobatics","All Out Attack+1","Bullet Time+1","Underhanded Strike","Prepared+1","Tactician+1","Corpse Explosion+1","Outmaneuver+1","Backflip","Burst","Blade Dance","Accuracy+1","Terror","PiercingWail","Cloak And Dagger","Acrobatics","Wraith Form v2+1","Backflip","Tactician","Phantasmal Killer","Prepared","Predator","Tools of the Trade","Parasite","Outmaneuver+1","Infinite Blades"],"relics":["Pandora\u0027s Box","Pantograph","CeramicFish","Centennial Puzzle","Lee\u0027s Waffle","Blue Candle","HoveringKite","Orrery","Bottled Lightning","Akabeko","Runic Pyramid","Art of War","Toxic Egg 2","Meat on the Bone","Girya"],"acts_visited":["Exordium","TheCity","TheBeyond"],"potions_floor_usage":[51],"damage_taken":[{"damage":1.0,"enemies":"Jaw Worm","floor":1.0,"turns":2.0},{"damage":0.0,"enemies":"Cultist","floor":2.0,"turns":2.0},{"damage":2.0,"enemies":"Small Slimes","floor":4.0,"turns":3.0},{"damage":9.0,"enemies":"Blue Slaver","floor":5.0,"turns":3.0},{"damage":39.0,"enemies":"3 Sentries","floor":7.0,"turns":8.0},{"damage":22.0,"enemies":"Gremlin Nob","floor":11.0,"turns":6.0},{"damage":24.0,"enemies":"Hexaghost","floor":16.0,"turns":8.0},{"damage":22.0,"enemies":"Shell Parasite","floor":18.0,"turns":3.0},{"damage":10.0,"enemies":"Spheric Guardian","floor":22.0,"turns":4.0},{"damage":3.0,"enemies":"Snake Plant","floor":28.0,"turns":3.0},{"damage":9.0,"enemies":"Gremlin Leader","floor":29.0,"turns":4.0},{"damage":36.0,"enemies":"Cultist and Chosen","floor":30.0,"turns":7.0},{"damage":9.0,"enemies":"Collector","floor":33.0,"turns":6.0},{"damage":6.0,"enemies":"Orb Walker","floor":35.0,"turns":3.0},{"damage":5.0,"enemies":"3 Darklings","floor":36.0,"turns":4.0},{"damage":4.0,"enemies":"Writhing Mass","floor":41.0,"turns":6.0},{"damage":1.0,"enemies":"Giant Head","floor":42.0,"turns":5.0},{"damage":24.0,"enemies":"Jaw Worm Horde","floor":44.0,"turns":2.0},{"damage":1.0,"enemies":"Sphere and 2 Shapes","floor":46.0,"turns":4.0},{"damage":3.0,"enemies":"Nemesis","floor":47.0,"turns":5.0},{"damage":4.0,"enemies":"Spire Growth","floor":48.0,"turns":5.0},{"damage":29.0,"enemies":"Awakened One","floor":50.0,"turns":10.0},{"damage":72,"enemies":"Time Eater","floor":51,"turns":12}],"seed_played":"-8365079679674660279","potions_obtained":[{"floor":4.0,"key":"Block Potion"},{"floor":7.0,"key":"Explosive Potion"},{"floor":22.0,"key":"FearPotion"},{"floor":30.0,"key":"FearPotion"},{"floor":42.0,"key":"Fire Potion"},{"floor":46.0,"key":"DuplicationPotion"}],"is_trial":false,"path_per_floor":["M","M","?","M","M","R","E","R","T","R","E","$","T","?","R","B",null,"M","$","?","?","M","R","$","R","T","R","M","E","M","?","R","B",null,"M","M","$","?","?","R","M","E","T","M","R","M","E","M","R","B","B"],"character_chosen":"THE_SILENT","items_purchased":["Lee\u0027s Waffle","Backflip","Orrery","Art of War"],"campfire_rested":4,"item_purchase_floors":[12,12,19,37],"current_hp_per_floor":[58,58,58,56,47,47,8,27,27,27,5,73,73,51,51,49,67,45,45,45,45,35,35,35,56,56,56,53,44,8,8,29,45,66,60,55,55,55,55,55,51,50,50,38,58,57,54,50,50,40,0,0],"gold":298,"neow_bonus":"BOSS_RELIC","is_daily":false,"chose_seed":false,"campfire_upgraded":6,"win_rate":0.0,"timestamp":1611890654,"path_taken":["M","M","?","?","M","R","E","R","T","R","E","$","?","?","R","BOSS","M","$","?","?","?","R","?","R","T","R","M","E","M","?","R","BOSS","M","M","$","?","?","R","M","E","T","M","R","?","E","M","R","BOSS","BOSS"],"items_purchased_type":["Relic","Card","Relic","Relic"],"build_version":"2020-12-22","purchased_purges":1,"victory":false,"max_hp_per_floor":[66,66,66,66,66,66,66,66,66,66,66,73,73,73,73,73,73,73,73,73,73,73,73,73,73,73,73,73,73,73,73,73,73,73,73,73,73,69,69,69,69,69,69,69,69,69,69,69,69,69,69,69],"card_choices":[{"not_picked":["Sucker Punch","PiercingWail"],"picked":"Underhanded Strike","floor":1.0},{"not_picked":["PiercingWail","Catalyst","Storm of Steel"],"picked":"SKIP","floor":2.0},{"not_picked":["Flechettes","Blade Dance"],"picked":"Prepared","floor":4.0},{"not_picked":["Poisoned Stab","Dagger Spray"],"picked":"Tactician","floor":5.0},{"not_picked":["Slice","Masterful Stab"],"picked":"Corpse Explosion","floor":7.0},{"not_picked":["Doppelganger","Dodge and Roll"],"picked":"Outmaneuver","floor":11.0},{"not_picked":["After Image","Die Die Die"],"picked":"Burst","floor":16.0},{"not_picked":["Sucker Punch","Dash"],"picked":"Blade Dance","floor":18.0},{"not_picked":["Venomology","Reflex"],"picked":"Accuracy+1","floor":19.0},{"not_picked":["Slice","Sucker Punch+1"],"picked":"Terror","floor":19.0},{"not_picked":["Catalyst","Noxious Fumes"],"picked":"PiercingWail","floor":19.0},{"not_picked":["Dodge and Roll","Dagger Throw"],"picked":"Cloak And Dagger","floor":19.0},{"not_picked":["Deadly Poison+1","Poisoned Stab"],"picked":"Acrobatics","floor":19.0},{"not_picked":["Accuracy","Noxious Fumes"],"picked":"Backflip","floor":22.0},{"not_picked":["Acrobatics+1","Prepared"],"picked":"Tactician","floor":28.0},{"not_picked":["Riddle With Holes","Blur"],"picked":"Phantasmal Killer","floor":29.0},{"not_picked":["Predator","Heel Hook"],"picked":"Prepared","floor":30.0},{"not_picked":["PiercingWail","Setup","Quick Slash"],"picked":"SKIP","floor":35.0},{"not_picked":["Backflip","Dodge and Roll","Corpse Explosion"],"picked":"SKIP","floor":36.0},{"not_picked":["Dodge and Roll","Deadly Poison","Bane"],"picked":"SKIP","floor":41.0},{"not_picked":["Caltrops","Masterful Stab+1","Flying Knee"],"picked":"SKIP","floor":42.0},{"not_picked":["Underhanded Strike+1","Quick Slash","Deadly Poison+1"],"picked":"SKIP","floor":44.0},{"not_picked":["Underhanded Strike","Unload"],"picked":"Outmaneuver+1","floor":46.0},{"not_picked":["Caltrops","Footwork","Sucker Punch"],"picked":"SKIP","floor":47.0},{"not_picked":["Bane+1","Flying Knee"],"picked":"Infinite Blades","floor":48.0}],"player_experience":1077113,"relics_obtained":[{"floor":7.0,"key":"Pantograph"},{"floor":9.0,"key":"CeramicFish"},{"floor":11.0,"key":"Centennial Puzzle"},{"floor":13.0,"key":"Blue Candle"},{"floor":26.0,"key":"Bottled Lightning"},{"floor":29.0,"key":"Akabeko"},{"floor":42.0,"key":"Toxic Egg 2"},{"floor":43.0,"key":"Meat on the Bone"},{"floor":47.0,"key":"Girya"}],"event_choices":[{"damage_healed":0.0,"max_hp_gain":0.0,"max_hp_loss":0.0,"gold_gain":0.0,"event_name":"Transmorgrifier","player_choice":"Ignored","floor":3.0,"gold_loss":0.0,"damage_taken":0.0},{"damage_healed":0.0,"max_hp_gain":0.0,"max_hp_loss":0.0,"gold_gain":0.0,"event_name":"Shining Light","player_choice":"Entered Light","floor":14.0,"gold_loss":0.0,"damage_taken":22.0,"cards_upgraded":["All Out Attack","Outmaneuver"]},{"damage_healed":0.0,"max_hp_gain":0.0,"max_hp_loss":0.0,"gold_gain":0.0,"event_name":"The Library","player_choice":"Read","floor":20.0,"gold_loss":0.0,"damage_taken":0.0,"cards_obtained":["Wraith Form v2"]},{"damage_healed":0.0,"max_hp_gain":0.0,"max_hp_loss":0.0,"gold_gain":0.0,"event_name":"Beggar","player_choice":"Ignored","floor":21.0,"gold_loss":0.0,"damage_taken":0.0},{"damage_healed":0.0,"max_hp_gain":0.0,"max_hp_loss":0.0,"gold_gain":0.0,"cards_transformed":["Backstab","Backstab"],"event_name":"Drug Dealer","player_choice":"Became Test Subject","floor":31.0,"gold_loss":0.0,"damage_taken":0.0,"cards_obtained":["Predator","Tools of the Trade"]},{"damage_healed":0.0,"max_hp_gain":0.0,"max_hp_loss":4.0,"gold_gain":0.0,"event_name":"Winding Halls","player_choice":"Max HP","floor":38.0,"gold_loss":0.0,"damage_taken":0.0},{"damage_healed":0.0,"max_hp_gain":0.0,"max_hp_loss":0.0,"gold_gain":0.0,"event_name":"Transmorgrifier","player_choice":"Ignored","floor":39.0,"gold_loss":0.0,"damage_taken":0.0}],"is_beta":false,"boss_relics":[{"not_picked":["Cursed Key","Tiny House"],"picked":"HoveringKite"},{"not_picked":["Philosopher\u0027s Stone","Busted Crown"],"picked":"Runic Pyramid"}],"items_purged_floors":[24],"is_endless":false,"potions_floor_spawned":[4,7,22,29,30,42,46],"killed_by":"Time Eater","ascension_level":20}}