{"host":"njb27ds59h4j3ikk","time":1611962202,"event":{"mods":["AchievementEnabler","BaseMod","Better Altar","Better Match","Better Note","Better Sensory Stone","Better Skull","Better Third Choice","BetterRewards","Downfall","Hermit","Hubris","Minty Spire (QoL Compilation)","Permanent Neow","Quarter Circle Forward PUNCH!","Quick Restart","Rare Cards Sparkle","Shop Mod","StSLib","Trackpad","Transform Curses"],"gold_per_floor":[99,111,123,153,153,168,218,231,264,264,539,566,566,290,306,405,405,405,419,419,438,438,438,463,497,512,525,425,435,449,449,459,562,562,562,562,562,562],"floor_reached":36,"language":"ENG","playtime":1883,"items_purged":[],"score":494,"play_id":"b70ca6d3-cbcb-4dff-9aad-b65c6cc3c84b","local_time":"20210129181642","is_ascension_mode":false,"campfire_choices":[{"data":"sneckomod:SnekBite","floor":1.0,"key":"SMITH"},{"data":"sneckomod:UnknownStrength","floor":10.0,"key":"SMITH"},{"floor":13.0,"key":"REST"},{"data":"sneckomod:UnendingSupply","floor":18.0,"key":"SMITH"},{"floor":28,"key":"REST"},{"data":"sneckomod:DefensiveFlair","floor":35,"key":"SMITH"}],"circlet_count":0,"master_deck":["sneckomod:TailWhip","sneckomod:SnekBite+1","sneckomod:Unknown","sneckomod:Unknown","Swift Strike","sneckomod:IronFang","sneckomod:UnknownUncommonAttack","sneckomod:DiceCrush","sneckomod:SnakeSap","sneckomod:ImprovisedGuard","sneckomod:UnendingSupply+1","sneckomod:UnknownUncommonAttack","sneckomod:SerpentIdol","sneckomod:UnknownBoss","sneckomod:SerpentIdol+1","sneckomod:UnknownRareSkill+1","sneckomod:UnknownClassRED+1","sneckomod:WideSting","DeusExMachina","sneckomod:QuickBite+1","Bite","Bite","Bite","Bite","Bite","sneckomod:UnknownWeak","sneckomod:UnknownStrike","sneckomod:Unknown0Cost","sneckomod:UnknownClassGREEN+1","sneckomod:ImprovisedAttack","sneckomod:UnknownClassTHE_CHAMP_GRAY","sneckomod:UnknownStrike","Limit Break","sneckomod:DefensiveFlair+1","sneckomod:Mudshield"],"relics":["sneckomod:SneckoSoul","hubris:Towel","qcfpunch:Red_Headband","Juzu Bracelet","hubris:SlimyHat","Nunchaku","Astrolabe","Bag of Preparation","Pear","downfall:HeartBlessingGreen","hubris:BottledHeart","trackpad:Coffee"],"acts_visited":["Exordium","TheCity","TheBeyond"],"potions_floor_usage":[26,27,30,33,33],"damage_taken":[{"damage":7.0,"enemies":"Small Slimes","floor":2.0,"turns":3.0},{"damage":2.0,"enemies":"2 Louse","floor":3.0,"turns":2.0},{"damage":0.0,"enemies":"Cultist","floor":6.0,"turns":2.0},{"damage":27.0,"enemies":"Exordium Thugs","floor":8.0,"turns":5.0},{"damage":35.0,"enemies":"3 Sentries","floor":9.0,"turns":6.0},{"damage":15.0,"enemies":"Lagavulin","floor":12.0,"turns":6.0},{"damage":0.0,"enemies":"downfall:FleeingMerchant","floor":14.0,"turns":4.0},{"damage":13.0,"enemies":"Blue Slaver","floor":15.0,"turns":4.0},{"damage":47.0,"enemies":"SI_SHIV_ARCHETYPE","floor":16.0,"turns":7.0},{"damage":19.0,"enemies":"Shell Parasite","floor":19.0,"turns":6.0},{"damage":17.0,"enemies":"Chosen","floor":21.0,"turns":5.0},{"damage":57.0,"enemies":"Gremlin Leader","floor":25.0,"turns":6.0},{"damage":22,"enemies":"Snecko","floor":26,"turns":5},{"damage":0,"enemies":"Centurion and Healer","floor":27,"turns":1},{"damage":29,"enemies":"3 Cultists","floor":29,"turns":5},{"damage":5,"enemies":"Cultist and Chosen","floor":30,"turns":4},{"damage":0,"enemies":"Snake Plant","floor":32,"turns":5},{"damage":0,"enemies":"IC_MUSHROOM_ARCHETYPE","floor":33,"turns":7},{"damage":1,"enemies":"3 Darklings","floor":36,"turns":3}],"seed_played":"-4725918167248174815","potions_obtained":[{"floor":6.0,"key":"DuplicationPotion"},{"floor":8.0,"key":"Guardian:BlockOnCardUsePotion"},{"floor":9.0,"key":"FearPotion"},{"floor":12.0,"key":"SmokeBomb"},{"floor":25.0,"key":"Strength Potion"},{"floor":27,"key":"sneckomod:MuddlingPotion"},{"floor":29,"key":"EssenceOfSteel"},{"floor":32,"key":"Block Potion"},{"floor":33,"key":"SmokeBomb"}],"is_trial":false,"path_per_floor":["R","M","M","?","?","M","T","M","E","R","?","E","R","$","M","B",null,"R","M","?","M","?","?","T","E","M","M","R","M","M","?","M","B",null,"R","M"],"character_chosen":"THE_SNECKO","items_purchased":["Nunchaku","sneckomod:UnendingSupply","sneckomod:UnknownUncommonAttack"],"campfire_rested":2,"item_purchase_floors":[14,14,14],"current_hp_per_floor":[90,83,81,81,81,83,83,58,44,44,44,31,58,60,49,4,90,90,71,71,56,56,56,56,19,3,5,35,10,9,1,1,1,1,1,0,0,0],"gold":562,"neow_bonus":"RANDOM_COLORLESS","is_daily":false,"chose_seed":false,"campfire_upgraded":4,"win_rate":0.0,"timestamp":1611962202,"path_taken":["R","M","M","?","?","M","T","M","E","R","?","E","R","$","M","BOSS","R","M","?","M","?","?","T","E","M","M","R","M","M","?","M","BOSS","R","M"],"items_purchased_type":["Relic","Card","Card"],"build_version":"2020-12-22","purchased_purges":0,"victory":false,"max_hp_per_floor":[90,90,90,90,90,90,90,90,90,90,90,90,90,90,90,90,90,90,90,90,90,90,90,90,100,100,100,100,100,100,1,1,1,1,1,1,1,1],"card_choices":[{"not_picked":["Madness","PanicButton"],"picked":"Swift Strike","floor":0.0},{"not_picked":["sneckomod:DiceBlock","sneckomod:UnknownUncommonPower"],"picked":"sneckomod:IronFang","floor":2.0},{"not_picked":["sneckomod:MixItUp","sneckomod:Nope"],"picked":"sneckomod:UnknownUncommonAttack","floor":3.0},{"not_picked":["sneckomod:UnknownBlock","sneckomod:UnknownCommonSkill"],"picked":"sneckomod:DiceCrush","floor":6.0},{"not_picked":["sneckomod:SnekBeam","sneckomod:UnknownExhaust"],"picked":"sneckomod:SnakeSap","floor":8.0},{"not_picked":["sneckomod:QuickMove","sneckomod:Nope"],"picked":"sneckomod:UnknownStrength","floor":9.0},{"not_picked":["sneckomod:UnknownX","sneckomod:Nope"],"picked":"sneckomod:ImprovisedGuard","floor":12.0},{"not_picked":["sneckomod:IronFang","sneckomod:Rotation"],"picked":"sneckomod:Memorize","floor":14.0},{"not_picked":["sneckomod:SoulRoll","sneckomod:SoulCleanse"],"picked":"sneckomod:SerpentIdol","floor":15.0},{"not_picked":["sneckomod:Mudshield","sneckomod:Restock"],"picked":"sneckomod:UnknownBoss","floor":16.0},{"not_picked":["sneckomod:UnknownClassGREEN","sneckomod:UnknownDraw"],"picked":"sneckomod:WideSting","floor":19.0},{"not_picked":["sneckomod:DiceCrush","sneckomod:SerpentIdol"],"picked":"sneckomod:QuickBite+1","floor":21.0},{"not_picked":["sneckomod:Unknown1Cost","sneckomod:GlitteringGambit"],"picked":"sneckomod:Unknown0Cost","floor":25.0},{"not_picked":["sneckomod:Nope","sneckomod:MasterEye"],"picked":"sneckomod:UnknownClassGREEN+1","floor":26},{"not_picked":["sneckomod:UnknownUncommonPower","sneckomod:Unknown1Cost"],"picked":"sneckomod:ImprovisedAttack","floor":27},{"not_picked":["sneckomod:UnknownStrength","sneckomod:Nope"],"picked":"sneckomod:UnknownClassTHE_CHAMP_GRAY","floor":29},{"not_picked":["sneckomod:Unknown1Cost","sneckomod:UnknownCommonSkill"],"picked":"sneckomod:UnknownStrike","floor":30},{"not_picked":["sneckomod:WideSting","sneckomod:UnknownCommonAttack"],"picked":"sneckomod:DefensiveFlair","floor":32},{"not_picked":["sneckomod:UnknownBoss","sneckomod:UnknownRarePower"],"picked":"sneckomod:Mudshield","floor":33}],"player_experience":1324547,"relics_obtained":[{"floor":7.0,"key":"qcfpunch:Red_Headband"},{"floor":9.0,"key":"Juzu Bracelet"},{"floor":12.0,"key":"hubris:SlimyHat"},{"floor":24.0,"key":"Bag of Preparation"},{"floor":25.0,"key":"Pear"}],"event_choices":[{"cards_removed":["sneckomod:UnendingSupply"],"damage_healed":0.0,"max_hp_gain":0.0,"max_hp_loss":0.0,"gold_gain":0.0,"event_name":"betterNote:BetterNote","player_choice":"Take \u0026 Give","floor":20.0,"gold_loss":0.0,"damage_taken":0.0,"cards_obtained":["DeusExMachina"]},{"damage_healed":0.0,"max_hp_gain":0.0,"max_hp_loss":0.0,"gold_gain":0.0,"event_name":"Vampires","player_choice":"Became a vampire (Vial)","floor":22.0,"relics_lost":["Blood Vial"],"gold_loss":0.0,"damage_taken":0.0,"cards_obtained":["Bite","Bite","Bite","Bite","Bite"]}],"is_beta":false,"boss_relics":[{"not_picked":["qcfpunch:Killian_Engine_Alpha","hubris:TerracottaHorce"],"picked":"Astrolabe"},{"not_picked":["Runic Dome","trackpad:Trackpad"],"picked":"trackpad:Coffee"}],"items_purged_floors":[],"is_endless":false,"potions_floor_spawned":[6,8,9,12,25,27,29,32,33],"killed_by":"3 Darklings","ascension_level":0}}