{"host":"ecaj4hn004xnnrw9","time":1611877397,"event":{"mods":["AchievementEnabler","BaseMod","Better Third Choice","Hermit","Hubris","Infinite Spire","Jorbs\u0027s Wanderer Trilogy","Minty Spire (QoL Compilation)","Quick Restart","Relic Stats","Shop Mod","StSLib","The Construct","The Jungle","The Runesmith"],"gold_per_floor":[119,119,138,238,248,248,277,297,297,315,315,61,89,100,100,199,199,215,215,140,140,154,183,183,214,214,225,225,241,241,96,96,197,197,216,216,216,71,81,106,106,131,131,131,151,167,167,217,217,217],"floor_reached":51,"language":"ENG","playtime":2889,"items_purged":["WreathOfFlame","ReachHeaven"],"score":789,"play_id":"7e08a8af-ddd3-4476-90ef-909b213b0334","local_time":"20210128234317","is_ascension_mode":true,"campfire_choices":[{"data":"Wallop","floor":6.0,"key":"SMITH"},{"data":"Vengeance","floor":11.0,"key":"SMITH"},{"data":"Apotheosis","floor":15.0,"key":"SMITH"},{"floor":24.0,"key":"REST"},{"floor":30,"key":"REST"},{"floor":32,"key":"REST"},{"floor":41,"key":"REST"},{"floor":47,"key":"REST"},{"floor":49,"key":"REST"}],"circlet_count":0,"master_deck":["Eruption+1","Vigilance","EmptyBody","BowlingBash","Wallop+1","Swivel","SpiritShield","ThirdEye","FearNoEvil","Vengeance+1","Consecrate","SpiritShield","Apotheosis+1","Meditate","Blasphemy","Crescendo+1","TalkToTheHand","FlurryOfBlows","Dark Shackles","ClearTheMind+1","Adaptation","hubris:InfiniteBlow+214","infinitespire:Collect"],"relics":["Pandora\u0027s Box"],"acts_visited":["Exordium","TheCity","TheBeyond"],"potions_floor_usage":[40,40,46,48,50],"damage_taken":[{"damage":0.0,"enemies":"Jaw Worm","floor":1.0,"turns":2.0},{"damage":0.0,"enemies":"Cultist","floor":3.0,"turns":3.0},{"damage":0.0,"enemies":"2 Louse","floor":5.0,"turns":2.0},{"damage":18.0,"enemies":"3 Sentries","floor":7.0,"turns":3.0},{"damage":10.0,"enemies":"Lots of Slimes","floor":8.0,"turns":3.0},{"damage":0.0,"enemies":"3 Louse","floor":10.0,"turns":2.0},{"damage":1.0,"enemies":"Lagavulin","floor":13.0,"turns":7.0},{"damage":5.0,"enemies":"Blue Slaver","floor":14.0,"turns":3.0},{"damage":17.0,"enemies":"The Guardian","floor":16.0,"turns":11.0},{"damage":17.0,"enemies":"3 Byrds","floor":18.0,"turns":4.0},{"damage":10.0,"enemies":"2 Thieves","floor":22.0,"turns":3.0},{"damage":11.0,"enemies":"Book of Stabbing","floor":23.0,"turns":5.0},{"damage":8.0,"enemies":"Gremlin Leader","floor":25.0,"turns":6.0},{"damage":13,"enemies":"Sentry and Sphere","floor":27,"turns":5},{"damage":12,"enemies":"Colosseum Slavers","floor":28,"turns":4},{"damage":4,"enemies":"Cultist and Chosen","floor":29,"turns":5},{"damage":51,"enemies":"hubris:MusketHawk","floor":33,"turns":10},{"damage":16,"enemies":"3 Darklings","floor":35,"turns":4},{"damage":0,"enemies":"Orb Walker","floor":39,"turns":2},{"damage":46,"enemies":"Reptomancer","floor":40,"turns":6},{"damage":35,"enemies":"Nemesis","floor":42,"turns":7},{"damage":0,"enemies":"Spire Growth","floor":45,"turns":3},{"damage":0,"enemies":"Jaw Worm Horde","floor":46,"turns":3},{"damage":13,"enemies":"Mind Bloom Boss Battle","floor":48,"turns":4},{"damage":17,"enemies":"infinitespire:MassOfShapes","floor":50,"turns":3}],"seed_played":"-6776339363905901298","potions_obtained":[{"floor":1.0,"key":"FairyPotion"},{"floor":7.0,"key":"Ancient Potion"},{"floor":10.0,"key":"GamblersBrew"},{"floor":16.0,"key":"SkillPotion"},{"floor":22.0,"key":"AttackPotion"},{"floor":27,"key":"Explosive Potion"},{"floor":40,"key":"EssenceOfSteel"},{"floor":42,"key":"SkillPotion"},{"floor":45,"key":"SneckoOil"},{"floor":48,"key":"construct:ShiftPotion"}],"is_trial":false,"path_per_floor":["M","?","M","?","M","R","E","M","T","M","R","$","E","M","R","B",null,"M","?","?","?","M","E","R","E","T","M","?","M","R","$","R","B",null,"M","?","?","$","M","E","R","E","T","AVR","M","M","R","?","R","B",null],"character_chosen":"WATCHER","items_purchased":["Apotheosis","Block Potion","Dark Shackles","Adaptation","LiquidMemories"],"campfire_rested":6,"item_purchase_floors":[12,31,31,38,38],"current_hp_per_floor":[72,72,72,72,72,72,54,44,44,44,44,44,43,38,38,21,72,55,55,55,55,45,34,55,47,47,34,22,18,39,39,60,9,72,56,56,56,56,56,10,31,21,21,21,21,21,42,29,50,33],"gold":217,"neow_bonus":"BOSS_RELIC","is_daily":false,"chose_seed":false,"campfire_upgraded":3,"win_rate":0.0,"timestamp":1611877397,"path_taken":["M","?","?","?","?","R","E","M","T","M","R","$","E","M","R","BOSS","M","?","?","?","M","E","R","E","T","M","?","M","R","$","R","BOSS","M","?","?","$","M","E","R","E","T","AVR","?","M","R","?","R","BOSS"],"items_purchased_type":["Card","Potion","Card","Card","Potion"],"build_version":"2020-12-22","purchased_purges":2,"victory":true,"max_hp_per_floor":[72,72,72,72,72,72,72,72,72,72,72,72,72,72,72,72,72,72,72,72,72,72,72,72,72,72,72,72,72,72,72,72,72,72,72,72,72,72,72,72,72,72,72,72,72,72,72,72,72,72],"relic_stats":{"counters":[25,110],"Pandora\u0027s Box":["EmptyBody","BowlingBash","Wallop","Swivel","ReachHeaven","SpiritShield","WreathOfFlame","ThirdEye"],"obtain_stats":[{"Pandora\u0027s Box":0,"PureWater":0},{"Pandora\u0027s Box":0,"PureWater":0},{"Pandora\u0027s Box":0,"PureWater":0}]},"card_choices":[{"not_picked":["Halt","EmptyMind"],"picked":"FearNoEvil","floor":1.0},{"not_picked":["PathToVictory","Crescendo"],"picked":"Vengeance","floor":3.0},{"not_picked":["EmptyFist","Protect"],"picked":"Consecrate","floor":5.0},{"not_picked":["WheelKick","Protect"],"picked":"SpiritShield","floor":7.0},{"not_picked":["JustLucky","WindmillStrike","Consecrate"],"picked":"SKIP","floor":8.0},{"not_picked":["Study","CutThroughFate"],"picked":"InnerPeace","floor":10.0},{"not_picked":["DeceiveReality","Prostrate"],"picked":"Meditate","floor":13.0},{"not_picked":["WreathOfFlame","Crescendo","Prostrate"],"picked":"SKIP","floor":14.0},{"not_picked":["LessonLearned","Brilliance"],"picked":"Blasphemy","floor":16.0},{"not_picked":["PathToVictory","FearNoEvil"],"picked":"Crescendo+1","floor":18.0},{"not_picked":["Consecrate+1","Protect","Perseverance"],"picked":"SKIP","floor":22.0},{"not_picked":["BowlingBash","CrushJoints"],"picked":"TalkToTheHand","floor":23.0},{"not_picked":["CutThroughFate","Wireheading","Devotion"],"picked":"SKIP","floor":25.0},{"not_picked":["ClearTheMind+1","Devotion"],"picked":"FlurryOfBlows","floor":27},{"not_picked":["Evaluate","Perseverance+1","ForeignInfluence"],"picked":"SKIP","floor":29},{"not_picked":["JustLucky","SashWhip+1"],"picked":"ClearTheMind+1","floor":35},{"not_picked":["Evaluate+1","Fasting2+1","Meditate"],"picked":"SKIP","floor":39},{"not_picked":["Adaptation+1","CrushJoints","Protect+1"],"picked":"SKIP","floor":40},{"not_picked":["Prostrate","FlyingSleeves+1","CrushJoints+1"],"picked":"SKIP","floor":42},{"not_picked":["SashWhip","JustLucky","FlyingSleeves+1"],"picked":"SKIP","floor":45},{"not_picked":["EmptyBody+1","ThirdEye+1","Crescendo"],"picked":"SKIP","floor":46}],"player_experience":425218,"relics_obtained":[],"event_choices":[{"damage_healed":0.0,"max_hp_gain":0.0,"max_hp_loss":0.0,"gold_gain":0.0,"event_name":"Accursed Blacksmith","player_choice":"Forge","floor":2.0,"gold_loss":0.0,"damage_taken":0.0,"cards_upgraded":["Eruption"]},{"damage_healed":0.0,"max_hp_gain":0.0,"max_hp_loss":0.0,"gold_gain":100.0,"event_name":"Golden Shrine","player_choice":"Pray","floor":4.0,"gold_loss":0.0,"damage_taken":0.0},{"damage_healed":0.0,"max_hp_gain":0.0,"max_hp_loss":0.0,"gold_gain":0.0,"event_name":"Vampires","player_choice":"Ignored","floor":19.0,"gold_loss":0.0,"damage_taken":0.0},{"cards_removed":["InnerPeace"],"damage_healed":0.0,"max_hp_gain":0.0,"max_hp_loss":0.0,"gold_gain":0.0,"event_name":"Beggar","player_choice":"Gave Gold","floor":20.0,"gold_loss":75.0,"damage_taken":0.0},{"damage_healed":0.0,"max_hp_gain":0.0,"max_hp_loss":0.0,"gold_gain":0.0,"event_name":"Ghosts","player_choice":"Ignored","floor":21.0,"gold_loss":0.0,"damage_taken":0.0},{"damage_healed":0,"gold_gain":0,"player_choice":"Fight","damage_taken":0,"max_hp_gain":0,"max_hp_loss":0,"event_name":"Colosseum","floor":28,"gold_loss":0},{"damage_healed":0,"gold_gain":0,"player_choice":"Fled From Nobs","damage_taken":0,"max_hp_gain":0,"max_hp_loss":0,"event_name":"Colosseum","floor":28,"gold_loss":0},{"damage_healed":0,"gold_gain":0,"player_choice":"Ignored","damage_taken":0,"max_hp_gain":0,"max_hp_loss":0,"event_name":"betterThird:BetterPortal","floor":37,"gold_loss":0},{"damage_healed":0,"gold_gain":0,"player_choice":"Fight","damage_taken":0,"max_hp_gain":0,"max_hp_loss":0,"event_name":"MindBloom","floor":48,"gold_loss":0}],"is_beta":false,"boss_relics":[{"not_picked":["Astrolabe","Snecko Eye","Ectoplasm"]},{"not_picked":[]}],"items_purged_floors":[12,44],"is_endless":false,"potions_floor_spawned":[1,7,10,14,16,22,23,27,28,40,42,45,48],"ascension_level":1}}