{"host":"qswkx8hggytna0kc","time":1611912708,"event":{"mods":["Aspiration","BaseMod","BetterRewards","Colored Map","Colored Powertips","Highlight Path","Hubris","Mimic Mod","Minty Spire (QoL Compilation)","MostiFishMod","Quick Restart","Replay The Spire","StSLib","SuperFastMode"],"gold_per_floor":[113,113,113,130,145,174,174,205,228,239,239,268,268,268,268,367,367,384,403,417,97,97,125,140,153,153,183,183,202,231,248,248,353,353,371,371,386,402,419,446,446,479,513,526,545,545,580,592,592,592],"floor_reached":51,"language":"ZHS","playtime":1167,"items_purged":["MostiFishMod:CullingBlade"],"score":1394,"play_id":"8bca2f60-a145-4f9f-a984-e47ddfa5320a","local_time":"20210129173148","is_ascension_mode":true,"campfire_choices":[{"data":"hubris:CleavingFinish","floor":7,"key":"SMITH"},{"data":"Perfected Strike","floor":11,"key":"SMITH"},{"data":"ReplayTheSpireMod:Strike From Hell","floor":13,"key":"SMITH"},{"data":"Sentinel","floor":15,"key":"SMITH"},{"data":"Perfected Strike","floor":32,"key":"SMITH"},{"floor":41,"key":"RECALL"},{"data":"Searing Blow","floor":49,"key":"SMITH"}],"circlet_count":0,"master_deck":["Strike_R","Strike_R","Strike_R","Strike_R","Defend_R","Defend_R","Defend_R","Bash","Clash","ReplayTheSpireMod:Strike From Hell+1","Wild Strike","hubris:CleavingFinish+1","Perfected Strike+1","Anger","Sentinel+1","Cleave","Replay:Undeath\u0027s Touch","Carnage","MostiFishMod:SupremeArchaeology","Perfected Strike+1","Havoc+1","Whirlwind","Pommel Strike+1","RitualDagger","ReplayTheSpireMod:Strike From Hell","Wild Strike","Wild Strike","MostiFishMod:DarkDeal","Pummel","Headbutt","Havoc+1","Replay:Undeath\u0027s Touch","Havoc+1","Replay:Undeath\u0027s Touch+1","Searing Blow+1","Sentinel","Pummel","Pommel Strike","Reckless Charge"],"relics":["Burning Blood","DaveBox","DianPoetry","aspiration:Nostalgia","PureWater","SynthV:TestCard","aspiration:FrozenJewel","Replay:Wax Seal","Boot","Self Forming Clay","Replay:Grab Bag","Philosopher\u0027s Stone","Ooze Armor","aspiration:PoetsPen_weak","Civilization","Tiny Chest","Mercury Hourglass","MealTicket","hubris:64BitClover","NightmareShop","Nunchaku","Regal Pillow","hubris:MedicalManual","Chameleon Ring","hubris:Icosahedron","Red Skull"],"acts_visited":["Exordium","TheCity","TheBeyond"],"potions_floor_usage":[8],"damage_taken":[{"damage":0,"enemies":"Cultist","floor":1,"turns":2},{"damage":0,"enemies":"Small Slimes","floor":4,"turns":2},{"damage":2,"enemies":"Jaw Worm","floor":5,"turns":3},{"damage":30,"enemies":"Lagavulin","floor":6,"turns":5},{"damage":14,"enemies":"Gremlin Nob","floor":8,"turns":3},{"damage":9,"enemies":"Looter","floor":10,"turns":2},{"damage":0,"enemies":"Lagavulin","floor":12,"turns":4},{"damage":27,"enemies":"Fading Forest","floor":16,"turns":11},{"damage":16,"enemies":"2 Thieves","floor":18,"turns":2},{"damage":8,"enemies":"Chosen","floor":19,"turns":2},{"damage":12,"enemies":"Centurion and Healer","floor":20,"turns":3},{"damage":17,"enemies":"Replay:Snechameleon","floor":23,"turns":2},{"damage":0,"enemies":"Snecko","floor":24,"turns":2},{"damage":14,"enemies":"Cultist and Chosen","floor":25,"turns":2},{"damage":2,"enemies":"Book of Stabbing","floor":27,"turns":2},{"damage":10,"enemies":"Snake Plant","floor":29,"turns":1},{"damage":12,"enemies":"Slavers","floor":30,"turns":2},{"damage":0,"enemies":"3 Cultists","floor":31,"turns":2},{"damage":0,"enemies":"Collector","floor":33,"turns":2},{"damage":0,"enemies":"Orb Walker","floor":35,"turns":1},{"damage":16,"enemies":"3 Shapes","floor":37,"turns":1},{"damage":5,"enemies":"Maw","floor":38,"turns":1},{"damage":0,"enemies":"Sphere and 2 Shapes","floor":39,"turns":1},{"damage":0,"enemies":"R_Hoarder","floor":40,"turns":2},{"damage":16,"enemies":"Nemesis","floor":42,"turns":2},{"damage":5,"enemies":"3 Darklings","floor":43,"turns":2},{"damage":0,"enemies":"3 Darklings","floor":44,"turns":2},{"damage":12,"enemies":"4 Shapes","floor":45,"turns":2},{"damage":5,"enemies":"R_Hoarder","floor":47,"turns":2},{"damage":0,"enemies":"Jaw Worm Horde","floor":48,"turns":1},{"damage":65,"enemies":"Donu and Deca","floor":50,"turns":3}],"seed_played":"4097941842957613102","potions_obtained":[{"floor":4,"key":"PowerPotion"},{"floor":6,"key":"Dexterity Potion"},{"floor":12,"key":"Weak Potion"},{"floor":20,"key":"Dexterity Potion"},{"floor":27,"key":"BloodPotion"}],"is_trial":false,"path_per_floor":["M","?","?","M","M","E","R","E","T","M","R","E","R","?","R","B",null,"M","M","M","$","?","E","M","M","T","E","?","M","E","M","R","B",null,"M","?","M","M","M","E","R","E","MIM","M","M","?","E","M","R","B",null],"character_chosen":"IRONCLAD","items_purchased":["MostiFishMod:SupremeArchaeology","Civilization"],"campfire_rested":0,"item_purchase_floors":[21,21],"current_hp_per_floor":[78,71,71,77,80,56,56,48,48,45,45,51,51,56,56,43,75,65,63,57,57,57,47,55,51,51,60,54,55,54,65,65,76,107,118,118,113,119,130,141,141,136,142,153,152,152,158,169,169,115],"gold":592,"neow_bonus":"NOSTALGIA","is_daily":false,"chose_seed":false,"campfire_upgraded":6,"win_rate":0.0,"timestamp":1611912708,"path_taken":["M","?","?","M","?","E","R","E","T","M","R","E","R","?","R","BOSS","M","M","M","$","?","E","M","M","T","E","?","M","E","M","R","BOSS","M","?","M","M","M","E","R","E","MIM","M","M","?","E","M","R","BOSS"],"items_purchased_type":["Card","Relic"],"build_version":"2020-12-22","purchased_purges":1,"victory":true,"max_hp_per_floor":[80,80,80,80,80,80,80,80,80,80,80,80,80,85,85,85,85,85,85,85,85,85,86,88,92,92,97,97,102,107,112,112,117,117,122,122,127,132,137,142,142,147,152,157,162,162,167,172,172,177],"card_choices":[{"not_picked":["Entrench","Sword Boomerang"],"picked":"Clash","floor":1},{"not_picked":["Run Through","Massacre","Inflame","True Grit"],"picked":"ReplayTheSpireMod:Strike From Hell","floor":4},{"not_picked":["Power Through","Flex","Feel No Pain","Thunderclap"],"picked":"Wild Strike","floor":5},{"not_picked":["Hemokinesis","Body Slam","MostiFishMod:BrandingRite","Clash"],"picked":"hubris:CleavingFinish","floor":6},{"not_picked":["hubris:ReadiedAction","Brutality","Run Through","Burning Pact"],"picked":"Perfected Strike","floor":8},{"not_picked":["ReplayTheSpireMod:Muscle Training","Wild Strike","Metallicize","Reckless Charge"],"picked":"Anger","floor":10},{"not_picked":["Reckless Charge","Heavy Blade","Pommel Strike","Rupture"],"picked":"Sentinel","floor":12},{"not_picked":["Offering","Fiend Fire","Eclipse","MostiFishMod:PerfectStrikeMKII"],"picked":"MostiFishMod:CullingBlade","floor":16},{"not_picked":["Clothesline","Sword Boomerang","Flex+1","Havoc"],"picked":"Cleave","floor":18},{"not_picked":["Flex+1","Spot Weakness","Run Through","Heavy Blade"],"picked":"Replay:Undeath\u0027s Touch","floor":19},{"not_picked":["hubris:StunningStrike","Thunderclap","Heavy Blade","Warcry+1"],"picked":"Carnage","floor":20},{"not_picked":["ReplayTheSpireMod:Muscle Training","Run Through","Clothesline+1","ReplayTheSpireMod:Strike From Hell+1"],"picked":"Perfected Strike","floor":23},{"not_picked":["Second Wind","Headbutt","Reckless Charge","Armaments"],"picked":"Havoc+1","floor":24},{"not_picked":["MostiFishMod:BrandingRite+1","Dual Wield","Limit Break","Cleave"],"picked":"Whirlwind","floor":25},{"not_picked":["Thunderclap","Blood for Blood+1","hubris:SharpeningStone","Dark Embrace"],"picked":"Pommel Strike+1","floor":27},{"not_picked":["Hemokinesis","ReplayTheSpireMod:LeadingStrike","Havoc+1","Wild Strike"],"picked":"ReplayTheSpireMod:Strike From Hell","floor":29},{"not_picked":["Dark Embrace+1","Flex","Ghostly Armor","hubris:CleavingFinish"],"picked":"Wild Strike","floor":30},{"not_picked":["Headbutt","Havoc","Flex+1","Thunderclap+1"],"picked":"Wild Strike","floor":31},{"not_picked":["Demon Form","Barricade","Hemogenesis","Berserk"],"picked":"MostiFishMod:DarkDeal","floor":33},{"not_picked":["Body Slam","Thunderclap+1","Second Wind+1","Shrug It Off"],"picked":"Pummel","floor":35},{"not_picked":["Thunderclap","Warcry","Rampage","hubris:ReadiedAction+1"],"picked":"Headbutt","floor":37},{"not_picked":["Sword Boomerang+1","Clash","Abandon","hubris:CleavingFinish"],"picked":"Havoc+1","floor":38},{"not_picked":["ReplayTheSpireMod:Corrosion Curse","Thunderclap+1","Sword Boomerang+1","Massacre+1"],"picked":"Replay:Undeath\u0027s Touch","floor":39},{"not_picked":["Iron Wave","Hemokinesis","ReplayTheSpireMod:Strike From Hell","Double Tap"],"picked":"Havoc+1","floor":40},{"not_picked":["Disarm","Heavy Blade","Warcry","Feel No Pain"],"picked":"Replay:Undeath\u0027s Touch+1","floor":42},{"not_picked":["Dark Embrace","Sword Boomerang+1","Shrug It Off","True Grit+1"],"picked":"Searing Blow","floor":43},{"not_picked":["Spot Weakness+1","Rupture+1","Combust+1","Sword Boomerang"],"picked":"Sentinel","floor":44},{"not_picked":["Carnage+1","Feel No Pain+1","Flex","Body Slam+1"],"picked":"Pummel","floor":45},{"not_picked":["Burning Pact","Armaments+1","Havoc+1","Dual Wield+1"],"picked":"Pommel Strike","floor":47},{"not_picked":["MostiFishMod:#F4004+1","Warcry","ReplayReversal","Rage+1"],"picked":"Reckless Charge","floor":48}],"player_experience":384157,"relics_obtained":[{"floor":1,"key":"SynthV:TestCard"},{"floor":6,"key":"aspiration:FrozenJewel"},{"floor":8,"key":"Replay:Wax Seal"},{"floor":9,"key":"Boot"},{"floor":12,"key":"Self Forming Clay"},{"floor":23,"key":"Tiny Chest"},{"floor":26,"key":"Mercury Hourglass"},{"floor":27,"key":"MealTicket"},{"floor":30,"key":"hubris:64BitClover"},{"floor":40,"key":"Nunchaku"},{"floor":42,"key":"Regal Pillow"},{"floor":43,"key":"hubris:MedicalManual"},{"floor":44,"key":"Chameleon Ring"},{"floor":47,"key":"Red Skull"}],"event_choices":[{"cards_removed":["Strike_R"],"damage_healed":0,"gold_gain":0,"player_choice":"Card Removal","damage_taken":7,"max_hp_gain":0,"max_hp_loss":0,"event_name":"Golden Wing","floor":2,"gold_loss":0},{"damage_healed":0,"gold_gain":0,"player_choice":"Bought 0 Potions","damage_taken":0,"max_hp_gain":0,"max_hp_loss":0,"event_name":"The Woman in Blue","floor":3,"gold_loss":0},{"damage_healed":0,"gold_gain":0,"player_choice":"Donut","damage_taken":0,"max_hp_gain":5,"max_hp_loss":0,"event_name":"Big Fish","floor":14,"gold_loss":0},{"damage_healed":0,"gold_gain":0,"player_choice":"Joined the Cult","damage_taken":6,"max_hp_gain":0,"max_hp_loss":0,"event_name":"Nest","floor":28,"gold_loss":0,"cards_obtained":["RitualDagger"]},{"cards_removed":["Defend_R"],"damage_healed":0,"gold_gain":0,"player_choice":"Purged","damage_taken":0,"max_hp_gain":0,"max_hp_loss":0,"event_name":"Purifier","floor":36,"gold_loss":0}],"is_beta":false,"boss_relics":[{"not_picked":["FixedStarFall","Empty Cage"],"picked":"Replay:Grab Bag"},{"not_picked":["Velvet Choker","Runic Dome"],"picked":"Philosopher\u0027s Stone"},{"not_picked":["Sozu","Busted Crown"],"picked":"Ooze Armor"},{"not_picked":["Mark of Pain","Calling Bell"],"picked":"aspiration:PoetsPen_weak"},{"not_picked":["hubris:GrandSneckoEye","BloodWine"],"picked":"NightmareShop"}],"items_purged_floors":[21],"is_endless":false,"potions_floor_spawned":[4,6,12,20,23,27,30,35,39,42,44,47],"ascension_level":8}}