{"host":"hl3ams4am2ku5u4p","time":1611930642,"event":{"mods":["AchievementEnabler","Act Like it!","Aspiration","BaseMod","Beaked The Cultist","BetterRewards","CatGirl Mod","Colored Map","Colored Powertips","Conspire","Downfall","Energized Spire","Halation","Hallownest","HornydragonMod","Hubris","Infinite Spire","Mad Scientist","Magitek Elite","Minty Spire (QoL Compilation)","READ ME - Guardian Mod","Replay The Spire","Spikes Relics","StSLib","SuperFastMode","The Blackbeard","The Bug Knight","The Construct","The Disciple","The Jungle","The Mystic","The Necromancer","The Senshi"],"gold_per_floor":[99,115,115,115,25,25,51,51,51,61,80,109,127,112,123,220,220,220,234,91,91,291,304,331,331,342,368,378,162,162,162,162,181,201,296,296,296,307,307,307,307,327,327,327,338,338],"floor_reached":47,"language":"FRA","playtime":3566,"items_purged":["downfall:Haunted"],"score":643,"play_id":"cd999d00-842b-44eb-a506-9afe42771214","local_time":"20210129153042","is_ascension_mode":false,"campfire_choices":[{"data":"Guardian:TwinSlam","floor":1,"key":"SMITH"},{"data":"Guardian:SphericShield","floor":8,"key":"SMITH"},{"data":"Guardian:MultiBeam","floor":18,"key":"SMITH"},{"data":"Guardian:BodySlam","floor":25,"key":"SMITH"},{"data":"Guardian:PrismaticBeam","floor":30,"key":"SMITH"},{"data":"Guardian:BodySlam","floor":37,"key":"SMITH"},{"data":"expansioncontent:Chronoboost","floor":41,"key":"SMITH"},{"data":"Guardian:HyperBeam_Guardian","floor":43,"key":"SMITH"}],"circlet_count":0,"master_deck":["Guardian:Strike_Guardian","Guardian:Strike_Guardian","Guardian:Strike_Guardian","Guardian:Strike_Guardian","Guardian:Defend_Guardian","Guardian:Defend_Guardian","Guardian:Defend_Guardian","Guardian:Defend_Guardian","Guardian:CurlUp","Guardian:TwinSlam+1","Guardian:BronzeArmor","downfall:Haunted","ReplayTheSpireMod:Doomed","Guardian:SphericShield+1","Guardian:EvasiveProtocol","Guardian:Planning","Guardian:MultiBeam+1","Guardian:StasisStrike","Injury","Clumsy","Injury","Guardian:DecasProtection","Guardian:RollAttack+1","Guardian:Suspension","Guardian:BodySlam+1","downfall:Haunted","Guardian:StasisField","Guardian:PrismaticBeam+1","Guardian:TimeCapacitor","Guardian:TimeBomb","Guardian:BodySlam+1","Guardian:FloatingOrbs","Guardian:WalkerClaw+1","Guardian:HyperBeam_Guardian+1","Guardian:FloatingOrbs","expansioncontent:Chronoboost+1","Guardian:SpikerProtocol+1","Guardian:Gem_Red"],"relics":["Guardian:ModeShifter","Darkstone Periapt","hubris:Towel","Tiny Chest","aspiration:HatOfInfinitePower","Replay:Ancient Bell","Simple Rune","Garlic","Prayer Wheel","Bag of Marbles","Oddly Smooth Stone","Incense Burner","halation:PinkAlligatorPlush","downfall:TeleportStone","Vajra"],"acts_visited":["Exordium","TheCity","TheBeyond"],"potions_floor_usage":[12,16,16,16,27,27,35,38,46],"damage_taken":[{"damage":2,"enemies":"2 Louse","floor":2,"turns":3},{"damage":0,"enemies":"downfall:FleeingMerchant","floor":5,"turns":4},{"damage":1,"enemies":"Jaw Worm","floor":10,"turns":4},{"damage":2,"enemies":"Small Slimes","floor":11,"turns":6},{"damage":12,"enemies":"3 Sentries","floor":12,"turns":10},{"damage":10,"enemies":"Exordium Thugs","floor":13,"turns":6},{"damage":5,"enemies":"downfall:FleeingMerchant","floor":14,"turns":4},{"damage":0,"enemies":"Lots of Slimes","floor":15,"turns":1},{"damage":59,"enemies":"IC_STATUS_ARCHETYPE","floor":16,"turns":18},{"damage":0,"enemies":"Chosen","floor":19,"turns":6},{"damage":0,"enemies":"downfall:FleeingMerchant","floor":20,"turns":4},{"damage":8,"enemies":"3 Cultists","floor":23,"turns":3},{"damage":16,"enemies":"Snecko","floor":26,"turns":6},{"damage":18,"enemies":"Book of Stabbing","floor":27,"turns":4},{"damage":6,"enemies":"Cultist and Chosen","floor":28,"turns":6},{"damage":0,"enemies":"downfall:FleeingMerchant","floor":29,"turns":4},{"damage":5,"enemies":"Centurion and Healer","floor":33,"turns":6},{"damage":0,"enemies":"Snecko","floor":34,"turns":4},{"damage":87,"enemies":"DF_ARCHETYPE_CLAW","floor":35,"turns":12},{"damage":17,"enemies":"Orb Walker","floor":38,"turns":4},{"damage":17,"enemies":"3 Darklings","floor":42,"turns":5},{"damage":19,"enemies":"Jaw Worm Horde","floor":45,"turns":5},{"damage":110,"enemies":"WA_ARCHETYPE_DIVINITY","floor":46,"turns":9}],"seed_played":"-7685176784447356963","potions_obtained":[{"floor":2,"key":"Weak Potion"},{"floor":10,"key":"Strength Potion"},{"floor":13,"key":"SpeedPotion"},{"floor":15,"key":"SpeedPotion"},{"floor":16,"key":"hexamod:SoulburnPotion"},{"floor":26,"key":"ColorlessPotion"},{"floor":28,"key":"Regen Potion"},{"floor":33,"key":"Block Potion"},{"floor":42,"key":"BlessingOfTheForge"},{"floor":45,"key":"Weak Potion"}],"is_trial":false,"path_per_floor":["R","M","?","?","$","?","T","R","?","M","M","E","M","$","M","B",null,"R","M","$","T","?","M","T","R","M","E","M","$","R","PTL","PTL","M","M","B",null,"R","M","?","?","R","M","R","T","M","B",null],"character_chosen":"GUARDIAN","items_purchased":["Guardian:Suspension","Guardian:BodySlam","Guardian:Gem_Lightblue","Guardian:BodySlam","Guardian:FloatingOrbs"],"campfire_rested":0,"item_purchase_floors":[20,20,29,29,29],"current_hp_per_floor":[88,86,86,104,104,104,104,104,104,103,101,89,79,74,74,15,124,124,124,124,124,130,122,122,122,106,88,82,82,82,82,82,77,77,5,130,130,113,113,113,113,96,96,96,77,130],"gold":338,"neow_bonus":"TEN_PERCENT_HP_BONUS","is_daily":false,"chose_seed":false,"campfire_upgraded":8,"win_rate":0.0,"timestamp":1611930642,"path_taken":["R","M","?","?","$","?","T","R","?","M","M","E","?","$","M","BOSS","R","M","?","?","?","M","T","R","M","E","M","$","R","PTL","PTL","M","M","BOSS","R","M","?","?","R","M","R","?","M","BOSS"],"items_purchased_type":["Card","Card","Card","Card","Card"],"build_version":"2020-12-22","purchased_purges":1,"victory":true,"max_hp_per_floor":[88,88,88,106,106,106,106,106,106,106,106,106,106,106,106,106,124,124,124,124,124,130,130,130,130,130,130,130,130,130,130,130,130,130,130,130,130,130,130,130,130,130,130,130,130,130],"card_choices":[{"not_picked":["Guardian:ShieldCharger","Guardian:Gem_Fragmented"],"picked":"Guardian:BronzeArmor","floor":2},{"not_picked":["Guardian:PrimingBeam","Guardian:Incinerate"],"picked":"Guardian:Gem_Yellow","floor":5},{"not_picked":["Guardian:Emergency","Guardian:Gem_Fragmented"],"picked":"Guardian:EvasiveProtocol","floor":10},{"not_picked":["Guardian:Reroute","Guardian:PrimingBeam","Guardian:Gem_Yellow"],"picked":"SKIP","floor":11},{"not_picked":["Guardian:Recover","Guardian:Gem_Fragmented"],"picked":"Guardian:Planning","floor":12},{"not_picked":["Guardian:WalkerClaw","Guardian:Gem_Cyan"],"picked":"Guardian:MultiBeam","floor":13},{"not_picked":["Guardian:Gem_Red","Guardian:BronzeOrb"],"picked":"Guardian:StasisStrike","floor":14},{"not_picked":["Guardian:PiercingHide","Guardian:WalkerClaw","Guardian:ShieldCharger"],"picked":"SKIP","floor":15},{"not_picked":["Guardian:FastForward","Guardian:RevengeProtocol"],"picked":"Guardian:Gem_Orange","floor":16},{"not_picked":["Hatred","CurseOfTheBell"],"picked":"Injury","floor":17},{"not_picked":["Delirium","Spreading Infection"],"picked":"Clumsy","floor":17},{"not_picked":["hubris:Greed","hubris:Despair"],"picked":"Injury","floor":17},{"not_picked":["Guardian:TemporalStrike","Guardian:PrimingBeam+1"],"picked":"Guardian:Gem_Green","floor":19},{"not_picked":["Guardian:Incinerate","Guardian:SphericShield"],"picked":"Guardian:DecasProtection","floor":19},{"not_picked":["Guardian:ChargeCore+1","Guardian:ShieldSpikes"],"picked":"Guardian:RollAttack+1","floor":20},{"not_picked":["Guardian:BronzeArmor","Guardian:Suspension+1"],"picked":"Guardian:Gem_Blue","floor":23},{"not_picked":["Guardian:TemporalShield","Guardian:Incinerate+1","Guardian:Planning+1"],"picked":"SKIP","floor":23},{"not_picked":["Guardian:Gem_Fragmented","Guardian:RollAttack"],"picked":"Guardian:Gem_Crimson","floor":26},{"not_picked":["Guardian:TemporalShield","Guardian:ShieldCharger","Guardian:ShieldSpikes"],"picked":"SKIP","floor":26},{"not_picked":["Guardian:PrimingBeam","Guardian:VentSteam"],"picked":"Guardian:StasisField","floor":27},{"not_picked":["Guardian:TemporalStrike","Guardian:Gem_Red"],"picked":"Guardian:PrismaticBeam","floor":28},{"not_picked":["Guardian:PolyBeam","Guardian:WalkerClaw"],"picked":"Guardian:TimeCapacitor","floor":28},{"not_picked":["Guardian:ChargeCore","Guardian:BronzeArmor"],"picked":"Guardian:TimeBomb","floor":29},{"not_picked":["Guardian:MultiBeam","Guardian:ShieldCharger"],"picked":"Guardian:WalkerClaw+1","floor":33},{"not_picked":["Guardian:SentryBeam","Guardian:Gem_White","Guardian:WalkerClaw+1"],"picked":"SKIP","floor":33},{"not_picked":["Guardian:Preprogram","Guardian:PolyBeam"],"picked":"Guardian:Gem_Lightblue","floor":34},{"not_picked":["Guardian:RefractedBeam","Guardian:Gem_Cyan"],"picked":"Guardian:Gem_Lightblue","floor":34},{"not_picked":["Guardian:Gem_Synthetic","Guardian:AncientConstruct"],"picked":"Guardian:HyperBeam_Guardian","floor":35},{"not_picked":["Guardian:Planning","Guardian:Gem_Fragmented"],"picked":"Guardian:FloatingOrbs","floor":38},{"not_picked":["Guardian:PiercingHide","Guardian:Planning","Guardian:DecasProtection"],"picked":"SKIP","floor":38},{"not_picked":["Replay:SS_fish_1","Replay:SS_hec_1"],"picked":"expansioncontent:Chronoboost","floor":39},{"not_picked":["Guardian:Recover+1","Guardian:ArmoredProtocol"],"picked":"Guardian:SpikerProtocol+1","floor":42},{"not_picked":["Guardian:RevengeProtocol","Guardian:Gem_Yellow","Guardian:Clone+1"],"picked":"SKIP","floor":42},{"not_picked":["Guardian:Gem_Lightblue","Guardian:Gem_Cyan"],"picked":"Guardian:Gem_Red","floor":45},{"not_picked":["Guardian:Preprogram","Guardian:BronzeOrb","Guardian:ShieldCharger+1"],"picked":"SKIP","floor":45}],"player_experience":36643,"relics_obtained":[{"floor":7,"key":"Tiny Chest"},{"floor":12,"key":"aspiration:HatOfInfinitePower"},{"floor":21,"key":"Bag of Marbles"},{"floor":24,"key":"Oddly Smooth Stone"},{"floor":27,"key":"Incense Burner"},{"floor":44,"key":"Vajra"}],"event_choices":[],"is_beta":false,"boss_relics":[{"not_picked":["Runic Pyramid","aspiration:RunicSpoon"],"picked":"Replay:Ancient Bell"},{"not_picked":["MawBank","Tintinnabulum"],"picked":"Simple Rune"},{"not_picked":["infinitespire:Midas Blood","hubris:DisguiseKit"],"picked":"Garlic"},{"not_picked":["hubris:MedicalManual","Torii"],"picked":"Prayer Wheel"},{"not_picked":["infinitespire:Cupcake","Snecko Eye"],"picked":"halation:PinkAlligatorPlush"}],"items_purged_floors":[5],"is_endless":false,"potions_floor_spawned":[2,10,13,15,16,26,28,33,42,45],"ascension_level":0}}