{"host":"c59jaj2b7ki1imdm","time":1611963275,"event":{"mods":["AchievementEnabler","BaseMod","Hermit","Hubris","Minty Spire (QoL Compilation)","StSLib","The Construct","The Hierophant"],"gold_per_floor":[116,129,140,152,164,164,175,193,220,284,304,304,331,27,27,125,125,141,141,154,154,168,168,193,193,217,217,217,217,228,248,248,345,345,355,375,24,38,48,48,48,48,48,59,78,78,0,0,0,0],"floor_reached":51,"language":"ENG","playtime":5143,"items_purged":[],"score":698,"play_id":"fec5a64d-7bf6-44ea-8f15-c5d6adcc8158","local_time":"20210130003435","is_ascension_mode":false,"campfire_choices":[{"floor":6.0,"key":"REST"},{"data":"Fusion","floor":15.0,"key":"SMITH"},{"floor":23.0,"key":"REST"},{"floor":25.0,"key":"REST"},{"floor":27.0,"key":"REST"},{"floor":32.0,"key":"REST"},{"floor":40,"key":"REST"},{"floor":42,"key":"REST"},{"floor":46,"key":"REST"},{"floor":49,"key":"REST"}],"circlet_count":0,"master_deck":["Strike_B","Strike_B","Strike_B","Strike_B","Defend_B","Defend_B","Defend_B","Defend_B","Zap","Dualcast","Finesse","Fusion+1","Cold Snap","FTL","Beam Cell","Leap","Buffer","White Noise","Genetic Algorithm+1","Hello World","Machine Learning","Thunder Strike","hubris:Ukulele","Scrape+1","Steam+1","Glacier","Glacier","White Noise","Meteor Strike","Ball Lightning+1","Redo","Defragment","Reinforced Body+1","Parasite","Streamline+1","Good Instincts","Loop+1","Consume+1"],"relics":["Cracked Core","Toy Ornithopter","PreservedInsect","hubris:BallOfYels","Lee\u0027s Waffle","Bronze Scales","Inserter","hubris:Icosahedron","hubris:Towel","Bag of Marbles","Boot","Incense Burner","SlaversCollar","Calipers","Mercury Hourglass","Red Mask"],"acts_visited":["Exordium","TheCity","TheBeyond"],"potions_floor_usage":[39,44],"damage_taken":[{"damage":1.0,"enemies":"Jaw Worm","floor":1.0,"turns":4.0},{"damage":11.0,"enemies":"2 Louse","floor":2.0,"turns":4.0},{"damage":0.0,"enemies":"Small Slimes","floor":3.0,"turns":3.0},{"damage":10.0,"enemies":"Blue Slaver","floor":4.0,"turns":4.0},{"damage":13.0,"enemies":"Large Slime","floor":5.0,"turns":5.0},{"damage":9.0,"enemies":"3 Louse","floor":7.0,"turns":3.0},{"damage":0.0,"enemies":"Exordium Wildlife","floor":8.0,"turns":2.0},{"damage":4.0,"enemies":"Gremlin Nob","floor":10.0,"turns":4.0},{"damage":8.0,"enemies":"2 Fungi Beasts","floor":11.0,"turns":4.0},{"damage":20.0,"enemies":"3 Sentries","floor":13.0,"turns":5.0},{"damage":41.0,"enemies":"Hexaghost","floor":16.0,"turns":8.0},{"damage":17.0,"enemies":"3 Byrds","floor":18.0,"turns":4.0},{"damage":16.0,"enemies":"Shell Parasite","floor":20.0,"turns":6.0},{"damage":43.0,"enemies":"Sentry and Sphere","floor":22.0,"turns":5.0},{"damage":32.0,"enemies":"Book of Stabbing","floor":24.0,"turns":5.0},{"damage":0.0,"enemies":"Centurion and Healer","floor":30.0,"turns":8.0},{"damage":0.0,"enemies":"Snake Plant","floor":31.0,"turns":5.0},{"damage":38.0,"enemies":"hubris:MusketHawk","floor":33.0,"turns":11.0},{"damage":26.0,"enemies":"3 Darklings","floor":35.0,"turns":7.0},{"damage":23.0,"enemies":"Orb Walker","floor":36.0,"turns":5.0},{"damage":32.0,"enemies":"4 Shapes","floor":38.0,"turns":5.0},{"damage":5,"enemies":"Writhing Mass","floor":39,"turns":9},{"damage":22,"enemies":"Spire Growth","floor":44,"turns":5},{"damage":3,"enemies":"Sphere and 2 Shapes","floor":45,"turns":6},{"damage":24,"enemies":"Time Eater","floor":50,"turns":14}],"seed_played":"6279216146072774448","potions_obtained":[{"floor":4.0,"key":"BlessingOfTheForge"},{"floor":5.0,"key":"ColorlessPotion"},{"floor":8.0,"key":"Energy Potion"},{"floor":10.0,"key":"Swift Potion"},{"floor":16.0,"key":"Regen Potion"},{"floor":18.0,"key":"SpeedPotion"},{"floor":31.0,"key":"PowerPotion"},{"floor":35.0,"key":"LiquidMemories"},{"floor":36.0,"key":"AttackPotion"},{"floor":45,"key":"construct:ShiftPotion"}],"is_trial":false,"path_per_floor":["M","M","M","M","M","R","M","M","T","?","M","?","E","$","R","B",null,"M","?","M","?","M","R","E","R","T","R","T","?","M","M","R","B",null,"M","M","$","M","M","R","?","R","T","M","M","R","?","$","R","B",null],"character_chosen":"DEFECT","items_purchased":["Lee\u0027s Waffle","Bronze Scales","Calipers","Defragment"],"campfire_rested":9,"item_purchase_floors":[14,14,37,37],"current_hp_per_floor":[74,63,63,53,40,62,53,53,53,54,46,46,31,82,82,41,82,65,65,49,49,6,30,15,39,39,63,63,63,63,63,82,49,82,56,33,33,6,6,30,30,54,54,37,34,58,58,58,82,58],"gold":0,"neow_bonus":"RANDOM_COLORLESS","is_daily":false,"chose_seed":false,"campfire_upgraded":1,"win_rate":0.0,"timestamp":1611963275,"path_taken":["M","M","M","M","M","R","M","M","T","?","M","?","E","$","R","BOSS","M","?","M","?","M","R","E","R","T","R","?","?","M","M","R","BOSS","M","M","$","M","M","R","?","R","T","M","M","R","?","?","R","BOSS"],"items_purchased_type":["Relic","Relic","Relic","Card"],"build_version":"2020-12-22","purchased_purges":0,"victory":true,"max_hp_per_floor":[75,75,75,75,75,75,75,75,75,75,75,75,75,82,82,82,82,82,82,82,82,82,82,82,82,82,82,82,82,82,82,82,82,82,82,82,82,82,82,82,82,82,82,82,82,82,82,82,82,82],"card_choices":[{"not_picked":["Deep Breath","Jack Of All Trades"],"picked":"Finesse","floor":0.0},{"not_picked":["Ball Lightning","Steam Power"],"picked":"Fusion","floor":1.0},{"not_picked":["Aggregate","Sweeping Beam"],"picked":"Cold Snap","floor":2.0},{"not_picked":["Hologram","Gash"],"picked":"FTL","floor":3.0},{"not_picked":["Go for the Eyes","Coolheaded"],"picked":"Beam Cell","floor":4.0},{"not_picked":["Coolheaded","Hologram"],"picked":"Leap","floor":5.0},{"not_picked":["Ball Lightning","Redo"],"picked":"Buffer","floor":7.0},{"not_picked":["Undo","Beam Cell"],"picked":"White Noise","floor":8.0},{"not_picked":["Defragment","Compile Driver"],"picked":"Genetic Algorithm","floor":10.0},{"not_picked":["Turbo","Barrage"],"picked":"Hello World","floor":11.0},{"not_picked":["Coolheaded","Steam"],"picked":"Machine Learning","floor":13.0},{"not_picked":["Core Surge","Reboot"],"picked":"Thunder Strike","floor":16.0},{"not_picked":["Loop","Conserve Battery"],"picked":"hubris:Ukulele","floor":18.0},{"not_picked":["White Noise+1","Coolheaded"],"picked":"Scrape+1","floor":20.0},{"not_picked":["Gash","Chill"],"picked":"Steam+1","floor":22.0},{"not_picked":["Sweeping Beam","Hologram"],"picked":"Glacier","floor":24.0},{"not_picked":["Turbo","Cold Snap"],"picked":"Glacier","floor":30.0},{"not_picked":["Rebound","hubris:SpecializedCircuitry"],"picked":"White Noise","floor":31.0},{"not_picked":["hubris:Prefetch","Seek"],"picked":"Meteor Strike","floor":33.0},{"not_picked":["Steam+1","Beam Cell"],"picked":"Ball Lightning+1","floor":35.0},{"not_picked":["Hologram","Recycle+1"],"picked":"Redo","floor":36.0},{"not_picked":["Genetic Algorithm+1","Aggregate"],"picked":"Reinforced Body+1","floor":38.0},{"not_picked":["Rip and Tear","Stack"],"picked":"Streamline+1","floor":39},{"not_picked":["Forethought","Finesse"],"picked":"Good Instincts","floor":41},{"not_picked":["Steam Power","Storm"],"picked":"Loop+1","floor":44},{"not_picked":["Reprogram","Multi-Cast"],"picked":"Consume+1","floor":45}],"player_experience":150344,"relics_obtained":[{"floor":9.0,"key":"Toy Ornithopter"},{"floor":10.0,"key":"PreservedInsect"},{"floor":13.0,"key":"hubris:BallOfYels"},{"floor":24.0,"key":"Bag of Marbles"},{"floor":26.0,"key":"Boot"},{"floor":28.0,"key":"Incense Burner"},{"floor":43,"key":"Mercury Hourglass"}],"event_choices":[{"damage_healed":0.0,"max_hp_gain":0.0,"max_hp_loss":0.0,"gold_gain":0.0,"event_name":"Dead Adventurer","player_choice":"Searched \u00272\u0027 times","floor":10.0,"gold_loss":0.0,"damage_taken":0.0},{"damage_healed":0.0,"max_hp_gain":0.0,"max_hp_loss":0.0,"gold_gain":0.0,"event_name":"Vampires","player_choice":"Ignored","floor":29.0,"gold_loss":0.0,"damage_taken":0.0},{"damage_healed":0,"gold_gain":0,"player_choice":"Memory 1","damage_taken":0,"max_hp_gain":0,"max_hp_loss":0,"event_name":"SensoryStone","floor":41,"gold_loss":0},{"damage_healed":0,"gold_gain":0,"player_choice":"Paid","damage_taken":0,"relics_obtained":["Red Mask"],"max_hp_gain":0,"max_hp_loss":0,"event_name":"Tomb of Lord Red Mask","floor":47,"gold_loss":78}],"is_beta":false,"boss_relics":[{"not_picked":["Fusion Hammer","construct:WeddingRing"],"picked":"Inserter"},{"not_picked":["hubris:RunicObelisk","SacredBark"],"picked":"SlaversCollar"}],"items_purged_floors":[],"is_endless":false,"potions_floor_spawned":[4,5,8,10,16,18,31,35,36,45],"ascension_level":0}}