{"host":"zkayvxppza5j985o","time":1611931744,"event":{"mods":["AchievementEnabler","BaseMod","Better Vampires","Colored Map","Colored Powertips","Minty Spire (QoL Compilation)","StSLib"],"gold_per_floor":[112,187,137,137,150,161,180,180,180,180,180,211,211,238,238,238,238],"floor_reached":16,"language":"ZHS","playtime":555,"items_purged":[],"score":108,"play_id":"f7dd5a31-7dbd-4184-98aa-48c5b679c056","local_time":"20210129224904","is_ascension_mode":false,"campfire_choices":[{"data":"Eruption","floor":8,"key":"SMITH"},{"data":"Crescendo","floor":11,"key":"SMITH"},{"data":"TalkToTheHand","floor":13,"key":"SMITH"},{"floor":15,"key":"REST"}],"circlet_count":0,"master_deck":["Strike_P","Strike_P","Strike_P","Defend_P","Defend_P","Defend_P","Eruption+1","Vigilance","Crescendo+1","TalkToTheHand+1","Protect","FlurryOfBlows","InnerPeace"],"relics":["PureWater","NeowsBlessing","Singing Bowl","FaceOfCleric","Boot","Sundial"],"acts_visited":[],"potions_floor_usage":[7,12],"damage_taken":[{"damage":0,"enemies":"Small Slimes","floor":1,"turns":1},{"damage":0,"enemies":"2 Louse","floor":5,"turns":1},{"damage":0,"enemies":"Jaw Worm","floor":6,"turns":1},{"damage":5,"enemies":"Looter","floor":7,"turns":2},{"damage":6,"enemies":"Lagavulin","floor":12,"turns":6},{"damage":10,"enemies":"3 Sentries","floor":14,"turns":6},{"damage":61,"enemies":"Slime Boss","floor":16,"turns":8}],"seed_played":"5076149135997943798","potions_obtained":[{"floor":1,"key":"SkillPotion"},{"floor":6,"key":"DistilledChaos"}],"is_trial":false,"path_per_floor":["M","?","?","?","M","M","M","R","T","?","R","E","R","E","R","B"],"character_chosen":"WATCHER","items_purchased":[],"campfire_rested":1,"item_purchase_floors":[],"current_hp_per_floor":[72,61,61,54,54,54,49,49,49,49,49,44,44,35,57,0,0],"gold":238,"neow_bonus":"THREE_ENEMY_KILL","is_daily":false,"chose_seed":false,"campfire_upgraded":3,"win_rate":0.0,"timestamp":1611931744,"path_taken":["M","?","?","?","M","?","M","R","T","?","R","E","R","E","R","BOSS"],"items_purchased_type":[],"build_version":"2020-12-22","purchased_purges":0,"victory":false,"max_hp_per_floor":[72,72,72,72,72,72,72,72,72,72,72,73,73,74,74,74,74],"card_choices":[{"not_picked":["WreathOfFlame","Vengeance","ThirdEye"],"picked":"SKIP","floor":1},{"not_picked":["EmptyBody","CrushJoints"],"picked":"Crescendo","floor":5},{"not_picked":["PathToVictory","Prostrate"],"picked":"TalkToTheHand","floor":6},{"not_picked":["Conclude","WaveOfTheHand"],"picked":"Protect","floor":7},{"not_picked":["ThirdEye","Consecrate"],"picked":"FlurryOfBlows","floor":12},{"not_picked":["FollowUp","Vengeance"],"picked":"InnerPeace","floor":14}],"player_experience":88541,"relics_obtained":[{"floor":9,"key":"Singing Bowl"},{"floor":12,"key":"Boot"},{"floor":14,"key":"Sundial"}],"event_choices":[{"damage_healed":0,"gold_gain":75,"player_choice":"Gather Gold","damage_taken":11,"max_hp_gain":0,"max_hp_loss":0,"event_name":"World of Goop","floor":2,"gold_loss":0},{"cards_removed":["Defend_P"],"damage_healed":0,"gold_gain":0,"player_choice":"Card Removal","damage_taken":0,"max_hp_gain":0,"max_hp_loss":0,"event_name":"The Cleric","floor":3,"gold_loss":50},{"cards_removed":["Strike_P"],"damage_healed":0,"gold_gain":0,"player_choice":"Card Removal","damage_taken":7,"max_hp_gain":0,"max_hp_loss":0,"event_name":"Golden Wing","floor":4,"gold_loss":0},{"damage_healed":0,"gold_gain":0,"player_choice":"Trade","damage_taken":0,"relics_obtained":["FaceOfCleric"],"max_hp_gain":0,"max_hp_loss":0,"event_name":"FaceTrader","floor":10,"gold_loss":0}],"is_beta":false,"boss_relics":[],"items_purged_floors":[],"is_endless":false,"potions_floor_spawned":[1,6],"killed_by":"Slime Boss","ascension_level":0}}