{"host":"w2kjv12xyhtt0cv2","time":1611934503,"event":{"mods":["Act Like it!","BaseMod","Colored Map","Friendly Minions","Gensokyo","GifTheSpireLib","Highlight Path","Hubris","Kiyohime（清姬）","Marisa（F雨　魔理沙）","Minty Spire (QoL Compilation)","Quick Restart","Reimu（博丽灵梦）","Relic Stats","Replay The Spire","RumiaBox-露米娅的神秘盒子","Shop Mod","Spicy Shops","StSLib","The Cursed","The Servant 0.9.4","UnlockEverythingMod","Waifu the Spire","[功能]功能增强和修复MOD","vexMod","【功能Mod】Neow奖励","【遗物卡牌】REMEMod","没有小屋子和绿帽子啦"],"gold_per_floor":[18,37,8,27,39,39,39],"floor_reached":6,"language":"ZHS","playtime":416,"items_purged":[],"score":57,"play_id":"7aa6b30c-2038-4dde-977e-51312ae597ef","local_time":"20210129233503","is_ascension_mode":true,"campfire_choices":[],"circlet_count":0,"master_deck":["AscendersBane","TheCursedMod:Strike_TheCursed","TheCursedMod:Strike_TheCursed","TheCursedMod:Strike_TheCursed","TheCursedMod:Strike_TheCursed","TheCursedMod:Defend_TheCursed","TheCursedMod:Defend_TheCursed","TheCursedMod:Defend_TheCursed","TheCursedMod:Defend_TheCursed","TheCursedMod:CursedWand","TheCursedMod:CleanUpWorkshop","TheCursedMod:Dregs","SpiritShield","TheCursedMod:SpitefulStrike","Gensokyo:RPG","TheCursedMod:RapidMovement","TheCursedMod:HellsGateOpen"],"relics":["TheCursedMod:BlackMagic101","REME_ComplimentaryCards","PureWhite:ReiMu"],"acts_visited":["Gensokyo:Gensokyo"],"potions_floor_usage":[],"damage_taken":[{"damage":2.0,"enemies":"Gensokyo:3_Fairies","floor":1.0,"turns":6.0},{"damage":5.0,"enemies":"Gensokyo:Python","floor":2.0,"turns":5.0},{"damage":0.0,"enemies":"Gensokyo:2_Kodama","floor":4.0,"turns":4.0},{"damage":13,"enemies":"Gensokyo:VengefulSpirit","floor":5,"turns":7},{"damage":0,"enemies":"Gensokyo:Aya","floor":6,"turns":3}],"seed_played":"-2329949972241240316","potions_obtained":[{"floor":2.0,"key":"PowerPotion"}],"is_trial":false,"path_per_floor":["M","M","COS","M","M","E"],"character_chosen":"THE_CURSED","items_purchased":[],"campfire_rested":0,"item_purchase_floors":[],"current_hp_per_floor":[66,61,61,61,48,48,48],"gold":39,"neow_bonus":"ONE_RARE_RELIC","is_daily":false,"chose_seed":false,"campfire_upgraded":0,"win_rate":0.0,"timestamp":1611934503,"path_taken":["M","?","COS","M","M","E"],"items_purchased_type":[],"build_version":"2020-12-22","purchased_purges":0,"victory":false,"max_hp_per_floor":[75,75,75,75,75,75,75],"relic_stats":{"counters":[5,25],"obtain_stats":[{"TheCursedMod:BlackMagic101":0,"PureWhite:ReiMu":0,"REME_ComplimentaryCards":0},{"TheCursedMod:BlackMagic101":0,"PureWhite:ReiMu":0,"REME_ComplimentaryCards":0},{"TheCursedMod:BlackMagic101":0,"PureWhite:ReiMu":0,"REME_ComplimentaryCards":0}]},"card_choices":[{"not_picked":["TheCursedMod:SurpriseAttack","TheCursedMod:CircleOfWindfury"],"picked":"TheCursedMod:SpitefulStrike","floor":1.0},{"not_picked":["TheCursedMod:CursedShiv","TheCursedMod:SmokeScreen","TheCursedMod:CircleOfFocus"],"picked":"SKIP","floor":2.0},{"not_picked":["TheCursedMod:Stigma","TheCursedMod:PrepareRite"],"picked":"TheCursedMod:RapidMovement","floor":4},{"not_picked":["TheCursedMod:Wield","TheCursedMod:SpreadPlague"],"picked":"TheCursedMod:HellsGateOpen","floor":5}],"player_experience":248551,"relics_obtained":[],"event_choices":[],"is_beta":false,"boss_relics":[],"items_purged_floors":[],"is_endless":false,"potions_floor_spawned":[2],"killed_by":"Gensokyo:Aya","ascension_level":10}}