{"host":"ucgrft0m53zzt06v","time":1611907503,"event":{"mods":["BaseMod","Colored Map","Colored Powertips","Conspire","HololiveMod","KinomotoSakuraMod(木之本樱)","Lobotomy","Minty Spire (QoL Compilation)","Quick Restart","Replay The Spire","Shop Mod","Spicy Shops","StSLib","Td1madao Mod","The Senshi","Waifu the Spire","WarShipGirlsR/战舰少女R mod","【遗物卡牌】REMEMod"],"gold_per_floor":[183,113,113,127,148,148,177,23,47,47,86,104,104,158,158,275,275,308,300,341,43,43,77,177,206,206,230,230,230,230,268,268,381,381,406,158,226,226,186,278,302,333,333,349,349,349,349,406,406,464],"floor_reached":51,"language":"ZHS","playtime":4222,"items_purged":["Hololive_Strike","Clumsy"],"score":1102,"play_id":"bf158047-4ba8-418e-b1da-3c55ba4b4bfd","local_time":"20210129160503","is_ascension_mode":true,"campfire_choices":[{"data":"Hololive_Yoholoon","floor":6.0,"key":"SMITH"},{"data":"Hololive_CallSpadeEcho","floor":10.0,"key":"SMITH"},{"data":"Hololive_RevenueBasedLive","floor":13,"key":"SMITH"},{"data":"Hololive_CallDoris","floor":15,"key":"SMITH"},{"data":"Hololive_Rebirth","floor":28,"key":"SMITH"},{"data":"Hololive_CallTsunomakiWatame","floor":30,"key":"SMITH"},{"data":"Hololive_CallSpadeEcho","floor":32,"key":"SMITH"},{"data":"Hololive_Yoholoon","floor":45,"key":"SMITH"}],"circlet_count":0,"master_deck":["Hololive_Defend","Hololive_Defend","Hololive_RevenueBasedLive+1","Hololive_CallHoushouMarine","Hololive_CallAkiRosenthal","Hololive_CallNekomataOkayu","Hololive_CallDoris+1","Hololive_CallYogiri","Hololive_DDD","Hololive_LuckPotion","Hololive_CallAkaiHaato","Hololive_CallMoonaHoshinova","Hololive_CallMoonaHoshinova","Hololive_CallAkiRosenthal","Hololive_DurableLive+1","Hololive_Yoholoon+1","Hololive_FlyingPonyTail","Hololive_CallSakuraMiko","Hololive_CallTokinoSora","Hololive_CallSpadeEcho+1","Hololive_CallAkaiHaato","Hololive_CallHoushouMarine","Hololive_DurableLive","Hololive_Rebirth+1","Hololive_CallArtia+1","Hololive_CallTsunomakiWatame+1","Hololive_FlyingPonyTail+1","Hololive_CallKiryuuCoco","Hololive_CallManoAloe+1","Hololive_CallMomosuzuNene+5","Hololive_CallSpadeEcho+1","Pot Of Greed","Pot Of Greed","Hololive_WolfAndLamb","Hololive_LuckPotion","Hololive_Yoholoon+1","Hololive_CallOmaruPolka","Pot Of Greed","Hololive_CallRoboco+1","Hololive_CallNekomataOkayu+1","Hololive_CallCivia+1","Hololive_MaximGun","Hololive_CallUsadaPekora+1","Hololive_Yoholoon+1","Hololive_CandyCastle","Hololive_CallUruhaRushia","Hololive_FlyingPonyTail+1","Hololive_CallManoAloe+1","Hololive_CallNatsuiroMatsuri"],"relics":["Hololive_TheStar","REME_ComplimentaryCards","Dream Catcher","Bronze Scales","ReplayFunnel","Lizard Tail","Juzu Bracelet","MerchantsRug","Bird Faced Urn","Vajra","Pantograph","ReplayTheSpireMod:Ring of Exchange","Ring of Panic","Grinning Jar","Busted Crown","ReplayTheSpireMod:CursedCoin","REME_HourglassOfDeath","Orrery","Counterbalance","Centennial Puzzle","Calipers","Toxic Egg 2","StoneCalendar"],"acts_visited":["Exordium","TheCity","TheBeyond"],"potions_floor_usage":[37,50,50,50],"damage_taken":[{"damage":0.0,"enemies":"Small Slimes","floor":1.0,"turns":3.0},{"damage":0.0,"enemies":"Jaw Worm","floor":4.0,"turns":3.0},{"damage":0.0,"enemies":"2 Louse","floor":5.0,"turns":3.0},{"damage":0.0,"enemies":"Gremlin Nob","floor":7.0,"turns":5.0},{"damage":0.0,"enemies":"Replay:BlueRogue","floor":11.0,"turns":3.0},{"damage":0,"enemies":"Looter","floor":12,"turns":2},{"damage":0,"enemies":"Lagavulin","floor":14,"turns":5},{"damage":0,"enemies":"Slime Boss","floor":16,"turns":7},{"damage":0,"enemies":"Shell Parasite","floor":18,"turns":5},{"damage":0,"enemies":"2 Thieves","floor":19,"turns":5},{"damage":0,"enemies":"3 Cultists","floor":20,"turns":4},{"damage":0,"enemies":"Gremlin Leader","floor":23,"turns":5},{"damage":0,"enemies":"Slavers","floor":25,"turns":4},{"damage":0,"enemies":"conspire:HollyBat","floor":27,"turns":7},{"damage":0,"enemies":"conspire:SneckoGhost","floor":31,"turns":5},{"damage":0,"enemies":"Pondfish","floor":33,"turns":11},{"damage":0,"enemies":"3 Shapes","floor":35,"turns":3},{"damage":15,"enemies":"2 Orb Walkers","floor":37,"turns":4},{"damage":0,"enemies":"Giant Head","floor":40,"turns":8},{"damage":0,"enemies":"Orb Walker","floor":41,"turns":2},{"damage":0,"enemies":"Nemesis","floor":42,"turns":4},{"damage":8,"enemies":"Sphere and 2 Shapes","floor":44,"turns":3},{"damage":0,"enemies":"conspire:MimicChest","floor":48,"turns":4},{"damage":0,"enemies":"Replay:Hell Engine","floor":50,"turns":8}],"seed_played":"-8502784287853598369","potions_obtained":[{"floor":4.0,"key":"Dexterity Potion"},{"floor":5.0,"key":"FearPotion"},{"floor":7.0,"key":"Swift Potion"},{"floor":20,"key":"LiquidMemories"},{"floor":39,"key":"PowerPotion"},{"floor":39,"key":"Flashbang"},{"floor":39,"key":"Venom Potion"},{"floor":41,"key":"LifebloodPotion"}],"is_trial":false,"path_per_floor":["M","?","?","M","M","R","E","$","T","R","E","M","R","E","R","B",null,"M","M","M","$","?","E","?","E","T","M","R","?","R","E","R","B",null,"M","$","?","?","?","E","M","E","T","M","R","?","?","?","R_BF","B",null],"character_chosen":"Hololive_HololiveCharacter","items_purchased":["Hololive_CallSpadeEcho","Juzu Bracelet","MerchantsRug","ReplayTheSpireMod:CursedCoin","REME_HourglassOfDeath","Hololive_Yoholoon","Orrery"],"campfire_rested":0,"item_purchase_floors":[8,21,21,36,36,36,36],"current_hp_per_floor":[35,35,35,35,35,35,35,35,35,35,35,35,35,35,35,35,35,35,35,35,35,35,35,35,35,35,35,35,35,35,35,35,35,35,35,35,24,24,24,35,35,35,35,35,35,25,25,35,35,35],"gold":464,"neow_bonus":"HUNDRED_GOLD","is_daily":false,"chose_seed":false,"campfire_upgraded":8,"win_rate":0.0,"timestamp":1611907503,"path_taken":["M","?","?","?","M","R","E","$","T","R","E","M","R","E","R","BOSS","M","M","?","$","?","E","?","E","T","M","R","?","R","E","R","BOSS","M","$","?","?","?","E","M","E","T","M","R","?","?","?","R_BF","BOSS"],"items_purchased_type":["Card","Relic","Relic","Relic","Relic","Card","Relic"],"build_version":"2020-12-22","purchased_purges":2,"victory":true,"max_hp_per_floor":[35,35,35,35,35,35,35,35,35,35,35,35,35,35,35,35,35,35,35,35,35,35,35,35,35,35,35,35,35,35,35,35,35,35,35,35,35,35,35,35,35,35,35,35,35,35,35,35,35,35],"card_choices":[{"not_picked":["Hololive_Drill","Hololive_Sequa","Hololive_RevenueBasedLive"],"picked":"Hololive_LuckPotion","floor":1.0},{"not_picked":[],"picked":"Hololive_CallAkaiHaato","floor":2.0},{"not_picked":[],"picked":"Hololive_CallMoonaHoshinova","floor":2.0},{"not_picked":[],"picked":"Hololive_CallMoonaHoshinova","floor":2.0},{"not_picked":[],"picked":"Hololive_CallAkiRosenthal","floor":2.0},{"not_picked":[],"picked":"Hololive_DurableLive","floor":2.0},{"not_picked":["Hololive_LuckPotion","Hololive_RevenueBasedLive","Hololive_Rebound"],"picked":"Hololive_FlyingPonyTail","floor":4.0},{"not_picked":["Hololive_CocoNews","Hololive_LuckPotion","Hololive_RevenueBasedLive"],"picked":"Hololive_CallSakuraMiko","floor":5.0},{"not_picked":["Hololive_LuckPotion","Hololive_Drill","Hololive_FlyingPonyTail"],"picked":"Hololive_CallTokinoSora","floor":7.0},{"not_picked":["Hololive_HuntDinosaur","Hololive_CallNatsuiroMatsuri","Hololive_DevilCharm"],"picked":"Hololive_CallAkaiHaato","floor":11},{"not_picked":["Hololive_AWSL","Hololive_CallInugamiKorone","Hololive_Trident"],"picked":"Hololive_CallHoushouMarine","floor":12},{"not_picked":["Hololive_Trident","Hololive_Rebound","Hololive_MaximGun"],"picked":"Hololive_DurableLive","floor":14},{"not_picked":["Hololive_FlareMind","Hololive_StarCraft","Hololive_BeCareful"],"picked":"Hololive_Rebirth","floor":16},{"not_picked":["Hololive_CallYogiri","Hololive_CallTokinoSora","Hololive_Sequa"],"picked":"Hololive_CallArtia+1","floor":18},{"not_picked":["Hololive_Psychosis","Hololive_CallInugamiKorone","Hololive_OvertimeWork"],"picked":"Hololive_CallTsunomakiWatame","floor":19},{"not_picked":["Hololive_Drill+1","Hololive_Psychosis","Hololive_Sequa"],"picked":"Hololive_FlyingPonyTail+1","floor":20},{"not_picked":["Hololive_CallOzoraSubaru","Hololive_Breathe","Hololive_CallAmaneKanata"],"picked":"Hololive_CallKiryuuCoco","floor":23},{"not_picked":["Hololive_Rebound+1","Hololive_Psychosis","Hololive_ManjiGathering"],"picked":"Hololive_CallManoAloe+1","floor":25},{"not_picked":["Hololive_StrengthChampion+1","Hololive_Psychosis","Hololive_RevenueBasedLive"],"picked":"Hololive_CallMomosuzuNene","floor":27},{"not_picked":["Hololive_OvertimeWork","Hololive_StrengthChampion+1","Hololive_LuckPotion"],"picked":"Hololive_CallSpadeEcho","floor":31},{"not_picked":["Hololive_HighAtkLowDef","Hololive_DurableLive","Hololive_OpenUp"],"picked":"Hololive_WolfAndLamb","floor":33},{"not_picked":["Hololive_Rebound"],"picked":"Hololive_LuckPotion","floor":35},{"not_picked":["Hololive_StrengthChampion+1"],"picked":"Hololive_CallOmaruPolka","floor":36},{"not_picked":["Hololive_FlyingPonyTail"],"picked":"Hololive_CallRoboco+1","floor":36},{"not_picked":["Hololive_CallYozoraMel+1"],"picked":"Hololive_CallNekomataOkayu+1","floor":36},{"not_picked":["Hololive_CallAkaiHaato"],"picked":"Hololive_CallCivia+1","floor":36},{"not_picked":["Hololive_StrengthChampion"],"picked":"Hololive_MaximGun","floor":36},{"not_picked":["Hololive_CocoNews+1"],"picked":"Hololive_CallUsadaPekora+1","floor":37},{"not_picked":["Hololive_CallAmaneKanata"],"picked":"Hololive_Yoholoon+1","floor":40},{"not_picked":["Hololive_CocoNews+1"],"picked":"Hololive_CandyCastle","floor":41},{"not_picked":["Hololive_Rebound+1"],"picked":"Hololive_CallUruhaRushia","floor":42},{"not_picked":["Hololive_Breathe+1"],"picked":"Hololive_FlyingPonyTail+1","floor":44},{"not_picked":["Hololive_CallOkamiMio+1"],"picked":"Hololive_CallManoAloe+1","floor":48},{"not_picked":["Hololive_Sequa"],"picked":"Hololive_CallNatsuiroMatsuri","floor":49}],"player_experience":107536,"relics_obtained":[{"floor":7.0,"key":"Dream Catcher"},{"floor":9.0,"key":"Bronze Scales"},{"floor":11,"key":"ReplayFunnel"},{"floor":14,"key":"Lizard Tail"},{"floor":23,"key":"Bird Faced Urn"},{"floor":25,"key":"Vajra"},{"floor":26,"key":"Pantograph"},{"floor":29,"key":"ReplayTheSpireMod:Ring of Exchange"},{"floor":29,"key":"Ring of Panic"},{"floor":31,"key":"Grinning Jar"},{"floor":37,"key":"Counterbalance"},{"floor":40,"key":"Centennial Puzzle"},{"floor":42,"key":"Calipers"},{"floor":43,"key":"Toxic Egg 2"},{"floor":48,"key":"StoneCalendar"}],"event_choices":[{"damage_healed":0.0,"max_hp_gain":0.0,"max_hp_loss":0.0,"gold_gain":0.0,"cards_transformed":["Hololive_Strike"],"event_name":"Transmorgrifier","player_choice":"Transformed","floor":3.0,"gold_loss":0.0,"damage_taken":0.0,"cards_obtained":["Hololive_Yoholoon"]},{"damage_healed":0,"gold_gain":0,"player_choice":"Ignored","damage_taken":0,"max_hp_gain":0,"max_hp_loss":0,"event_name":"Ghosts","floor":22,"gold_loss":0},{"damage_healed":0,"gold_gain":100,"player_choice":"Pray","damage_taken":0,"max_hp_gain":0,"max_hp_loss":0,"event_name":"Golden Shrine","floor":24,"gold_loss":0},{"damage_healed":0,"gold_gain":0,"player_choice":"Fight","damage_taken":0,"max_hp_gain":0,"max_hp_loss":0,"event_name":"Mysterious Sphere","floor":37,"gold_loss":0},{"damage_healed":0,"gold_gain":0,"player_choice":"Leave","damage_taken":0,"max_hp_gain":0,"max_hp_loss":0,"event_name":"conspire:Investor","floor":38,"gold_loss":0},{"damage_healed":0,"gold_gain":0,"player_choice":"Bought 3 Potions","damage_taken":0,"max_hp_gain":0,"max_hp_loss":0,"event_name":"The Woman in Blue","floor":39,"gold_loss":0},{"damage_healed":0,"gold_gain":0,"player_choice":"Memory 3","damage_taken":10,"max_hp_gain":0,"max_hp_loss":0,"event_name":"SensoryStone","floor":46,"gold_loss":0},{"cards_removed":["Pot Of Greed"],"damage_healed":0,"gold_gain":0,"player_choice":"Removed Skill","damage_taken":0,"max_hp_gain":0,"max_hp_loss":0,"event_name":"Falling","floor":47,"gold_loss":0}],"is_beta":false,"boss_relics":[{"not_picked":["Velvet Choker","Honey Jar","Runic Dome"]},{"not_picked":["conspire:SlowCooker","Painkiller Herb"],"picked":"Busted Crown"}],"items_purged_floors":[8,36],"is_endless":false,"potions_floor_spawned":[4,5,7,20,25,33,35,41],"ascension_level":4}}