{"host":"fkig9nrckec4xsh0","time":1611889682,"event":{"mods":["Act Like it!","BaseMod","Colored Map","Gensokyo","Hermit","Marisa????????","Minty Spire (QoL Compilation)","Quick Restart","Replay The Spire","StSLib"],"gold_per_floor":[115,115,126,76,76,105,105,135,135,135,135,153,153,184,184,261,261,280,280,280,312,131,159,159,191,191,222,235,235,247,277,277,277,277],"floor_reached":33,"language":"ENG","playtime":1429,"items_purged":["Strike_G"],"score":597,"play_id":"796e3de0-933b-457e-960c-6e902fd09061","local_time":"20210128220802","is_ascension_mode":true,"campfire_choices":[{"data":"Blade Dance","floor":7,"key":"SMITH"},{"data":"Envenom","floor":10,"key":"SMITH"},{"data":"Hidden Blade","floor":13,"key":"SMITH"},{"data":"Noxious Fumes","floor":15,"key":"SMITH"},{"floor":24,"key":"REST"},{"floor":29,"key":"REST"},{"floor":32,"key":"REST"}],"circlet_count":0,"master_deck":["AscendersBane","Strike_G","Strike_G","Strike_G","Strike_G","Defend_G","Defend_G","Defend_G","Defend_G+1","Survivor","Neutralize+1","Backflip","Noxious Fumes+1","Blade Dance+1","Envenom+1","Hidden Blade+1","Poisoned Stab","ReplayTheSpireMod:Necrosis+1","Cloak And Dagger","Footwork","Infinite Blades+1","Infinite Blades+1","Dagger Spray+1","Poisoned Stab","Finisher","Flechettes+1","Riddle With Holes+1","Choke"],"relics":["Ring of the Snake","NeowsBlessing","Ring of Fangs","ReplayTheSpireMod:Ring of Exchange","Bronze Scales","Vajra","Golden Egg","Centennial Puzzle","WristBlade","Red Mask","Ornamental Fan","Ice Cream","Tough Bandages","Blue Candle","WingedGreaves"],"acts_visited":["Exordium","TheCity"],"potions_floor_usage":[16,18,21,27,27],"damage_taken":[{"damage":0,"enemies":"Small Slimes","floor":1,"turns":1},{"damage":0,"enemies":"2 Louse","floor":3,"turns":1},{"damage":0,"enemies":"Lagavulin","floor":6,"turns":1},{"damage":13,"enemies":"3 Sentries","floor":8,"turns":7},{"damage":1,"enemies":"Jaw Worm","floor":12,"turns":3},{"damage":9,"enemies":"Lagavulin","floor":14,"turns":7},{"damage":21,"enemies":"The Guardian","floor":16,"turns":8},{"damage":0,"enemies":"Shell Parasite","floor":18,"turns":1},{"damage":12,"enemies":"Masked Bandits","floor":21,"turns":3},{"damage":16,"enemies":"Gremlin Leader","floor":23,"turns":6},{"damage":17,"enemies":"Book of Stabbing","floor":25,"turns":5},{"damage":4,"enemies":"Slavers","floor":27,"turns":4},{"damage":0,"enemies":"Chosen","floor":28,"turns":4},{"damage":14,"enemies":"3 Cultists","floor":30,"turns":3},{"damage":25,"enemies":"Book of Stabbing","floor":31,"turns":5},{"damage":75,"enemies":"Automaton","floor":33,"turns":6}],"seed_played":"-7332691432330210585","potions_obtained":[{"floor":1,"key":"Elixir"},{"floor":8,"key":"Fire Potion"},{"floor":14,"key":"EssenceOfSteel"},{"floor":16,"key":"AttackPotion"},{"floor":18,"key":"Death Potion"},{"floor":21,"key":"Block Potion"}],"is_trial":false,"path_per_floor":["M","?","M","?","?","E","R","E","T","R","?","M","R","E","R_BF","B",null,"M","?","?","?","$","E","R","E","T","E","M","R","M","E","R","B"],"character_chosen":"THE_SILENT","items_purchased":["Infinite Blades","Dagger Spray"],"campfire_rested":3,"item_purchase_floors":[22,22],"current_hp_per_floor":[63,63,63,63,49,49,49,36,36,36,41,40,40,31,31,10,59,59,59,45,33,33,17,41,24,24,20,20,44,30,5,29,0,0],"gold":277,"neow_bonus":"THREE_ENEMY_KILL","is_daily":false,"chose_seed":false,"campfire_upgraded":4,"win_rate":0.0,"timestamp":1611889682,"path_taken":["M","?","M","?","?","E","R","E","T","R","?","?","R","E","R_BF","BOSS","M","?","?","?","$","E","R","E","T","E","M","R","M","E","R","BOSS"],"items_purchased_type":["Card","Card"],"build_version":"2020-12-22","purchased_purges":1,"victory":false,"max_hp_per_floor":[70,70,70,70,70,70,70,70,70,70,75,75,75,75,75,75,75,75,75,80,80,80,80,80,80,80,80,80,80,80,80,80,80,80],"card_choices":[{"not_picked":["Terror","Outmaneuver"],"picked":"Backflip","floor":1},{"not_picked":["Outmaneuver","Masterful Stab"],"picked":"Noxious Fumes","floor":3},{"not_picked":["Poisoned Stab","Concentrate"],"picked":"Blade Dance","floor":6},{"not_picked":["Caltrops","Reflex"],"picked":"Envenom","floor":8},{"not_picked":["Bane","Outmaneuver"],"picked":"Hidden Blade","floor":12},{"not_picked":["Skewer","Eviscerate"],"picked":"Poisoned Stab","floor":14},{"not_picked":["Bullet Time","Burst"],"picked":"ReplayTheSpireMod:Necrosis","floor":16},{"not_picked":["Caltrops","Dagger Spray+1"],"picked":"Cloak And Dagger","floor":18},{"not_picked":["Caltrops","Deflect"],"picked":"Footwork","floor":21},{"not_picked":["ReplayTheSpireMod:Shiv Toss","Dodge and Roll"],"picked":"Poisoned Stab","floor":23},{"not_picked":["Concentrate+1","Bullet Time"],"picked":"Finisher","floor":25},{"not_picked":["Dagger Spray","Bane"],"picked":"Flechettes+1","floor":27},{"not_picked":["Flying Knee","Flechettes+1"],"picked":"Riddle With Holes+1","floor":28},{"not_picked":["Backflip","Bouncing Flask","Dagger Spray"],"picked":"SKIP","floor":30},{"not_picked":["Replay:Bag of Tricks","Flying Knee+1"],"picked":"Choke","floor":31}],"player_experience":406401,"relics_obtained":[{"floor":2,"key":"Ring of Fangs"},{"floor":2,"key":"ReplayTheSpireMod:Ring of Exchange"},{"floor":6,"key":"Bronze Scales"},{"floor":8,"key":"Vajra"},{"floor":9,"key":"Golden Egg"},{"floor":14,"key":"Centennial Puzzle"},{"floor":21,"key":"Red Mask"},{"floor":23,"key":"Ornamental Fan"},{"floor":25,"key":"Ice Cream"},{"floor":26,"key":"Tough Bandages"},{"floor":27,"key":"Blue Candle"},{"floor":31,"key":"WingedGreaves"}],"event_choices":[{"cards_removed":["Defend_G"],"damage_healed":0,"gold_gain":0,"player_choice":"Card Removal","damage_taken":0,"max_hp_gain":0,"max_hp_loss":0,"event_name":"The Cleric","floor":4,"gold_loss":50},{"damage_healed":0,"gold_gain":0,"player_choice":"Entered Light","damage_taken":14,"max_hp_gain":0,"max_hp_loss":0,"event_name":"Shining Light","floor":5,"gold_loss":0,"cards_upgraded":["Defend_G","Neutralize"]},{"damage_healed":0,"gold_gain":0,"player_choice":"Donut","damage_taken":0,"max_hp_gain":5,"max_hp_loss":0,"event_name":"Big Fish","floor":11,"gold_loss":0},{"damage_healed":0,"gold_gain":0,"player_choice":"Ignored","damage_taken":0,"max_hp_gain":0,"max_hp_loss":0,"event_name":"Ghosts","floor":19,"gold_loss":0},{"damage_healed":0,"gold_gain":0,"player_choice":"Shed Blood","damage_taken":19,"max_hp_gain":5,"max_hp_loss":0,"event_name":"Forgotten Altar","floor":20,"gold_loss":0},{"damage_healed":0,"gold_gain":0,"player_choice":"Fought Bandits","damage_taken":0,"max_hp_gain":0,"max_hp_loss":0,"event_name":"Masked Bandits","floor":21,"gold_loss":0}],"is_beta":false,"boss_relics":[{"not_picked":["Frozen Eye","Cursed Key"],"picked":"WristBlade"}],"items_purged_floors":[22],"is_endless":false,"potions_floor_spawned":[1,8,14,16,18,21,25],"killed_by":"Automaton","ascension_level":13}}