{"host":"8anmd7ibyxevnonj","time":1611927370,"event":{"mods":["BaseMod","Curses Come First","Downfall","Minty Spire (QoL Compilation)","StSLib"],"gold_per_floor":[99,115,130,143,143,243,268,280,298,39,24,24,38,57,69,170,170,170,181,197,208,225,225,251,262,262,293,309,328,355,355,365,467,467,467,484,197,251,265,265,265,265],"floor_reached":40,"language":"ENG","playtime":4527,"items_purged":[],"score":451,"play_id":"f098a52d-1540-4542-b247-a64e250943c1","local_time":"20210129143610","is_ascension_mode":false,"campfire_choices":[{"data":"Transmutation","floor":1,"key":"SMITH"},{"floor":12,"key":"REST"},{"data":"champ:HeavySlash","floor":18,"key":"SMITH"},{"data":"champ:ShieldWall","floor":23,"key":"SMITH"},{"data":"champ:SkillfulDodge","floor":26,"key":"SMITH"},{"data":"champ:SkillfulDodge","floor":35,"key":"SMITH"}],"circlet_count":0,"master_deck":["champ:Strike","champ:Strike","champ:Defend","champ:Defend","champ:Defend","champ:Defend","champ:Execute","champ:Taunt","Transmutation+1","champ:BringItOn","champ:FlashCut+1","champ:RisingSlash","champ:IgnorePain","champ:Shatter","champ:HoldFirm","champ:RisingSlash","champ:PreciseThrust","champ:FocusedBerserking","champ:StanceDance","champ:Endure","champ:AdrenalArmor","champ:HeavySlash+1","champ:ShieldWall+1","champ:EnGarde","champ:Parry","champ:EnGarde","champ:SkillfulDodge+1","champ:UltimateStance","champ:SkillfulDodge+1","champ:FocusedDefense+1","champ:StanceDance","Normality","Shame","champ:MurderStrike","champ:CrownThrow+1","champ:Improvising","champ:Haymaker","champ:DefensiveShout+1","Apotheosis","champ:ShieldWall","champ:Duel+1","champ:UltimateStance"],"relics":["champ:ChampionCrown","downfall:ShatteredFragment","Bag of Preparation","Meat on the Bone","SlaversCollar","Boot","Dream Catcher","Bird Faced Urn","Blue Candle","Coffee Dripper","Ice Cream"],"acts_visited":["Exordium","TheCity","TheBeyond"],"potions_floor_usage":[6,6,16,16,21,21,27,30,32,33,38],"damage_taken":[{"damage":35,"enemies":"Small Slimes","floor":2,"turns":4},{"damage":10,"enemies":"2 Louse","floor":3,"turns":3},{"damage":10,"enemies":"Jaw Worm","floor":4,"turns":2},{"damage":47,"enemies":"downfall:Heads","floor":6,"turns":7},{"damage":8,"enemies":"Exordium Thugs","floor":8,"turns":5},{"damage":10,"enemies":"Gremlin Gang","floor":9,"turns":5},{"damage":0,"enemies":"downfall:FleeingMerchant","floor":10,"turns":4},{"damage":28,"enemies":"downfall:FleeingMerchant","floor":11,"turns":4},{"damage":2,"enemies":"Blue Slaver","floor":13,"turns":3},{"damage":27,"enemies":"Exordium Thugs","floor":14,"turns":3},{"damage":2,"enemies":"Exordium Wildlife","floor":15,"turns":4},{"damage":59,"enemies":"IC_STATUS_ARCHETYPE","floor":16,"turns":6},{"damage":20,"enemies":"Chosen","floor":19,"turns":4},{"damage":52,"enemies":"Centurion and Healer","floor":20,"turns":6},{"damage":23,"enemies":"Chosen and Byrds","floor":21,"turns":6},{"damage":12,"enemies":"Snake Plant","floor":22,"turns":5},{"damage":23,"enemies":"Centurion and Healer","floor":25,"turns":5},{"damage":21,"enemies":"Slavers","floor":27,"turns":6},{"damage":23,"enemies":"Chosen and Byrds","floor":28,"turns":4},{"damage":0,"enemies":"Snecko","floor":29,"turns":4},{"damage":33,"enemies":"Gremlin Leader","floor":30,"turns":7},{"damage":33,"enemies":"Centurion and Healer","floor":32,"turns":5},{"damage":31,"enemies":"WA_ARCHETYPE_CALM","floor":33,"turns":8},{"damage":41,"enemies":"3 Darklings","floor":36,"turns":5},{"damage":6,"enemies":"downfall:FleeingMerchant","floor":37,"turns":4},{"damage":26,"enemies":"2 Orb Walkers","floor":38,"turns":5},{"damage":22,"enemies":"Orb Walker","floor":39,"turns":3},{"damage":80,"enemies":"Reptomancer","floor":40,"turns":2}],"seed_played":"8866657298512398817","potions_obtained":[{"floor":2,"key":"SteroidPotion"},{"floor":4,"key":"BlessingOfTheForge"},{"floor":13,"key":"FearPotion"},{"floor":14,"key":"LiquidBronze"},{"floor":15,"key":"Energy Potion"},{"floor":16,"key":"Swift Potion"},{"floor":20,"key":"SteroidPotion"},{"floor":21,"key":"FearPotion"},{"floor":25,"key":"Swift Potion"},{"floor":28,"key":"GamblersBrew"},{"floor":29,"key":"LiquidMemories"},{"floor":30,"key":"LiquidMemories"},{"floor":36,"key":"SpeedPotion"},{"floor":38,"key":"BlessingOfTheForge"}],"is_trial":false,"path_per_floor":["R","M","M","M","?","?","T","M","M","$","$","R","M","M","M","B",null,"R","M","M","M","M","R","T","M","R","E","M","M","E","?","M","B",null,"R","M","$","?","M","E"],"character_chosen":"THE_CHAMP","items_purchased":["Meat on the Bone","Apotheosis","champ:ShieldWall"],"campfire_rested":1,"item_purchase_floors":[10,37,37],"current_hp_per_floor":[81,76,76,76,49,22,22,19,19,19,21,45,43,41,51,54,81,81,81,64,61,49,49,49,43,43,49,58,58,57,57,56,66,81,81,81,81,66,49,0,0,0],"gold":265,"neow_bonus":"RANDOM_COLORLESS_2","is_daily":false,"chose_seed":false,"campfire_upgraded":5,"win_rate":0.0,"timestamp":1611927370,"path_taken":["R","M","M","M","?","?","T","M","?","?","$","R","M","M","M","BOSS","R","?","M","M","M","R","T","M","R","E","M","M","E","?","M","BOSS","R","M","$","?","M","E"],"items_purchased_type":["Relic","Card","Card"],"build_version":"2020-12-13","purchased_purges":0,"victory":false,"max_hp_per_floor":[81,81,81,81,81,81,81,81,81,81,81,81,81,81,81,81,81,81,81,81,81,81,81,81,81,81,81,81,81,81,81,81,81,81,81,81,81,81,81,81,81,81],"card_choices":[{"not_picked":["Mayhem","Magnetism"],"picked":"Transmutation","floor":0},{"not_picked":["champ:Backstep","champ:DefensiveShout"],"picked":"champ:BringItOn","floor":2},{"not_picked":["champ:FalseCounter","champ:EnGarde"],"picked":"champ:FlashCut","floor":3},{"not_picked":["champ:BladeFlurry","champ:EndlessRage"],"picked":"champ:RisingSlash","floor":4},{"not_picked":["champ:FocusedDefense","champ:Duel"],"picked":"champ:Shatter","floor":6},{"not_picked":["champ:Lariat","champ:StanceDance"],"picked":"champ:HoldFirm","floor":8},{"not_picked":["champ:Circumvent","champ:TornadoPunch"],"picked":"champ:RisingSlash","floor":9},{"not_picked":["champ:Haymaker","champ:HoldFirm"],"picked":"champ:PreciseThrust","floor":10},{"not_picked":["champ:PerfectedStrike","champ:RapidStrikes"],"picked":"champ:FocusedBerserking","floor":11},{"not_picked":["champ:AdrenalArmor","champ:LastStand"],"picked":"champ:StanceDance","floor":13},{"not_picked":["champ:AdrenalArmor","champ:CrownThrow"],"picked":"champ:Endure","floor":14},{"not_picked":["champ:PreciseThrust","champ:DefensiveShout"],"picked":"champ:AdrenalArmor","floor":15},{"not_picked":["champ:ShieldThrow","champ:GladiatorForm"],"picked":"champ:HeavySlash","floor":16},{"not_picked":["champ:RisingSlash","champ:FlashCut"],"picked":"champ:ShieldWall","floor":19},{"not_picked":["champ:ShieldSlam","champ:EnragedBash"],"picked":"champ:EnGarde","floor":20},{"not_picked":["champ:BringItOn+1","champ:PerfectedStrike"],"picked":"champ:Parry","floor":21},{"not_picked":["champ:FanOfKnives","champ:Parry"],"picked":"champ:EnGarde","floor":22},{"not_picked":["champ:Endure+1","champ:ShieldSlam"],"picked":"champ:SkillfulDodge","floor":25},{"not_picked":["champ:SetATrap","champ:Encircle"],"picked":"champ:UltimateStance","floor":27},{"not_picked":["champ:TornadoPunch","champ:BerserkersShout"],"picked":"champ:SkillfulDodge","floor":28},{"not_picked":["champ:FanOfKnives","champ:GutPunch"],"picked":"champ:FocusedDefense+1","floor":29},{"not_picked":["champ:PreciseThrust","champ:RecklessLeap"],"picked":"champ:StanceDance","floor":30},{"not_picked":["champ:Parry","champ:StanceDance+1"],"picked":"champ:CrownThrow+1","floor":32},{"not_picked":["champ:MurderStrike","champ:UltimateStance"],"picked":"champ:Improvising","floor":33},{"not_picked":["champ:BringItOn+1","champ:RisingSlash"],"picked":"champ:Haymaker","floor":36},{"not_picked":["champ:AdrenalArmor","champ:FanOfKnives+1"],"picked":"champ:DefensiveShout+1","floor":37},{"not_picked":["champ:PreciseThrust","champ:CrownThrow"],"picked":"champ:Duel+1","floor":38},{"not_picked":["champ:StanceDance","champ:PreemptiveStrike"],"picked":"champ:UltimateStance","floor":39}],"player_experience":65303,"relics_obtained":[{"floor":7,"key":"Bag of Preparation"},{"floor":24,"key":"Boot"},{"floor":27,"key":"Dream Catcher"},{"floor":30,"key":"Bird Faced Urn"},{"floor":38,"key":"Ice Cream"}],"event_choices":[{"damage_healed":0,"gold_gain":0,"player_choice":"Fight","damage_taken":0,"max_hp_gain":0,"max_hp_loss":0,"event_name":"Mysterious Sphere","floor":38,"gold_loss":0}],"is_beta":false,"boss_relics":[{"not_picked":["bronze:MakeshiftBattery","Runic Dome"],"picked":"SlaversCollar"},{"not_picked":["Velvet Choker","Fusion Hammer"],"picked":"Coffee Dripper"}],"items_purged_floors":[],"is_endless":false,"potions_floor_spawned":[2,4,13,14,15,16,20,21,25,28,29,30,36,38],"killed_by":"Reptomancer","ascension_level":0}}