{"host":"gobyjzz6xbwq9f9i","time":1611906915,"event":{"mods":["AchievementEnabler","BaseMod","Bestiary","Colored Map","Minty Spire (QoL Compilation)","Relic Stats"],"gold_per_floor":[119,21,32,51,51,51,65,65,89,109,140,152,181,206,218,325,337,363,392,604,631,133,133,163,178,178,197,197,15,15,15],"floor_reached":30,"language":"ENG","playtime":1183,"items_purged":["Hello World+1"],"score":419,"play_id":"7db02640-02e2-4c1e-93c5-75afbc0891df","local_time":"20210128235515","is_ascension_mode":true,"campfire_choices":[{"data":"Sunder","floor":6,"key":"SMITH"},{"data":"Static Discharge","floor":8,"key":"SMITH"},{"data":"Defragment","floor":12,"key":"SMITH"},{"data":"Hello World","floor":15,"key":"SMITH"},{"floor":23,"key":"REST"}],"circlet_count":0,"master_deck":["AscendersBane","Zap","Dualcast","Ball Lightning","Sunder+1","Ball Lightning","Static Discharge+1","Defragment+1","Electrodynamics","BootSequence","Creative AI","Loop","Fusion","Sunder","Hologram","Core Surge","Chill","Conserve Battery+1","Coolheaded","Echo Form","Steam","Glacier","Conserve Battery","Reinforced Body"],"relics":["Cracked Core","Smiling Mask","MawBank","Pandora\u0027s Box","Toy Ornithopter","Letter Opener","Orichalcum","Potion Belt","Singing Bowl","Happy Flower"],"acts_visited":["Exordium","TheCity"],"potions_floor_usage":[11,11,24,25,27,27],"damage_taken":[{"damage":12,"enemies":"Small Slimes","floor":1,"turns":4},{"damage":7,"enemies":"Jaw Worm","floor":3,"turns":2},{"damage":0,"enemies":"Cultist","floor":4,"turns":3},{"damage":0,"enemies":"Gremlin Gang","floor":7,"turns":3},{"damage":12,"enemies":"Exordium Thugs","floor":10,"turns":2},{"damage":0,"enemies":"Lagavulin","floor":11,"turns":4},{"damage":0,"enemies":"Exordium Wildlife","floor":13,"turns":2},{"damage":5,"enemies":"Gremlin Gang","floor":14,"turns":3},{"damage":55,"enemies":"The Guardian","floor":16,"turns":8},{"damage":21,"enemies":"2 Thieves","floor":18,"turns":4},{"damage":2,"enemies":"Shell Parasite","floor":19,"turns":3},{"damage":22,"enemies":"Snecko","floor":21,"turns":6},{"damage":34,"enemies":"Gremlin Leader","floor":24,"turns":6},{"damage":0,"enemies":"Cultist and Chosen","floor":25,"turns":4},{"damage":16,"enemies":"Snake Plant","floor":27,"turns":4},{"damage":8,"enemies":"Shelled Parasite and Fungi","floor":30,"turns":3}],"seed_played":"4410477957460497105","potions_obtained":[{"floor":4,"key":"DistilledChaos"},{"floor":7,"key":"GamblersBrew"},{"floor":11,"key":"FairyPotion"},{"floor":16,"key":"EssenceOfSteel"},{"floor":18,"key":"FearPotion"},{"floor":25,"key":"EssenceOfSteel"}],"is_trial":false,"path_per_floor":["M","$","M","M","?","R","M","R","T","M","E","R","M","M","R","B",null,"M","M","?","M","$","R","E","M","T","M","T","$","M"],"character_chosen":"DEFECT","items_purchased":["CultistPotion","Toy Ornithopter","Echo Form","Letter Opener","Happy Flower","Reinforced Body"],"campfire_rested":1,"item_purchase_floors":[2,22,22,22,29,29],"current_hp_per_floor":[56,56,49,49,54,54,54,54,54,42,42,42,42,37,37,5,56,35,33,33,11,11,32,3,8,8,2,2,2,0,0],"gold":15,"neow_bonus":"REMOVE_TWO","is_daily":false,"chose_seed":false,"campfire_upgraded":4,"win_rate":0.0,"timestamp":1611906915,"path_taken":["M","$","M","M","?","R","M","R","T","M","E","R","M","M","R","BOSS","M","M","?","?","$","R","E","M","T","?","?","?","M"],"items_purchased_type":["Potion","Relic","Card","Relic","Relic","Card"],"build_version":"2020-12-22","purchased_purges":1,"victory":false,"max_hp_per_floor":[68,68,68,68,73,73,73,73,73,73,73,73,73,73,73,73,73,73,73,73,73,73,73,73,73,73,73,73,73,73,73],"relic_stats":{"Singing Bowl":0,"Happy Flower":[1],"counters":[16,60],"Pandora\u0027s Box":["Loop","Fusion","Sunder","Hologram","Core Surge","Chill"],"Letter Opener":[0],"Orichalcum":[24],"Smiling Mask":25,"MawBank":132,"obtain_stats":[{"Potion Belt":26,"Singing Bowl":28,"Happy Flower":29,"Pandora\u0027s Box":17,"Letter Opener":22,"Orichalcum":24,"Cracked Core":0,"Smiling Mask":9,"MawBank":11,"Toy Ornithopter":22},{"Potion Belt":14,"Singing Bowl":15,"Happy Flower":15,"Pandora\u0027s Box":9,"Letter Opener":12,"Orichalcum":13,"Cracked Core":0,"Smiling Mask":4,"MawBank":6,"Toy Ornithopter":12},{"Potion Belt":54,"Singing Bowl":57,"Happy Flower":57,"Pandora\u0027s Box":31,"Letter Opener":44,"Orichalcum":50,"Cracked Core":0,"Smiling Mask":12,"MawBank":18,"Toy Ornithopter":44}],"Toy Ornithopter":20},"card_choices":[{"not_picked":["Leap","Defragment"],"picked":"Ball Lightning","floor":1},{"not_picked":["Gash","Steam"],"picked":"Sunder","floor":3},{"not_picked":["Redo","Storm"],"picked":"Ball Lightning","floor":4},{"not_picked":["Stack","White Noise"],"picked":"Static Discharge","floor":7},{"not_picked":["Gash","Darkness"],"picked":"Defragment","floor":10},{"not_picked":["Cold Snap","Stack"],"picked":"Electrodynamics","floor":11},{"not_picked":["Go for the Eyes","Turbo"],"picked":"BootSequence","floor":13},{"not_picked":["Melter","Storm"],"picked":"Hello World","floor":14},{"not_picked":["Reboot","Fission"],"picked":"Creative AI","floor":16},{"not_picked":["Aggregate","Scrape+1","Sweeping Beam"],"picked":"SKIP","floor":18},{"not_picked":["Coolheaded","Streamline"],"picked":"Conserve Battery+1","floor":19},{"not_picked":["Chaos","Hello World"],"picked":"Coolheaded","floor":21},{"not_picked":["FTL","Sweeping Beam"],"picked":"Steam","floor":24},{"not_picked":["Fusion","Stack"],"picked":"Glacier","floor":25},{"not_picked":["Streamline","Rebound"],"picked":"Conserve Battery","floor":27}],"player_experience":1201120,"relics_obtained":[{"floor":9,"key":"Smiling Mask"},{"floor":11,"key":"MawBank"},{"floor":24,"key":"Orichalcum"},{"floor":26,"key":"Potion Belt"},{"floor":28,"key":"Singing Bowl"}],"event_choices":[{"damage_healed":0,"gold_gain":0,"player_choice":"Donut","damage_taken":0,"max_hp_gain":5,"max_hp_loss":0,"event_name":"Big Fish","floor":5,"gold_loss":0},{"damage_healed":0,"gold_gain":200,"player_choice":"Gold","damage_taken":0,"max_hp_gain":0,"max_hp_loss":0,"event_name":"Wheel of Change","floor":20,"gold_loss":0}],"is_beta":false,"boss_relics":[{"not_picked":["FrozenCore","Busted Crown"],"picked":"Pandora\u0027s Box"}],"items_purged_floors":[22],"is_endless":false,"potions_floor_spawned":[4,7,11,16,18,25],"killed_by":"Shelled Parasite and Fungi","ascension_level":10}}