{"host":"4kmvpqjeiacgn1pr","time":1611959995,"event":{"mods":["AchievementEnabler","BaseMod","Better Altar","Better Match","Better Note","Better Sensory Stone","Better Skull","Better Third Choice","Colored Map","Colored Powertips","Curses Come First","Downfall","Highlight Path","Hubris","Infinite Spire","Minty Spire (QoL Compilation)","Permanent Neow","Quick Restart","Rare Cards Sparkle","Replay The Spire","Spicy Shops","StSLib"],"gold_per_floor":[99,133,165,165,60,60,87,87,87,122,22,22,85,114,184,184,184,184],"floor_reached":16,"language":"ENG","playtime":1263,"items_purged":[],"score":112,"play_id":"499f377b-5a34-4323-a84f-45b695223413","local_time":"20210129173955","is_ascension_mode":true,"campfire_choices":[{"data":"Slimebound:SplitLeeching","floor":6,"key":"SMITH"},{"data":"Slimebound:LeadByExample","floor":8,"key":"SMITH"},{"data":"HandOfGreed","floor":11,"key":"SMITH"}],"circlet_count":0,"master_deck":["Slimebound:Strike_Slimebound","Slimebound:Strike_Slimebound","Slimebound:Strike_Slimebound","Slimebound:Tackle","Slimebound:Defend_Slimebound","Slimebound:Defend_Slimebound","Slimebound:Defend_Slimebound","Slimebound:Split","Slimebound:CorrosiveSpit","downfall:Haunted","HandOfGreed+1","Slimebound:BestDefense","Slimebound:LeadByExample+1","Slimebound:SplitLeeching+1","Slimebound:ItLooksTasty","Slimebound:Schlurp+1","Slimebound:LeechEnergy","Slimebound:Prepare","Slimebound:OozeBath","Slimebound:SpikyOuterGoop"],"relics":["Slimebound:AbsorbEndCombat","hubris:Towel","ReplayTheSpireMod:TigerMarble","hubris:OldNail","hubris:SlimyHat","downfall:HeartBlessingGreen","Spirit Poop","Replay:Wax Seal"],"acts_visited":["Exordium"],"potions_floor_usage":[5,16],"damage_taken":[{"damage":12,"enemies":"Small Slimes","floor":2,"turns":3},{"damage":8,"enemies":"Cultist","floor":3,"turns":4},{"damage":4,"enemies":"downfall:FleeingMerchant","floor":5,"turns":4},{"damage":14,"enemies":"3 Sentries","floor":10,"turns":9},{"damage":0,"enemies":"2 Louse","floor":13,"turns":4},{"damage":37,"enemies":"Gremlin Nob","floor":14,"turns":4},{"damage":16,"enemies":"Lots of Slimes","floor":15,"turns":6},{"damage":24,"enemies":"IC_STATUS_ARCHETYPE","floor":16,"turns":8}],"seed_played":"3870225925682372574","potions_obtained":[{"floor":2,"key":"Block Potion"},{"floor":10,"key":"Elixir"}],"is_trial":false,"path_per_floor":["R_BF","M","M","?","$","R","T","R","?","E","R","?","M","E","M","B"],"character_chosen":"SLIMEBOUND","items_purchased":["Slimebound:Schlurp+1","Slimebound:LeechEnergy"],"campfire_rested":0,"item_purchase_floors":[5,5],"current_hp_per_floor":[65,57,57,57,55,55,55,55,55,57,57,57,59,26,12,0,0,0],"gold":184,"neow_bonus":"RANDOM_COLORLESS_2","is_daily":false,"chose_seed":false,"campfire_upgraded":3,"win_rate":0.0,"timestamp":1611959995,"path_taken":["R_BF","M","M","?","$","R","T","R","?","E","R","?","M","E","M","BOSS"],"items_purchased_type":["Card","Card"],"build_version":"2020-12-22","purchased_purges":0,"victory":false,"max_hp_per_floor":[65,65,65,65,65,65,65,65,65,65,65,65,65,65,65,65,65,65],"card_choices":[{"not_picked":["Secret Technique","Crow Ritual"],"picked":"HandOfGreed","floor":0},{"not_picked":["Slimebound:FormOfPuddle","Slimebound:LevelUp"],"picked":"Slimebound:LeadByExample","floor":2},{"not_picked":["Slimebound:ProtectTheBoss","Slimebound:GoopSpray"],"picked":"Slimebound:SplitLeeching","floor":3},{"not_picked":["Slimebound:ComboTackle","Slimebound:DisruptingSlam"],"picked":"Slimebound:ItLooksTasty","floor":5},{"not_picked":["Slimebound:AcidTongue","Slimebound:ItLooksTasty"],"picked":"Slimebound:Prepare","floor":10},{"not_picked":["Slimebound:LeechingTouch","Slimebound:SlimeBrawl"],"picked":"Slimebound:OozeBath","floor":13},{"not_picked":["Slimebound:Schlurp","Slimebound:Teamwork"],"picked":"Slimebound:SpikyOuterGoop","floor":14},{"not_picked":["Slimebound:ServeAndProtect","Slimebound:PressTheAttack","Slimebound:Grow"],"picked":"SKIP","floor":15}],"player_experience":385505,"relics_obtained":[{"floor":7,"key":"ReplayTheSpireMod:TigerMarble"},{"floor":10,"key":"hubris:SlimyHat"},{"floor":14,"key":"Replay:Wax Seal"}],"event_choices":[{"damage_healed":0,"gold_gain":0,"player_choice":"Box","damage_taken":0,"relics_obtained":["hubris:OldNail"],"max_hp_gain":0,"max_hp_loss":0,"event_name":"Big Fish","floor":9,"gold_loss":0,"cards_obtained":["Regret"]},{"cards_removed":["Regret"],"damage_healed":0,"gold_gain":0,"player_choice":"Offered Curse","damage_taken":0,"relics_obtained":["Spirit Poop"],"max_hp_gain":0,"max_hp_loss":0,"event_name":"Bonfire Elementals","floor":12,"gold_loss":0}],"is_beta":false,"boss_relics":[],"items_purged_floors":[],"is_endless":false,"potions_floor_spawned":[2,10],"killed_by":"IC_STATUS_ARCHETYPE","ascension_level":1}}