{"host":"1focbxb2e8qu7ccd","time":1611960683,"event":{"mods":["BaseMod","Minty Spire (QoL Compilation)","Relic Stats"],"gold_per_floor":[118,118,28,41,55,55,81,95,95,148,148,148,148],"floor_reached":12,"language":"ENG","playtime":509,"items_purged":[],"score":148,"play_id":"06843382-f5e9-43dd-8a91-d632d5691cf6","local_time":"20210129175123","is_ascension_mode":true,"campfire_choices":[{"data":"Riddle With Holes","floor":6,"key":"SMITH"},{"floor":11,"key":"REST"}],"circlet_count":0,"master_deck":["AscendersBane","Strike_G","Strike_G","Strike_G","Strike_G","Strike_G","Defend_G","Defend_G","Defend_G","Defend_G","Defend_G","Survivor","Neutralize","Leg Sweep","Night Terror","Riddle With Holes+1","Quick Slash","Underhanded Strike","Well Laid Plans","Envenom","Dagger Spray"],"relics":["Ring of the Snake","Singing Bowl","Molten Egg 2"],"acts_visited":["Exordium"],"potions_floor_usage":[7,7,8],"damage_taken":[{"damage":1,"enemies":"Jaw Worm","floor":1,"turns":4},{"damage":1,"enemies":"Cultist","floor":4,"turns":5},{"damage":9,"enemies":"Small Slimes","floor":5,"turns":5},{"damage":37,"enemies":"3 Sentries","floor":7,"turns":10},{"damage":17,"enemies":"3 Louse","floor":8,"turns":6},{"damage":35,"enemies":"Lagavulin","floor":12,"turns":5}],"seed_played":"-2374276654671497565","potions_obtained":[{"floor":1,"key":"Fruit Juice"},{"floor":5,"key":"BlessingOfTheForge"},{"floor":7,"key":"AttackPotion"}],"is_trial":false,"path_per_floor":["M","?","$","M","M","R","E","M","T","?","R","E"],"character_chosen":"THE_SILENT","items_purchased":["Riddle With Holes","Quick Slash"],"campfire_rested":1,"item_purchase_floors":[3,3],"current_hp_per_floor":[64,64,64,63,54,54,22,5,5,5,28,0,0],"gold":148,"neow_bonus":"TEN_PERCENT_HP_BONUS","is_daily":false,"chose_seed":false,"campfire_upgraded":1,"win_rate":0.0,"timestamp":1611960683,"path_taken":["M","?","$","M","M","R","E","?","T","?","R","E"],"items_purchased_type":["Card","Card"],"build_version":"2020-12-22","purchased_purges":0,"victory":false,"max_hp_per_floor":[72,72,72,72,72,72,77,77,77,77,77,77,77],"relic_stats":{"Singing Bowl":0,"counters":[6,35],"obtain_stats":[{"Singing Bowl":7,"Molten Egg 2":9,"Ring of the Snake":0},{"Singing Bowl":4,"Molten Egg 2":5,"Ring of the Snake":0},{"Singing Bowl":24,"Molten Egg 2":30,"Ring of the Snake":0}],"Ring of the Snake":[12]},"card_choices":[{"not_picked":["Tactician","Outmaneuver"],"picked":"Leg Sweep","floor":1},{"not_picked":["Escape Plan","Reflex"],"picked":"Underhanded Strike","floor":4},{"not_picked":["Bane","Eviscerate"],"picked":"Well Laid Plans","floor":5},{"not_picked":["Setup","Acrobatics"],"picked":"Envenom","floor":7},{"not_picked":["Distraction","Prepared"],"picked":"Dagger Spray","floor":8}],"player_experience":827480,"relics_obtained":[{"floor":7,"key":"Singing Bowl"},{"floor":9,"key":"Molten Egg 2"}],"event_choices":[{"damage_healed":0,"gold_gain":0,"player_choice":"1 cards matched","damage_taken":0,"max_hp_gain":0,"max_hp_loss":0,"event_name":"Match and Keep!","floor":2,"gold_loss":0,"cards_obtained":["Night Terror"]},{"damage_healed":0,"gold_gain":53,"player_choice":"Gained Gold","damage_taken":0,"max_hp_gain":0,"max_hp_loss":0,"event_name":"Golden Wing","floor":10,"gold_loss":0}],"is_beta":false,"boss_relics":[],"items_purged_floors":[],"is_endless":false,"potions_floor_spawned":[1,5,7],"killed_by":"Lagavulin","ascension_level":18}}