{"host":"e1hsr9gtjq2d74pi","time":1611897959,"event":{"mods":["Act Like it!","BaseMod","Beaked The Cultist","Bestiary","BetterRewards","Clockwork Mod","Conspire","Downfall","Hermit","Hero for Fun","Hubris","Marisa????????","Minty Spire (QoL Compilation)","Robot Space Explorer","Shop Mod","Spicy Shops","Spire Arcade","StSLib","The Animator","The Construct","The Cursed","The Saiyan","The Servant 0.9.4","UnlockEverythingMod"],"gold_per_floor":[112,112,135,156,156,156,200,219,271,306,306,306,40,58,58,187,187,212,212,137,161,180,180,220,220,220,235,253,287,287,301,301,424,424,440,453,253,318,336,336,369,393,418,418,418,462,496,496,496,496,496,496,229,265,265,265],"floor_reached":55,"language":"ENG","playtime":1989,"items_purged":["Regret","Strike_P","Defend_P","Defend_P"],"score":850,"play_id":"65ff9cbe-f19c-40a8-affb-78d57c3f1cc5","local_time":"20210128212559","is_ascension_mode":false,"campfire_choices":[{"data":"PathToVictory","floor":6,"key":"SMITH"},{"data":"PathToVictory","floor":12,"key":"SMITH"},{"data":"Protect","floor":15,"key":"SMITH"},{"data":"Protect","floor":23,"key":"SMITH"},{"data":"PathToVictory","floor":25,"key":"SMITH"},{"floor":32,"key":"REST"},{"floor":40,"key":"REST"},{"floor":49,"key":"RECALL"},{"data":"Protect+1","floor":52,"key":"SMITH"}],"circlet_count":0,"master_deck":["Strike_P+1","Strike_P+1","Defend_P","Defend_P","Vigilance","PathToVictory+1","ThirdEye","PathToVictory+1","Protect+2","PathToVictory+1","PathToVictory+1","Protect+1"],"relics":["PureWater","hubris:SlimyHat","Golden Idol","Whetstone","Toy Ornithopter","Prayer Wheel","Membership Card","Ginger","hubris:CrackedHourglass","Unceasing Top","conspire:InfiniteJournal","Strawberry","Busted Crown","Gambling Chip","Medical Kit","ClockworkSouvenir","CatCart","Bag of Marbles","Orichalcum","hubris:Towel","hubris:64BitClover","Lantern","Lee\u0027s Waffle","TeardropLocket"],"acts_visited":["Exordium","TheCity","TheBeyond","TheEnding"],"potions_floor_usage":[14,14,24,38,38,47,54,54],"damage_taken":[{"damage":2,"enemies":"Small Slimes","floor":1,"turns":4},{"damage":0,"enemies":"conspire:RoseBush","floor":3,"turns":3},{"damage":0,"enemies":"2 Louse","floor":4,"turns":2},{"damage":16,"enemies":"Lagavulin","floor":7,"turns":7},{"damage":0,"enemies":"2 Fungi Beasts","floor":8,"turns":4},{"damage":16,"enemies":"Gremlin Nob","floor":10,"turns":3},{"damage":19,"enemies":"Large Slime","floor":14,"turns":4},{"damage":21,"enemies":"The Guardian","floor":16,"turns":9},{"damage":18,"enemies":"Spheric Guardian","floor":18,"turns":6},{"damage":5,"enemies":"2 Thieves","floor":21,"turns":3},{"damage":0,"enemies":"conspire:HollyBat","floor":22,"turns":4},{"damage":28,"enemies":"conspire:SneckoGhost","floor":24,"turns":6},{"damage":13,"enemies":"3 Cultists","floor":27,"turns":5},{"damage":0,"enemies":"Snake Plant","floor":28,"turns":2},{"damage":0,"enemies":"conspire:Head Lice","floor":29,"turns":3},{"damage":5,"enemies":"Cultist and Chosen","floor":31,"turns":4},{"damage":24,"enemies":"conspire:MysteriousRune","floor":33,"turns":7},{"damage":0,"enemies":"Orb Walker","floor":35,"turns":4},{"damage":22,"enemies":"3 Darklings","floor":36,"turns":4},{"damage":53,"enemies":"Orin","floor":38,"turns":6},{"damage":2,"enemies":"4 Shapes","floor":39,"turns":5},{"damage":0,"enemies":"beaked:SuperParasite","floor":41,"turns":5},{"damage":0,"enemies":"Transient","floor":42,"turns":5},{"damage":0,"enemies":"conspire:MimicChest","floor":46,"turns":3},{"damage":8,"enemies":"Nemesis","floor":47,"turns":5},{"damage":112,"enemies":"hubris:GrandSnecko","floor":50,"turns":9},{"damage":27,"enemies":"Shield and Spear","floor":54,"turns":4},{"damage":71,"enemies":"The Heart","floor":55,"turns":5}],"seed_played":"-8464311149450479722","potions_obtained":[{"floor":7,"key":"Guardian:BlockOnCardUsePotion"},{"floor":8,"key":"SteroidPotion"},{"floor":10,"key":"conspire:TimeTravelPotion"},{"floor":18,"key":"conspire:TimeTravelPotion"},{"floor":27,"key":"SteroidPotion"},{"floor":33,"key":"FearPotion"},{"floor":42,"key":"AttackPotion"}],"is_trial":false,"path_per_floor":["M","?","M","M","?","R","E","M","T","E","?","R","$","M","R","B",null,"M","?","?","M","M","R","E","R","T","M","M","E","?","M","R","B",null,"M","M","$","?","M","R","E","M","T","?","?","?","E","?","R","B",null,"R","$","E","B"],"character_chosen":"WATCHER","items_purchased":["Membership Card","Ginger","Gambling Chip","Medical Kit","ClockworkSouvenir","Lee\u0027s Waffle","Weak Potion","ColorlessPotion"],"campfire_rested":2,"item_purchase_floors":[13,13,37,37,37,53,53,53],"current_hp_per_floor":[70,52,52,52,52,52,36,36,36,20,20,20,20,22,22,1,72,54,54,54,49,49,49,47,47,47,34,34,41,41,36,59,35,79,79,57,57,14,12,35,35,35,35,69,69,69,61,61,61,4,66,66,73,46,0,0],"gold":265,"neow_bonus":"RANDOM_COMMON_RELIC","is_daily":false,"chose_seed":false,"campfire_upgraded":6,"win_rate":0.0,"timestamp":1611897959,"path_taken":["M","?","M","M","?","R","E","M","T","E","?","R","$","M","R","BOSS","M","?","?","M","M","R","E","R","T","M","M","E","?","M","R","BOSS","M","M","$","?","M","R","E","M","T","?","?","?","E","?","R","BOSS","R","$","E","BOSS"],"items_purchased_type":["Relic","Relic","Relic","Relic","Relic","Relic","Potion","Potion"],"build_version":"2020-12-22","purchased_purges":4,"victory":false,"max_hp_per_floor":[72,72,72,72,72,72,72,72,72,72,72,72,72,72,72,72,72,72,72,72,72,72,72,72,72,72,72,72,79,79,79,79,79,79,79,79,79,79,79,79,79,79,79,69,69,69,69,66,66,66,66,66,73,73,73,73],"card_choices":[{"not_picked":["EmptyFist","BowlingBash"],"picked":"PathToVictory","floor":1},{"not_picked":["Weave","TalkToTheHand"],"picked":"ThirdEye","floor":3},{"not_picked":["Evaluate","InnerPeace","EmptyBody"],"picked":"SKIP","floor":4},{"not_picked":["Fasting2","CrushJoints","JustLucky"],"picked":"SKIP","floor":7},{"not_picked":["MentalFortress","ClearTheMind"],"picked":"PathToVictory","floor":8},{"not_picked":["SashWhip","Weave"],"picked":"Protect","floor":10},{"not_picked":["Consecrate","DeceiveReality","ClearTheMind"],"picked":"SKIP","floor":14},{"not_picked":["ClearTheMind","MasterReality","JustLucky"],"picked":"SKIP","floor":14},{"not_picked":["MentalFortress","SignatureMove"],"picked":"PathToVictory","floor":18},{"not_picked":["Meditate+1","Halt+1"],"picked":"PathToVictory+1","floor":18},{"not_picked":["FlurryOfBlows","Wireheading"],"picked":"Protect","floor":21},{"not_picked":["FollowUp","FlurryOfBlows+1","Adaptation"],"picked":"SKIP","floor":21},{"not_picked":["SandsOfTime","CrushJoints+1","Adaptation+1"],"picked":"SKIP","floor":22},{"not_picked":["WindmillStrike","Protect","ThirdEye"],"picked":"SKIP","floor":22},{"not_picked":["BowlingBash","JustLucky","WreathOfFlame+1"],"picked":"SKIP","floor":24},{"not_picked":["Tantrum","InnerPeace","Pray"],"picked":"SKIP","floor":27},{"not_picked":["FlurryOfBlows","Protect","Omniscience"],"picked":"SKIP","floor":27},{"not_picked":["Halt","Sanctity","FlurryOfBlows"],"picked":"SKIP","floor":28},{"not_picked":["Protect","CrushJoints","Wallop"],"picked":"SKIP","floor":28},{"not_picked":["Swivel+1","Perseverance","Weave"],"picked":"SKIP","floor":29},{"not_picked":["Prostrate","EmptyBody","Meditate"],"picked":"SKIP","floor":31},{"not_picked":["Collect+1","ForeignInfluence","FollowUp"],"picked":"SKIP","floor":31},{"not_picked":["JustLucky"],"picked":"SKIP","floor":35},{"not_picked":["BowlingBash+1"],"picked":"SKIP","floor":35},{"not_picked":["BowlingBash+1"],"picked":"SKIP","floor":36},{"not_picked":["MentalFortress"],"picked":"SKIP","floor":36},{"not_picked":["WaveOfTheHand+1"],"picked":"SKIP","floor":39},{"not_picked":["CrushJoints+1"],"picked":"SKIP","floor":39},{"not_picked":["Conclude+1"],"picked":"SKIP","floor":41},{"not_picked":["Meditate+1"],"picked":"SKIP","floor":42},{"not_picked":["TalkToTheHand+1"],"picked":"SKIP","floor":42},{"not_picked":["ConjureBlade"],"picked":"SKIP","floor":47},{"not_picked":["Pray+1"],"picked":"SKIP","floor":54}],"player_experience":467333,"relics_obtained":[{"floor":7,"key":"Whetstone"},{"floor":10,"key":"Toy Ornithopter"},{"floor":24,"key":"Unceasing Top"},{"floor":26,"key":"conspire:InfiniteJournal"},{"floor":29,"key":"Strawberry"},{"floor":38,"key":"CatCart"},{"floor":41,"key":"Bag of Marbles"},{"floor":43,"key":"Orichalcum"},{"floor":46,"key":"hubris:64BitClover"},{"floor":47,"key":"Lantern"},{"floor":54,"key":"TeardropLocket"}],"event_choices":[{"damage_healed":0,"gold_gain":0,"player_choice":"Take Damage","damage_taken":18,"relics_obtained":["Golden Idol"],"max_hp_gain":0,"max_hp_loss":0,"event_name":"Golden Idol","floor":2,"gold_loss":0},{"damage_healed":0,"gold_gain":0,"player_choice":"Leave","damage_taken":0,"max_hp_gain":0,"max_hp_loss":0,"event_name":"conspire:Investor","floor":5,"gold_loss":0},{"damage_healed":0,"gold_gain":0,"player_choice":"Box","damage_taken":0,"relics_obtained":["Prayer Wheel"],"max_hp_gain":0,"max_hp_loss":0,"event_name":"Big Fish","floor":11,"gold_loss":0,"cards_obtained":["Regret"]},{"cards_removed":["Strike_P"],"damage_healed":0,"gold_gain":0,"player_choice":"Gave Gold","damage_taken":0,"max_hp_gain":0,"max_hp_loss":0,"event_name":"Beggar","floor":20,"gold_loss":75},{"cards_removed":["Eruption"],"damage_healed":0,"gold_gain":0,"player_choice":"Elegance","damage_taken":0,"max_hp_gain":0,"max_hp_loss":0,"event_name":"Back to Basics","floor":30,"gold_loss":0},{"damage_healed":0,"gold_gain":0,"player_choice":"Fight","damage_taken":0,"max_hp_gain":0,"max_hp_loss":0,"event_name":"OrinTheCat","floor":38,"gold_loss":0},{"damage_healed":69,"gold_gain":0,"player_choice":"Heal","damage_taken":0,"max_hp_gain":0,"max_hp_loss":10,"event_name":"The Moai Head","floor":44,"gold_loss":0},{"damage_healed":0,"gold_gain":0,"player_choice":"Max HP","damage_taken":0,"max_hp_gain":0,"max_hp_loss":3,"event_name":"Winding Halls","floor":48,"gold_loss":0}],"is_beta":false,"boss_relics":[{"not_picked":["conspire:RunicOctahedron","Black Star"],"picked":"hubris:CrackedHourglass"},{"not_picked":["VioletLotus","beaked:SacredDeck"],"picked":"Busted Crown"}],"items_purged_floors":[13,37,53,53],"is_endless":false,"potions_floor_spawned":[7,8,10,18,27,33,38,42],"killed_by":"The Heart","ascension_level":0}}