{"host":"iy58fyt9wsbv4cf1","time":1611894862,"event":{"mods":["BaseMod","Better Altar","Better Match","Better Skull","Better Third Choice","BetterRewards","Conspire","Custom Start","Defuse TimeMaze Blight","Hubris","Infinite Spire","Minty Spire (QoL Compilation)","Permanent Neow","Quick Restart","Spicy Shops","StSLib"],"gold_per_floor":[110,110,125,125,125,125,125,154,154,183,183,197,226,242,242,341,341,361,361,380,380,305,305,333,352,378,396,415,415,430,201,201,305,305,321,46,46,80,80,7,34,34,34,63,73,87,87,0,0,0,0,0,0,34,34],"floor_reached":56,"language":"ENG","playtime":1213,"items_purged":["Strike_B"],"score":1416,"play_id":"764bffbe-a27c-40d6-a165-960c0048c49f","local_time":"20210128233422","is_ascension_mode":false,"campfire_choices":[{"data":"Defragment","floor":7.0,"key":"SMITH"},{"data":"White Noise","floor":15.0,"key":"SMITH"},{"data":"Storm","floor":23.0,"key":"SMITH"},{"data":"White Noise","floor":29.0,"key":"SMITH"},{"data":"Biased Cognition","floor":32.0,"key":"SMITH"},{"floor":49.0,"key":"RECALL"},{"data":"Storm","floor":52.0,"key":"SMITH"}],"circlet_count":0,"master_deck":["conspire:GhostlyStrike","conspire:GhostlyStrike","conspire:GhostlyStrike","conspire:GhostlyDefend","conspire:GhostlyDefend","conspire:GhostlyDefend","conspire:GhostlyDefend","Zap","Dualcast","Storm+1","Defragment+1","hubris:PowerSurge","White Noise+1","White Noise+1","Thunder Strike","Storm+1","Leap+1","infinitespire:Collect","Biased Cognition+1","Heatsinks+1","Storm+1","Storm+1","Tempest+1"],"relics":["Cracked Core","DataDisk","Mummified Hand","Lee\u0027s Waffle","Ice Cream","Strawberry","Anchor","infinitespire:Beetle Shell","conspire:SpecialSausage","infinitespire:Lucky Rock","Coffee Dripper","HornCleat","Juzu Bracelet","hubris:ToyBattleship","Runic Capacitor","hubris:SoftwareUpdate","hubris:DisguiseKit","Unceasing Top","Red Mask","White Beast Statue"],"acts_visited":["Exordium","TheCity","TheBeyond","TheEnding"],"potions_floor_usage":[54,54,54],"damage_taken":[{"damage":0.0,"enemies":"Small Slimes","floor":1.0,"turns":2.0},{"damage":1.0,"enemies":"Jaw Worm","floor":3.0,"turns":2.0},{"damage":8.0,"enemies":"Gremlin Nob","floor":8.0,"turns":3.0},{"damage":18.0,"enemies":"3 Sentries","floor":10.0,"turns":4.0},{"damage":0.0,"enemies":"Cultist","floor":12.0,"turns":3.0},{"damage":4.0,"enemies":"Lagavulin","floor":13.0,"turns":3.0},{"damage":0.0,"enemies":"3 Louse","floor":14.0,"turns":3.0},{"damage":37.0,"enemies":"Hexaghost","floor":16.0,"turns":8.0},{"damage":5.0,"enemies":"2 Thieves","floor":18.0,"turns":3.0},{"damage":0.0,"enemies":"Spheric Guardian","floor":20.0,"turns":2.0},{"damage":0.0,"enemies":"Gremlin Leader","floor":24.0,"turns":5.0},{"damage":0.0,"enemies":"Chosen and Byrds","floor":25.0,"turns":2.0},{"damage":0.0,"enemies":"3 Cultists","floor":27.0,"turns":2.0},{"damage":0.0,"enemies":"Centurion and Healer","floor":28.0,"turns":2.0},{"damage":0.0,"enemies":"conspire:HollyBat","floor":30.0,"turns":4.0},{"damage":10.0,"enemies":"hubris:MusketHawk","floor":33.0,"turns":4.0},{"damage":0.0,"enemies":"3 Darklings","floor":35.0,"turns":2.0},{"damage":4.0,"enemies":"conspire:MimicChest","floor":38.0,"turns":3.0},{"damage":0.0,"enemies":"Giant Head","floor":41.0,"turns":1.0},{"damage":0.0,"enemies":"Reptomancer","floor":44.0,"turns":2.0},{"damage":0.0,"enemies":"3 Shapes","floor":45.0,"turns":2.0},{"damage":0.0,"enemies":"3 Darklings","floor":46.0,"turns":2.0},{"damage":2.0,"enemies":"Awakened One","floor":50.0,"turns":3.0},{"damage":0,"enemies":"Shield and Spear","floor":54,"turns":1},{"damage":68,"enemies":"The Heart","floor":55,"turns":3}],"seed_played":"-1063553417098230771","potions_obtained":[{"floor":1.0,"key":"Dexterity Potion"},{"floor":8.0,"key":"FearPotion"},{"floor":14.0,"key":"EssenceOfSteel"},{"floor":16.0,"key":"Explosive Potion"},{"floor":25.0,"key":"FocusPotion"},{"floor":54,"key":"Ancient Potion"}],"is_trial":false,"path_per_floor":["M","?","M","$","?","$","R","E","T","E","$","M","E","M","R","B",null,"M","?","M","?","?","R","E","M","T","M","M","R","M","$","R","B",null,"M","$","?","?","?","$","E","?","T","E","M","M","?","?","R","B",null,"R","$","E","B",null],"character_chosen":"DEFECT","items_purchased":["Storm","DataDisk","Defragment","hubris:PowerSurge","Mummified Hand","Lee\u0027s Waffle","Biased Cognition","HornCleat","Juzu Bracelet","Runic Capacitor"],"campfire_rested":0,"item_purchase_floors":[0,0,0,0,0,0,31,36,36,40],"current_hp_per_floor":[82,82,81,81,81,81,81,73,80,62,62,62,58,58,58,21,89,84,84,84,61,61,61,61,61,61,61,61,61,61,61,61,51,89,89,89,89,85,85,85,85,85,85,85,85,85,85,85,85,83,89,89,89,89,21],"gold":34,"neow_bonus":"","is_daily":false,"chose_seed":false,"campfire_upgraded":6,"win_rate":0.0,"timestamp":1611894862,"path_taken":["M","?","M","$","?","$","R","E","T","E","?","M","E","M","R","BOSS","M","?","?","?","?","R","E","M","T","M","M","R","M","$","R","BOSS","M","$","?","?","?","$","E","?","T","E","M","M","?","?","R","BOSS","R","$","E","BOSS"],"items_purchased_type":["Card","Relic","Card","Card","Relic","Relic","Card","Relic","Relic","Relic"],"build_version":"2020-12-22","purchased_purges":1,"victory":true,"max_hp_per_floor":[82,82,82,82,82,82,82,82,89,89,89,89,89,89,89,89,89,89,89,89,89,89,89,89,89,89,89,89,89,89,89,89,89,89,89,89,89,89,89,89,89,89,89,89,89,89,89,89,89,89,89,89,89,89,89],"card_choices":[{"not_picked":["Chill","Steam","Beam Cell"],"picked":"SKIP","floor":1.0},{"not_picked":["Streamline","Turbo","Scrape"],"picked":"SKIP","floor":3.0},{"not_picked":["Sweeping Beam","hubris:SpecializedCircuitry"],"picked":"White Noise","floor":8.0},{"not_picked":["Gash","conspire:SharedLibrary","Streamline"],"picked":"SKIP","floor":10.0},{"not_picked":["Streamline","Hologram"],"picked":"White Noise","floor":12.0},{"not_picked":["Genetic Algorithm","Double Energy","Glacier"],"picked":"SKIP","floor":13.0},{"not_picked":["Blizzard","Chill","Conserve Battery"],"picked":"SKIP","floor":14.0},{"not_picked":["All For One","hubris:DoWhile"],"picked":"Thunder Strike","floor":16.0},{"not_picked":["Streamline","Beam Cell","Turbo"],"picked":"SKIP","floor":18.0},{"not_picked":["Hologram","Turbo"],"picked":"Leap+1","floor":20.0},{"not_picked":["infinitespire:Fortify","infinitespire:TheBestDefense"],"picked":"infinitespire:Collect","floor":21.0},{"not_picked":["Cold Snap","Scrape","Sunder"],"picked":"SKIP","floor":24.0},{"not_picked":["Barrage","Streamline+1","Conserve Battery"],"picked":"SKIP","floor":25.0},{"not_picked":["Undo","Hello World","Compile Driver"],"picked":"SKIP","floor":27.0},{"not_picked":["Ball Lightning+1","Go for the Eyes","Beam Cell"],"picked":"SKIP","floor":28.0},{"not_picked":["Cold Snap","Stack","Coolheaded+1"],"picked":"SKIP","floor":30.0},{"not_picked":["Compile Driver+1","Melter"],"picked":"Heatsinks+1","floor":35.0},{"not_picked":["Hologram","Ball Lightning+1","Rebound+1"],"picked":"SKIP","floor":41.0},{"not_picked":["Hologram+1","Echo Form","Turbo+1","Endless Agony"],"picked":"SKIP","floor":44.0},{"not_picked":["Recycle","Coolheaded","Melter+1","Flying Knee"],"picked":"SKIP","floor":45.0},{"not_picked":["Gash+1","Blizzard","Backflip"],"picked":"Storm","floor":46.0},{"not_picked":["Barrage","Fusion+1","Malaise"],"picked":"Tempest+1","floor":54}],"player_experience":41986,"relics_obtained":[{"floor":8.0,"key":"Ice Cream"},{"floor":9.0,"key":"Strawberry"},{"floor":10.0,"key":"Anchor"},{"floor":13.0,"key":"infinitespire:Beetle Shell"},{"floor":24.0,"key":"infinitespire:Lucky Rock"},{"floor":38.0,"key":"hubris:ToyBattleship"},{"floor":41.0,"key":"hubris:SoftwareUpdate"},{"floor":43.0,"key":"hubris:DisguiseKit"},{"floor":44.0,"key":"Unceasing Top"},{"floor":54,"key":"White Beast Statue"}],"event_choices":[{"damage_healed":0.0,"max_hp_gain":0.0,"max_hp_loss":0.0,"gold_gain":0.0,"event_name":"conspire:LoneGhost","player_choice":"Agree","floor":5.0,"gold_loss":0.0,"damage_taken":0.0},{"damage_healed":0.0,"max_hp_gain":0.0,"max_hp_loss":0.0,"gold_gain":0.0,"event_name":"The Library","player_choice":"Read","floor":19.0,"gold_loss":0.0,"damage_taken":0.0,"cards_obtained":["Storm"]},{"damage_healed":0.0,"max_hp_gain":0.0,"max_hp_loss":0.0,"gold_gain":0.0,"event_name":"betterMatch:BetterMatch","player_choice":"1","floor":22.0,"gold_loss":0.0,"damage_taken":0.0,"cards_obtained":["betterMatch:CommonCard","betterMatch:UncommonCard"]},{"damage_healed":0.0,"max_hp_gain":0.0,"max_hp_loss":0.0,"gold_gain":0.0,"event_name":"Duplicator","player_choice":"Copied","floor":37.0,"gold_loss":0.0,"damage_taken":0.0,"cards_obtained":["Storm"]},{"damage_healed":0.0,"max_hp_gain":0.0,"max_hp_loss":0.0,"gold_gain":0.0,"event_name":"SensoryStone","player_choice":"Memory 1","floor":42.0,"gold_loss":0.0,"damage_taken":0.0},{"damage_healed":0.0,"max_hp_gain":0.0,"max_hp_loss":0.0,"gold_gain":0.0,"event_name":"The Woman in Blue","player_choice":"Bought 0 Potions","floor":47.0,"gold_loss":0.0,"damage_taken":0.0},{"damage_healed":0.0,"max_hp_gain":0.0,"max_hp_loss":0.0,"gold_gain":0.0,"event_name":"Tomb of Lord Red Mask","player_choice":"Paid","floor":48.0,"gold_loss":87.0,"damage_taken":0.0,"relics_obtained":["Red Mask"]}],"is_beta":false,"boss_relics":[{"not_picked":["Pandora\u0027s Box","hubris:GrandSneckoEye"],"picked":"conspire:SpecialSausage"},{"not_picked":["Tiny House","Calling Bell"],"picked":"Coffee Dripper"}],"items_purged_floors":[0],"is_endless":false,"potions_floor_spawned":[1,8,14,16,25,27,33,35,38,45,46,54],"ascension_level":0}}