{"host":"f7rb14kzcw8hx1r1","time":1611921613,"event":{"mods":["BaseMod","Better Note","Better Third Choice","Colored Map","Highlight Path","Hubris","Minty Spire (QoL Compilation)","Replay The Spire","StSLib","The Forsaken"],"gold_per_floor":[110,60,78,78,3,34,34,55,81,81,107,123,142,155,155,255,255,274,274,33,43,57,57,82,82,82,101,116,116,128,155,155,253,253,266,488,73,84,84,84,134,134,180,210,60,92,4,38,38,38],"floor_reached":51,"language":"ENG","playtime":1849,"items_purged":["Strike_G","Strike_G","Strike_G","Strike_G","Defend_G"],"score":1011,"play_id":"2bb68293-2747-4730-bde8-2cca23d825dc","local_time":"20210129130013","is_ascension_mode":false,"campfire_choices":[{"data":"Storm of Steel","floor":7,"key":"SMITH"},{"data":"Neutralize","floor":10,"key":"SMITH"},{"data":"Draining Mist","floor":15,"key":"SMITH"},{"data":"Choke","floor":23,"key":"SMITH"},{"data":"Cloak And Dagger","floor":25,"key":"SMITH"},{"data":"Terror","floor":29,"key":"SMITH"},{"data":"Accuracy","floor":32,"key":"SMITH"},{"data":"hubris:EnhanceAbility","floor":40,"key":"SMITH"},{"data":"Venomology","floor":49,"key":"SMITH"}],"circlet_count":0,"master_deck":["Defend_G","Defend_G","Defend_G","Defend_G","Survivor","Neutralize+1","Terror+1","Storm of Steel+1","Hidden Blade","Draining Mist+1","Venomology+1","Cloak And Dagger+1","Calculated Gamble","A Thousand Cuts","Backflip","Offering+1","ReplayTheSpireMod:Scrap Shanks","All Out Attack","All Out Attack+1","Choke+1","PiercingWail","Blade Dance+1","Accuracy+1","Unload+1","hubris:EnhanceAbility+1"],"relics":["Ring of the Snake","NeowsBlessing","Replay:Mystery Machine","ReplayTheSpireMod:Ninjato","Odd Mushroom","Ancient Tea Set","Anchor","hubris:TerracottaHorce","Shuriken","Pear","Red Mask","WristBlade","Membership Card","Ornamental Fan","Lantern","hubris:Potato","Dream Catcher","Snake Skull","Nunchaku","Whetstone","Replay:WaspNest"],"acts_visited":["Exordium","TheCity","TheBeyond"],"potions_floor_usage":[14,14,16,16,21,22,24,24,27,27,30,35,35,38,41,41,46,48,50],"damage_taken":[{"damage":0,"enemies":"2 Louse","floor":1,"turns":1},{"damage":0,"enemies":"Jaw Worm","floor":3,"turns":1},{"damage":0,"enemies":"3 Sentries","floor":6,"turns":1},{"damage":5,"enemies":"The Mushroom Lair","floor":8,"turns":4},{"damage":6,"enemies":"Lagavulin","floor":11,"turns":4},{"damage":0,"enemies":"Small Slimes","floor":12,"turns":2},{"damage":1,"enemies":"Looter","floor":13,"turns":3},{"damage":0,"enemies":"Lots of Slimes","floor":14,"turns":5},{"damage":20,"enemies":"The Guardian","floor":16,"turns":11},{"damage":2,"enemies":"Shell Parasite","floor":18,"turns":3},{"damage":6,"enemies":"2 Thieves","floor":21,"turns":2},{"damage":0,"enemies":"Chosen and Byrds","floor":22,"turns":5},{"damage":17,"enemies":"Slavers","floor":24,"turns":4},{"damage":0,"enemies":"Sentry and Sphere","floor":27,"turns":4},{"damage":6,"enemies":"Centurion and Healer","floor":28,"turns":4},{"damage":8,"enemies":"Snake Plant","floor":30,"turns":3},{"damage":2,"enemies":"Masked Bandits","floor":31,"turns":2},{"damage":6,"enemies":"Champ","floor":33,"turns":3},{"damage":0,"enemies":"3 Shapes","floor":35,"turns":3},{"damage":0,"enemies":"3 Darklings","floor":38,"turns":1},{"damage":0,"enemies":"Mind Bloom Boss Battle","floor":41,"turns":4},{"damage":0,"enemies":"Nemesis","floor":44,"turns":3},{"damage":0,"enemies":"Giant Head","floor":46,"turns":2},{"damage":0,"enemies":"Nemesis","floor":48,"turns":1},{"damage":0,"enemies":"Donu and Deca","floor":50,"turns":2}],"seed_played":"-5195533328275042777","potions_obtained":[{"floor":6,"key":"ColorlessPotion"},{"floor":8,"key":"SpeedPotion"},{"floor":14,"key":"LiquidBronze"},{"floor":24,"key":"SpeedPotion"},{"floor":28,"key":"Swift Potion"},{"floor":30,"key":"BlessingOfTheForge"},{"floor":31,"key":"PowerPotion"},{"floor":35,"key":"Energy Potion"},{"floor":38,"key":"DuplicationPotion"},{"floor":48,"key":"Energy Potion"}],"is_trial":false,"path_per_floor":["M","?","M","?","$","E","R","?","T","R","E","M","M","M","R","B",null,"M","?","$","M","M","R","E","R","T","M","M","R","M","?","R","B",null,"M","?","$","M","?","R","?","?","T","E","$","E","$","E","R","B",null],"character_chosen":"THE_SILENT","items_purchased":["ReplayTheSpireMod:Scrap Shanks","All Out Attack","Membership Card","Ornamental Fan","Lantern","Nunchaku"],"campfire_rested":0,"item_purchase_floors":[20,20,37,37,37,45],"current_hp_per_floor":[70,70,70,52,52,52,52,47,47,47,41,41,40,40,40,20,58,56,56,56,50,50,50,33,33,43,43,37,37,29,27,27,21,65,65,65,65,65,65,65,65,65,65,65,65,65,65,65,65,65],"gold":38,"neow_bonus":"THREE_ENEMY_KILL","is_daily":false,"chose_seed":false,"campfire_upgraded":9,"win_rate":0.0,"timestamp":1611921613,"path_taken":["M","?","M","?","$","E","R","?","T","R","E","M","M","M","R","BOSS","M","?","$","M","M","R","E","R","T","M","M","R","M","?","R","BOSS","M","?","$","M","?","R","?","?","T","E","?","E","$","E","R","BOSS"],"items_purchased_type":["Card","Card","Relic","Relic","Relic","Relic"],"build_version":"2020-12-22","purchased_purges":5,"victory":true,"max_hp_per_floor":[70,70,70,70,70,70,70,70,70,70,70,70,70,70,70,70,70,70,70,70,70,70,70,70,70,80,80,80,80,80,80,80,80,80,80,80,80,80,80,80,80,80,80,80,80,80,80,80,80,80],"card_choices":[{"not_picked":["hubris:SlightOfHand","hubris:TrickCloak"],"picked":"Terror","floor":1},{"not_picked":["hubris:SlightOfHand","Escape Plan","Heel Hook"],"picked":"SKIP","floor":3},{"not_picked":["PiercingWail","Dagger Throw"],"picked":"Storm of Steel","floor":6},{"not_picked":["Dagger Throw","Outmaneuver"],"picked":"Hidden Blade","floor":8},{"not_picked":["Dagger Throw","Flying Knee"],"picked":"Draining Mist","floor":11},{"not_picked":["Fluid Movement","Quick Slash"],"picked":"Venomology","floor":12},{"not_picked":["hubris:SlightOfHand","Dodge and Roll"],"picked":"Cloak And Dagger","floor":13},{"not_picked":["Deflect","hubris:TrickCloak"],"picked":"Calculated Gamble","floor":14},{"not_picked":["Tools of the Trade","Night Terror"],"picked":"A Thousand Cuts","floor":16},{"not_picked":["Concentrate","All Out Attack"],"picked":"Backflip","floor":18},{"not_picked":["Masterful Stab+1","hubris:SlightOfHand","Poisoned Stab"],"picked":"SKIP","floor":21},{"not_picked":["Caltrops","Backstab"],"picked":"Choke","floor":22},{"not_picked":["Skewer","Envenom","Concentrate"],"picked":"SKIP","floor":24},{"not_picked":["Poisoned Stab","Reflex+1","PiercingWail"],"picked":"SKIP","floor":27},{"not_picked":["Poisoned Stab","Reflex+1"],"picked":"PiercingWail","floor":27},{"not_picked":["ReplayTheSpireMod:Shiv Toss","Bane","Choke"],"picked":"SKIP","floor":28},{"not_picked":["Deflect","Prepared"],"picked":"Blade Dance+1","floor":30},{"not_picked":["Terror","Dagger Throw"],"picked":"Accuracy","floor":31},{"not_picked":["ReplayTheSpireMod:From All Sides","Grand Finale"],"picked":"Unload","floor":33},{"not_picked":["ReplayTheSpireMod:The Works+1","Sucker Punch","Bouncing Flask"],"picked":"SKIP","floor":35},{"not_picked":["Prepared","Fluid Movement","Choke"],"picked":"SKIP","floor":38},{"not_picked":["Trip","ReplayTheSpireMod:Brewmster"],"picked":"hubris:EnhanceAbility","floor":39},{"not_picked":["Calculated Gamble","Malaise","Reflex+1"],"picked":"SKIP","floor":44},{"not_picked":["Acrobatics+1","Sucker Punch","Outmaneuver"],"picked":"SKIP","floor":46},{"not_picked":["Deflect","Prepared","Setup"],"picked":"SKIP","floor":48}],"player_experience":943521,"relics_obtained":[{"floor":6,"key":"ReplayTheSpireMod:Ninjato"},{"floor":8,"key":"Odd Mushroom"},{"floor":9,"key":"Ancient Tea Set"},{"floor":11,"key":"Anchor"},{"floor":24,"key":"Shuriken"},{"floor":26,"key":"Pear"},{"floor":31,"key":"Red Mask"},{"floor":41,"key":"hubris:Potato"},{"floor":43,"key":"Dream Catcher"},{"floor":44,"key":"Snake Skull"},{"floor":46,"key":"Whetstone"},{"floor":48,"key":"Replay:WaspNest"}],"event_choices":[{"cards_removed":["Strike_G"],"damage_healed":0,"gold_gain":0,"player_choice":"Card Removal","damage_taken":0,"max_hp_gain":0,"max_hp_loss":0,"event_name":"The Cleric","floor":2,"gold_loss":50},{"damage_healed":0,"gold_gain":0,"player_choice":"Relic ","damage_taken":18,"max_hp_gain":0,"max_hp_loss":0,"event_name":"betterThird:BetterScrap","floor":4,"gold_loss":0,"cards_obtained":["WreathOfFlame"]},{"damage_healed":0,"gold_gain":0,"player_choice":"Fought Mushrooms","damage_taken":0,"max_hp_gain":0,"max_hp_loss":0,"event_name":"Mushrooms","floor":8,"gold_loss":0},{"cards_removed":["Venomology"],"damage_healed":0,"gold_gain":0,"player_choice":"Take \u0026 Give","damage_taken":0,"max_hp_gain":0,"max_hp_loss":0,"event_name":"betterNote:BetterNote","floor":19,"gold_loss":0,"cards_obtained":["Offering"]},{"damage_healed":0,"gold_gain":0,"player_choice":"Fought Bandits","damage_taken":0,"max_hp_gain":0,"max_hp_loss":0,"event_name":"Masked Bandits","floor":31,"gold_loss":0},{"damage_healed":0,"gold_gain":222,"player_choice":"Wore Mask","damage_taken":0,"max_hp_gain":0,"max_hp_loss":0,"event_name":"Tomb of Lord Red Mask","floor":36,"gold_loss":0},{"damage_healed":0,"gold_gain":0,"player_choice":"Memory 1","damage_taken":0,"max_hp_gain":0,"max_hp_loss":0,"event_name":"SensoryStone","floor":39,"gold_loss":0},{"damage_healed":0,"gold_gain":0,"player_choice":"Fight","damage_taken":0,"max_hp_gain":0,"max_hp_loss":0,"event_name":"MindBloom","floor":41,"gold_loss":0}],"is_beta":false,"boss_relics":[{"not_picked":["hubris:BlackHole","hubris:CrackedHourglass"],"picked":"hubris:TerracottaHorce"},{"not_picked":["Honey Jar","Pandora\u0027s Box"],"picked":"WristBlade"}],"items_purged_floors":[5,20,37,45,47],"is_endless":false,"potions_floor_spawned":[6,8,14,24,28,30,31,35,38,44,48],"ascension_level":0}}