{"host":"eeuhgv8goqdjv4ip","time":1611944527,"event":{"mods":["2.2 Compatiblity","AchievementEnabler","Act Like it!","BaseMod","Better Match","Better Note","Better Skull","Better Third Choice","Challenge The Spire","Colored Map","Colored Powertips","Conspire","Custom Start","Dark Map","Gensokyo","GifTheSpireLib","Hallownest","Hubris","Infinite Spire","Koishi","Marisa????????","Minty Spire (QoL Compilation)","Permanent Neow","Prisma Mod","Quick Restart","Reimu??????","Remilia??????","Replay The Spire","SIMod","StSLib","Td1madao Mod","The Animator","The Mystic","The Saiyan","The Servant 0.9.4","The Wild Card","TheSwordswoman"],"gold_per_floor":[19,19,31,51,2,2,2,2,2,22,22,22,57,76,76,171,171,111,111,111,111,111,111,21,21,21,21,21,21,21,21,21,21,21,21,21,21,0,0,0,0,0,0,0,0,0,0,0,0,0],"floor_reached":51,"language":"ENG","playtime":7955,"items_purged":[],"score":970,"play_id":"32e0fd00-3a15-4f9d-8a81-0063b415ce68","local_time":"20210129142207","is_ascension_mode":false,"campfire_choices":[{"data":"ReplayTheSpireMod:Chaos Vortex","floor":6,"key":"SMITH"},{"data":"PrismaMod:MiyuUncommonDexBuff","floor":6,"key":"SMITH"},{"data":"PrismaMod:MiyuUberAOEAttack","floor":12,"key":"SMITH"},{"data":"PrismaMod:MiyuCheapChannelDefend","floor":12,"key":"SMITH"},{"data":"Redo","floor":15,"key":"SMITH"},{"data":"PrismaMod:MiyuCheapChannelAttack","floor":15,"key":"SMITH"},{"data":"animator:Rider","floor":23,"key":"SMITH"},{"data":"Quick Slash","floor":23,"key":"SMITH"},{"data":"PrismaMod:IllyaUncommonDefend","floor":27,"key":"SMITH"},{"data":"PrismaMod:MiyuEvokeCheapAttack","floor":27,"key":"SMITH"},{"data":"blazmod:WildButterfly","floor":32,"key":"SMITH"},{"data":"PrismaMod:MiyuAttackChannelWeak","floor":32,"key":"SMITH"},{"data":"CeilingFear","floor":41,"key":"SMITH"},{"data":"PrismaMod:MiyuEvokeCheapAttack","floor":41,"key":"SMITH"},{"floor":45,"key":"REST"},{"data":"RunningOfTheLeaves","floor":49,"key":"SMITH"},{"data":"PrismaMod:MiyuCommonAttack","floor":49,"key":"SMITH"}],"circlet_count":0,"master_deck":["PrismaMod:MiyuCommonDefend","PrismaMod:MiyuCommonDefend","PrismaMod:MiyuCommonDefend","PrismaMod:MiyuCommonDefend+1","PrismaMod:MiyuCommonAttack+1","PrismaMod:MiyuCommonAttack+1","PrismaMod:MiyuCommonAttack+1","PrismaMod:MiyuCommonAttack","PrismaMod:MiyuCheapChannelAttack+1","PrismaMod:MiyuCheapChannelDefend+1","PrismaMod:MiyuDefenseExplosion+1","ReplayTheSpireMod:Chaos Vortex+1","PrismaMod:MiyuEvokeCheapAttack+1","PrismaMod:MiyuUberAOEAttack+1","PrismaMod:MiyuUncommonDexBuff+1","PrismaMod:MiyuEvokeCheapAttack+1","PrismaMod:MiyuAttackChannelWeak+1","Redo+1","PrismaMod:MiyuEvokeCheapAttack+1","PrismaMod:MiyuUncommonDexBuff+1","Quick Slash+1","animator:Rider+1","PrismaMod:IllyaUncommonDefend+1","blazmod:WildButterfly+1","animator:Illya+1","CeilingFear+1","PrismaMod:IllyaCheapChannelAttack+1","BloodyMagicSquare+1","Dagger Throw+1","RunningOfTheLeaves+1"],"relics":["PrismaMod:PrismaSapphire","Replay:Arrowhead","Darkstone Periapt","PrismaticShard","Ectoplasm","Pet Ghost","Vajra","Nloth\u0027s Gift","Tiny Chest","infinitespire:EvilPickle","ChewingGum","Red Mask","Gremlin Food","hubris:Reverence","Nunchaku"],"acts_visited":["Exordium","TheCity","TheBeyond"],"potions_floor_usage":[18,33,35],"damage_taken":[{"damage":1,"enemies":"Small Slimes","floor":1,"turns":4},{"damage":0,"enemies":"Jaw Worm","floor":3,"turns":5},{"damage":1,"enemies":"2 Louse","floor":4,"turns":4},{"damage":9,"enemies":"2 Fungi Beasts","floor":10,"turns":3},{"damage":0,"enemies":"Gremlin Nob","floor":13,"turns":4},{"damage":0,"enemies":"Looter","floor":14,"turns":3},{"damage":6,"enemies":"Hexaghost","floor":16,"turns":9},{"damage":8,"enemies":"2 Thieves","floor":18,"turns":4},{"damage":8,"enemies":"Shell Parasite","floor":21,"turns":4},{"damage":0,"enemies":"conspire:HollyBat","floor":22,"turns":6},{"damage":9,"enemies":"Snake Plant","floor":25,"turns":4},{"damage":6,"enemies":"Chosen and Byrds","floor":30,"turns":7},{"damage":0,"enemies":"Replay:Snechameleon","floor":31,"turns":5},{"damage":3,"enemies":"Pondfish","floor":33,"turns":10},{"damage":3,"enemies":"3 Darklings","floor":35,"turns":5},{"damage":4,"enemies":"3 Shapes","floor":36,"turns":4},{"damage":10,"enemies":"Sphere and 2 Shapes","floor":37,"turns":3},{"damage":0,"enemies":"Reptomancer","floor":40,"turns":5},{"damage":0,"enemies":"Transient","floor":44,"turns":5},{"damage":3,"enemies":"Jaw Worm Horde","floor":48,"turns":4},{"damage":36,"enemies":"Donu and Deca","floor":50,"turns":6}],"seed_played":"-3963777778254293594","potions_obtained":[{"floor":1,"key":"FearPotion"},{"floor":3,"key":"Flashbang"},{"floor":13,"key":"Adrenaline Potion"},{"floor":18,"key":"SkillPotion"},{"floor":22,"key":"SteroidPotion"},{"floor":40,"key":"ZuzhouPotion:ReiMu"}],"is_trial":false,"path_per_floor":["M","?","M","M","$","R","?","$","T","M","?","R","E","M","R","B",null,"M","?","?","M","M","R","?","M","T","R","AVR","?","M","E","R","B",null,"M","M","M","?","?","E","R","$","T","M","R","?","T","M","R","B",null],"character_chosen":"MIYU","items_purchased":["PrismaMod:MiyuUncommonDexBuff"],"campfire_rested":1,"item_purchase_floors":[5],"current_hp_per_floor":[74,56,56,55,55,55,40,40,40,31,31,31,31,31,31,25,75,67,67,67,59,59,59,59,50,50,50,50,50,44,44,44,41,75,72,68,58,58,58,58,58,58,58,58,75,75,75,72,72,36],"gold":0,"neow_bonus":"ONE_RARE_RELIC","is_daily":false,"chose_seed":false,"campfire_upgraded":16,"win_rate":0.0,"timestamp":1611944527,"path_taken":["M","?","M","M","?","R","?","$","T","M","?","R","E","M","R","BOSS","M","?","?","M","M","R","?","M","T","R","AVR","?","M","E","R","BOSS","M","M","M","?","?","E","R","$","T","M","R","?","?","?","R","BOSS"],"items_purchased_type":["Card"],"build_version":"2020-12-22","purchased_purges":0,"victory":true,"max_hp_per_floor":[75,75,75,75,75,75,75,75,75,75,75,75,75,75,75,75,75,75,75,75,75,75,75,75,75,75,75,75,75,75,75,75,75,75,75,75,75,75,75,75,75,75,75,75,75,75,75,75,75,75],"card_choices":[{"not_picked":["PrismaMod:MiyuCheapChannelDefend","PrismaMod:MiyuCheapAttack2"],"picked":"PrismaMod:MiyuDefenseExplosion","floor":1},{"not_picked":["ReplayTheSpireMod:Black Plague","infinitespire:Oblivion"],"picked":"ReplayTheSpireMod:Chaos Vortex","floor":2},{"not_picked":["PrismaMod:MiyuCheapStrBuff","PrismaMod:MiyuCarnivalAttack"],"picked":"PrismaMod:MiyuEvokeCheapAttack","floor":3},{"not_picked":["PrismaMod:MiyuEvokeBuffDex","PrismaMod:MiyuCheapChannelWeak"],"picked":"PrismaMod:MiyuUberAOEAttack","floor":4},{"not_picked":["PrismaMod:MiyuCheapChannelVul","PrismaMod:MiyuEvokeBuffDex"],"picked":"PrismaMod:MiyuEvokeCheapAttack","floor":10},{"not_picked":["Skim","mysticmod:ObscuringMist"],"picked":"PrismaMod:MiyuAttackChannelWeak","floor":13},{"not_picked":["Underhanded Strike","animator:Konayuki"],"picked":"Redo","floor":14},{"not_picked":["Saiyan:TurtleShell","animator:Scar"],"picked":"PrismaMod:MiyuEvokeCheapAttack","floor":18},{"not_picked":["animator:YuukaKazami+1","Enlightenment"],"picked":"Quick Slash","floor":21},{"not_picked":["ReplayTheSpireMod:Necrosis","blazmod:FlashRock"],"picked":"animator:Rider","floor":22},{"not_picked":["PrismaMod:IllyaGun","ReplayUltimateDefense"],"picked":"PrismaMod:IllyaUncommonDefend","floor":25},{"not_picked":["Fire Up","animator:Shimako"],"picked":"blazmod:WildButterfly","floor":30},{"not_picked":["Pummel","PrismaMod:MiyuUberAttack"],"picked":"animator:Illya+1","floor":31},{"not_picked":["animator:Eris","LadiesDemeanor"],"picked":"CeilingFear","floor":33},{"not_picked":["mysticmod:Snowball","animator:SuikaIbuki"],"picked":"PrismaMod:IllyaCheapChannelAttack+1","floor":35},{"not_picked":["Panic Button+1","PrismaMod:IllyaUncommonEvoke+1"],"picked":"BloodyMagicSquare+1","floor":36},{"not_picked":["Koishi:UnconsciousUprising+1","Gensokyo:EverlastingLife","Gash+1"],"picked":"SKIP","floor":37},{"not_picked":["Saiyan:ReverberatingForce","Rewind"],"picked":"Dagger Throw+1","floor":40},{"not_picked":["Concentrate","Light Attack+1","PrismaMod:IllyaGun"],"picked":"SKIP","floor":44},{"not_picked":["FollowTherRainbow+1","Perfected Strike"],"picked":"RunningOfTheLeaves","floor":48}],"player_experience":604936,"relics_obtained":[{"floor":9,"key":"Darkstone Periapt"},{"floor":13,"key":"ReplayFunnel"},{"floor":26,"key":"Pet Ghost"},{"floor":31,"key":"Tiny Chest"},{"floor":40,"key":"Gremlin Food"},{"floor":43,"key":"hubris:Reverence"},{"floor":47,"key":"Nunchaku"}],"event_choices":[{"damage_healed":55,"gold_gain":0,"player_choice":"Upgrade","damage_taken":15,"max_hp_gain":0,"max_hp_loss":75,"event_name":"betterThird:BetterShining","floor":7,"gold_loss":0,"cards_upgraded":["PrismaMod:MiyuDefenseExplosion","PrismaMod:MiyuCommonAttack"]},{"damage_healed":0,"gold_gain":100,"player_choice":"Pray","damage_taken":0,"max_hp_gain":0,"max_hp_loss":0,"event_name":"Golden Shrine","floor":19,"gold_loss":0},{"damage_healed":0,"gold_gain":0,"player_choice":"Copied","damage_taken":0,"max_hp_gain":0,"max_hp_loss":0,"event_name":"Duplicator","floor":20,"gold_loss":0,"cards_obtained":["PrismaMod:MiyuUncommonDexBuff"]},{"cards_removed":["PrismaMod:MiyuCommonAttack"],"damage_healed":0,"gold_gain":0,"player_choice":"Upgrade and Remove","damage_taken":0,"max_hp_gain":0,"max_hp_loss":0,"event_name":"Designer","floor":24,"gold_loss":90,"cards_upgraded":["PrismaMod:MiyuCommonDefend"]},{"damage_healed":0,"gold_gain":0,"player_choice":"Traded Relic","damage_taken":0,"relics_obtained":["Nloth\u0027s Gift"],"max_hp_gain":0,"max_hp_loss":0,"event_name":"N\u0027loth","floor":29,"relics_lost":["ReplayFunnel"],"gold_loss":0},{"damage_healed":0,"gold_gain":0,"player_choice":"Paid","damage_taken":0,"relics_obtained":["Red Mask"],"max_hp_gain":0,"max_hp_loss":0,"event_name":"Tomb of Lord Red Mask","floor":38,"gold_loss":21},{"damage_healed":0,"gold_gain":0,"player_choice":"Upgraded","damage_taken":0,"max_hp_gain":0,"max_hp_loss":0,"event_name":"Upgrade Shrine","floor":46,"gold_loss":0,"cards_upgraded":["PrismaMod:MiyuEvokeCheapAttack"]}],"is_beta":false,"boss_relics":[{"not_picked":["Replay:Ancient Bell","hubris:GrandSneckoEye"],"picked":"Ectoplasm"},{"not_picked":["Painkiller Herb","hubris:BlackHole"],"picked":"ChewingGum"}],"items_purged_floors":[],"is_endless":false,"potions_floor_spawned":[1,3,13,18,22,30,40],"ascension_level":0}}