{"host":"3y2rtlgteqp2nuo3","time":1611882323,"event":{"mods":["2.2 Compatiblity","AchievementEnabler","BaseMod","Colored Map","DeckTracker","Highlight Path","Keyboard Shortcuts","Minty Spire (QoL Compilation)","Permanent Neow","Quick Restart","StSLib","SuperFastMode","everything is the same but u backflip on backflip"],"gold_per_floor":[114,39,115,127,146,146,177,193,268,268,285,285,295,307,307,307,307],"floor_reached":16,"language":"KOR","playtime":254,"items_purged":["Strike_G"],"score":187,"play_id":"8553886a-8f34-4064-9566-c17321351b84","local_time":"20210129100523","is_ascension_mode":true,"campfire_choices":[{"data":"Eviscerate","floor":6,"key":"SMITH"},{"data":"Die Die Die","floor":10,"key":"SMITH"},{"data":"Deadly Poison","floor":12,"key":"SMITH"},{"floor":15,"key":"REST"}],"circlet_count":0,"master_deck":["AscendersBane","Strike_G","Strike_G","Strike_G","Strike_G","Defend_G","Defend_G","Defend_G","Defend_G","Defend_G","Survivor","Neutralize","Die Die Die+1","Flying Knee","Eviscerate+1","Wraith Form v2","Calculated Gamble","Deadly Poison+1","Bane","Leg Sweep"],"relics":["Ring of the Snake","StrikeDummy","Blue Candle","Pear"],"acts_visited":["Exordium"],"potions_floor_usage":[7,16],"damage_taken":[{"damage":0,"enemies":"Cultist","floor":1,"turns":3},{"damage":0,"enemies":"2 Louse","floor":4,"turns":1},{"damage":0,"enemies":"Small Slimes","floor":5,"turns":1},{"damage":25,"enemies":"Gremlin Nob","floor":7,"turns":4},{"damage":1,"enemies":"Looter","floor":8,"turns":3},{"damage":4,"enemies":"Blue Slaver","floor":11,"turns":4},{"damage":13,"enemies":"Gremlin Gang","floor":13,"turns":4},{"damage":3,"enemies":"Large Slime","floor":14,"turns":7},{"damage":33,"enemies":"Slime Boss","floor":16,"turns":6}],"seed_played":"-3343085750811499050","potions_obtained":[{"floor":1,"key":"SmokeBomb"},{"floor":4,"key":"Fire Potion"},{"floor":7,"key":"DistilledChaos"},{"floor":14,"key":"Poison Potion"}],"is_trial":false,"path_per_floor":["M","$","T","M","M","R","E","M","T","R","M","R","M","M","R","B"],"character_chosen":"THE_SILENT","items_purchased":[],"campfire_rested":1,"item_purchase_floors":[],"current_hp_per_floor":[44,44,44,44,44,44,19,18,28,28,24,24,11,8,30,0,0],"gold":307,"neow_bonus":"THREE_RARE_CARDS","is_daily":false,"chose_seed":false,"campfire_upgraded":3,"win_rate":0.0,"timestamp":1611882323,"path_taken":["M","$","?","M","M","R","E","M","T","R","M","R","M","M","R","BOSS"],"items_purchased_type":[],"build_version":"2020-12-22","purchased_purges":1,"victory":false,"max_hp_per_floor":[66,66,66,66,66,66,66,66,76,76,76,76,76,76,76,76,76],"card_choices":[{"not_picked":["Glass Knife","Night Terror"],"picked":"Die Die Die","floor":0},{"not_picked":["Well Laid Plans","Flechettes"],"picked":"Flying Knee","floor":1},{"not_picked":["Flying Knee","Acrobatics","Underhanded Strike"],"picked":"SKIP","floor":4},{"not_picked":["Deflect","Slice"],"picked":"Eviscerate","floor":5},{"not_picked":["PiercingWail","Reflex"],"picked":"Wraith Form v2","floor":7},{"not_picked":["Infinite Blades","Caltrops"],"picked":"Calculated Gamble","floor":8},{"not_picked":["PiercingWail","Setup"],"picked":"Deadly Poison","floor":11},{"not_picked":["Predator","Skewer"],"picked":"Bane","floor":13},{"not_picked":["Underhanded Strike","Accuracy"],"picked":"Leg Sweep","floor":14}],"player_experience":725315,"relics_obtained":[{"floor":3,"key":"StrikeDummy"},{"floor":7,"key":"Blue Candle"},{"floor":9,"key":"Pear"}],"event_choices":[],"is_beta":false,"boss_relics":[],"items_purged_floors":[2],"is_endless":false,"potions_floor_spawned":[1,4,7,14],"killed_by":"Slime Boss","ascension_level":16}}