{"host":"kzfpatocel9exp3u","time":1611933229,"event":{"mods":["BaseMod","Googly Eyes","Minty Spire (QoL Compilation)","StSLib","TestMod","[IsaacMod]ÒÔÈö¼âËþ"],"gold_per_floor":[367,517,174,185,235,265,265,299,323,323,338,342,342],"floor_reached":12,"language":"ZHS","playtime":766,"items_purged":["Doubt"],"score":172,"play_id":"13b01bd9-7cca-4bee-bbe8-bff4f9f75441","local_time":"20210129231349","is_ascension_mode":true,"campfire_choices":[{"data":"EpicFetus","floor":7.0,"key":"SMITH"}],"circlet_count":0,"master_deck":["AscendersBane","Strike_R","Strike_R","Strike_R","Strike_R","Strike_R","Defend_R","Defend_R","Defend_R","Defend_R","Bash","EpicFetus+1","Feel No Pain","Dual Wield"],"relics":["Burning Blood","HushsDoor","testmod-TestBox","BookofShadows","testmod-Alchemist","Mummified Hand","Bag of Preparation","GnawedLeaf","testmod-Acrobat","Golden Idol"],"acts_visited":["Exordium"],"potions_floor_usage":[],"damage_taken":[{"damage":3.0,"enemies":"2 Louse","floor":1.0,"turns":4.0},{"damage":4.0,"enemies":"Jaw Worm","floor":4.0,"turns":4.0},{"damage":23.0,"enemies":"3 Sentries","floor":6.0,"turns":6.0},{"damage":28.0,"enemies":"Gremlin Nob","floor":8.0,"turns":4.0},{"damage":17.0,"enemies":"Small Slimes","floor":11.0,"turns":4.0},{"damage":12,"enemies":"Lagavulin","floor":12,"turns":5}],"seed_played":"769319460790689397","potions_obtained":[{"floor":6.0,"key":"testmod-TimePotion"},{"floor":11.0,"key":"LiquidBronze"}],"is_trial":false,"path_per_floor":["M","?","$","M","?","E","R","E","T","?","M","E"],"character_chosen":"IRONCLAD","items_purchased":["Mummified Hand"],"campfire_rested":0,"item_purchase_floors":[3],"current_hp_per_floor":[68,68,68,68,68,51,51,29,29,29,18,6,6],"gold":342,"neow_bonus":"TWO_FIFTY_GOLD","is_daily":false,"chose_seed":false,"campfire_upgraded":1,"win_rate":0.0,"timestamp":1611933229,"path_taken":["M","?","$","M","?","E","R","E","T","?","M","E"],"items_purchased_type":["Relic"],"build_version":"2020-12-22","purchased_purges":1,"victory":false,"max_hp_per_floor":[68,68,68,68,68,68,68,68,68,62,62,62,62],"card_choices":[{"not_picked":[],"picked":"EpicFetus","floor":0.0},{"not_picked":["Cleave","Iron Wave","Headbutt"],"picked":"SKIP","floor":1.0},{"not_picked":["Wild Strike","Cleave"],"picked":"Feel No Pain","floor":4.0},{"not_picked":["Perfected Strike","Heavy Blade","Clash"],"picked":"SKIP","floor":6.0},{"not_picked":["Sword Boomerang","Heavy Blade","Dual Wield"],"picked":"SKIP","floor":8.0},{"not_picked":["Sword Boomerang","Heavy Blade"],"picked":"Dual Wield","floor":8.0},{"not_picked":["Body Slam","Carnage","Perfected Strike"],"picked":"SKIP","floor":11.0}],"player_experience":1310455,"relics_obtained":[{"floor":6.0,"key":"Bag of Preparation"},{"floor":8.0,"key":"GnawedLeaf"},{"floor":9.0,"key":"testmod-Acrobat"}],"event_choices":[{"damage_healed":0.0,"max_hp_gain":0.0,"max_hp_loss":0.0,"gold_gain":150.0,"event_name":"Liars Game","player_choice":"AGREE","floor":2.0,"gold_loss":0.0,"damage_taken":0.0,"cards_obtained":["Doubt"]},{"damage_healed":0.0,"max_hp_gain":0.0,"max_hp_loss":0.0,"gold_gain":50.0,"event_name":"Golden Shrine","player_choice":"Pray","floor":5.0,"gold_loss":0.0,"damage_taken":0.0},{"damage_healed":0.0,"max_hp_gain":0.0,"max_hp_loss":6.0,"gold_gain":0.0,"event_name":"Golden Idol","player_choice":"Lose Max HP","floor":10.0,"gold_loss":0.0,"damage_taken":0.0,"relics_obtained":["Golden Idol"]}],"is_beta":false,"boss_relics":[],"items_purged_floors":[3],"is_endless":false,"potions_floor_spawned":[6,11],"killed_by":"Lagavulin","ascension_level":20}}