{"host":"og6lam4kt3nibbw0","time":1611945224,"event":{"mods":["AchievementEnabler","BaseMod","Colored Map","DeckTracker","Highlight Path","Keyboard Shortcuts","Minty Spire (QoL Compilation)","Permanent Neow","Quick Restart","StSLib","SuperFastMode"],"gold_per_floor":[111,111,36,36,48,75,75,75,129,129,129,147,179,104,104,181,181,201,201,211,225,236,236,265,265,265,292,307,232,247,18,18,90,90,101,111,130,144,164,164,197,197,197,229,241,257,290,260,260,260,260,260,260,35,35,35],"floor_reached":55,"language":"KOR","playtime":4261,"items_purged":["Strike_P","Strike_P+1"],"score":2039,"play_id":"1d457ef7-dd3a-4b00-8a56-fac773656a6f","local_time":"20210130033344","is_ascension_mode":true,"campfire_choices":[{"data":"Eruption","floor":8.0,"key":"SMITH"},{"data":"CutThroughFate","floor":10.0,"key":"SMITH"},{"floor":15.0,"key":"REST"},{"floor":23.0,"key":"REST"},{"floor":25.0,"key":"REST"},{"floor":32.0,"key":"REST"},{"data":"Adaptation","floor":40.0,"key":"SMITH"},{"floor":42.0,"key":"REST"},{"data":"MentalFortress","floor":49.0,"key":"SMITH"},{"data":"MentalFortress","floor":53,"key":"SMITH"}],"circlet_count":0,"master_deck":["AscendersBane","Strike_P+1","Defend_P","Defend_P+1","Eruption+1","Vigilance","Indignation","CutThroughFate+1","Prostrate","Adaptation+1","MentalFortress+1","FlurryOfBlows+1","Meditate","SandsOfTime+1","CarveReality+1","ClearTheMind","Sanctity","MentalFortress+1","FlurryOfBlows+1","EmptyMind","TalkToTheHand+1"],"relics":["PureWater","Regal Pillow","FaceOfCleric","Pantograph","Juzu Bracelet","Molten Egg 2","VioletLotus","Enchiridion","Letter Opener","Bag of Preparation","Whetstone","Empty Cage","The Courier","Toy Ornithopter","Ginger","Kunai","Sundial"],"acts_visited":["Exordium","TheCity","TheBeyond","TheEnding"],"potions_floor_usage":[51,51],"damage_taken":[{"damage":6.0,"enemies":"2 Louse","floor":1.0,"turns":4.0},{"damage":0.0,"enemies":"Cultist","floor":5.0,"turns":3.0},{"damage":4.0,"enemies":"Lagavulin","floor":6.0,"turns":5.0},{"damage":10.0,"enemies":"Small Slimes","floor":12.0,"turns":4.0},{"damage":18.0,"enemies":"3 Sentries","floor":13.0,"turns":5.0},{"damage":16.0,"enemies":"The Guardian","floor":16.0,"turns":9.0},{"damage":27.0,"enemies":"Chosen","floor":18.0,"turns":4.0},{"damage":0.0,"enemies":"3 Byrds","floor":20.0,"turns":3.0},{"damage":14.0,"enemies":"Snake Plant","floor":21.0,"turns":2.0},{"damage":13.0,"enemies":"Cultist and Chosen","floor":22.0,"turns":4.0},{"damage":17.0,"enemies":"Book of Stabbing","floor":24.0,"turns":4.0},{"damage":21.0,"enemies":"Gremlin Leader","floor":27.0,"turns":4.0},{"damage":15.0,"enemies":"Shelled Parasite and Fungi","floor":28.0,"turns":2.0},{"damage":4.0,"enemies":"3 Cultists","floor":30.0,"turns":3.0},{"damage":13.0,"enemies":"Collector","floor":33.0,"turns":5.0},{"damage":18.0,"enemies":"3 Shapes","floor":35.0,"turns":5.0},{"damage":4.0,"enemies":"Orb Walker","floor":36.0,"turns":2.0},{"damage":16.0,"enemies":"Transient","floor":37.0,"turns":6.0},{"damage":2.0,"enemies":"Jaw Worm Horde","floor":38.0,"turns":3.0},{"damage":1.0,"enemies":"Sphere and 2 Shapes","floor":39.0,"turns":4.0},{"damage":24.0,"enemies":"Giant Head","floor":41.0,"turns":6.0},{"damage":4.0,"enemies":"Reptomancer","floor":44.0,"turns":5.0},{"damage":5.0,"enemies":"Maw","floor":45.0,"turns":3.0},{"damage":21.0,"enemies":"Transient","floor":46.0,"turns":6.0},{"damage":0.0,"enemies":"Giant Head","floor":47.0,"turns":5.0},{"damage":56.0,"enemies":"Time Eater","floor":50.0,"turns":11.0},{"damage":47,"enemies":"Awakened One","floor":51,"turns":9},{"damage":77,"enemies":"Shield and Spear","floor":55,"turns":5}],"seed_played":"-1774090826434335785","potions_obtained":[{"floor":1.0,"key":"LiquidBronze"},{"floor":12.0,"key":"LiquidMemories"},{"floor":16.0,"key":"Strength Potion"},{"floor":18.0,"key":"Explosive Potion"},{"floor":20.0,"key":"DistilledChaos"},{"floor":24.0,"key":"SkillPotion"},{"floor":28.0,"key":"ColorlessPotion"},{"floor":36.0,"key":"StancePotion"},{"floor":39.0,"key":"AttackPotion"},{"floor":41.0,"key":"SteroidPotion"},{"floor":48.0,"key":"EssenceOfSteel"},{"floor":48.0,"key":"Strength Potion"}],"is_trial":false,"path_per_floor":["M","?","$","?","M","E","?","R","T","R","?","M","E","?","R","B",null,"M","?","M","M","M","R","E","R","T","E","M","?","M","$","R","B",null,"M","M","M","M","M","R","E","R","T","E","M","M","E","?","R","B","B",null,"R","$","E"],"character_chosen":"WATCHER","items_purchased":["Sanctity","MentalFortress","Sundial"],"campfire_rested":5,"item_purchase_floors":[31,31,54],"current_hp_per_floor":[55,55,55,35,36,33,38,38,38,38,38,29,12,12,50,60,74,48,27,28,15,3,42,26,65,65,45,31,31,28,28,68,74,84,67,64,49,48,48,48,25,67,67,64,65,50,51,51,51,21,10,77,77,77,0,0],"gold":35,"neow_bonus":"RANDOM_COMMON_RELIC","is_daily":false,"chose_seed":false,"campfire_upgraded":5,"win_rate":0.0,"timestamp":1611945224,"path_taken":["M","?","?","?","M","E","?","R","T","R","?","M","E","?","R","BOSS","M","?","M","M","M","R","E","R","T","E","M","?","M","$","R","BOSS","M","M","M","M","M","R","E","R","T","E","M","M","E","?","R","BOSS","BOSS","R","$","E"],"items_purchased_type":["Card","Card","Relic"],"build_version":"2020-12-22","purchased_purges":2,"victory":false,"max_hp_per_floor":[68,68,68,68,69,70,75,75,75,75,75,76,77,77,77,78,78,79,79,80,81,82,82,83,83,83,84,85,85,86,86,86,87,87,88,89,90,91,92,92,93,93,93,94,95,96,97,97,97,98,99,99,99,99,99,99],"card_choices":[{"not_picked":["Prostrate","FearNoEvil"],"picked":"Indignation","floor":1.0},{"not_picked":["Evaluate","Crescendo"],"picked":"CutThroughFate","floor":5.0},{"not_picked":["WreathOfFlame","EmptyFist"],"picked":"Prostrate","floor":6.0},{"not_picked":["BowlingBash","Prostrate"],"picked":"Adaptation","floor":12.0},{"not_picked":["Fasting2","Prostrate"],"picked":"MentalFortress","floor":13.0},{"not_picked":["DevaForm","Blasphemy"],"picked":"Omniscience","floor":16.0},{"not_picked":["FlyingSleeves+1","CutThroughFate+1"],"picked":"FlurryOfBlows+1","floor":18.0},{"not_picked":["EmptyFist+1","Judgement"],"picked":"Meditate","floor":20.0},{"not_picked":["CrushJoints+1","Adaptation"],"picked":"SandsOfTime+1","floor":21.0},{"not_picked":["EmptyBody","PathToVictory","Vengeance"],"picked":"SKIP","floor":22.0},{"not_picked":["DevaForm","Collect"],"picked":"CarveReality+1","floor":24.0},{"not_picked":["WheelKick+1","FollowUp+1"],"picked":"ClearTheMind","floor":27.0},{"not_picked":["CutThroughFate+1","Prostrate","PathToVictory"],"picked":"SKIP","floor":28.0},{"not_picked":["PathToVictory","Protect","Worship+1"],"picked":"SKIP","floor":30.0},{"not_picked":["CutThroughFate+1","SandsOfTime+1","FlyingSleeves+1"],"picked":"SKIP","floor":35.0},{"not_picked":["Halt+1","Tantrum+1"],"picked":"FlurryOfBlows+1","floor":36.0},{"not_picked":["FlyingSleeves+1","Omniscience"],"picked":"EmptyMind","floor":37.0},{"not_picked":["PathToVictory+1","EmptyFist+1","ForeignInfluence"],"picked":"SKIP","floor":38.0},{"not_picked":["EmptyFist+1","FlyingSleeves+1","BowlingBash+1"],"picked":"SKIP","floor":39.0},{"not_picked":["EmptyMind+1","SashWhip+1","Crescendo"],"picked":"SKIP","floor":41.0},{"not_picked":["BowlingBash+1","ClearTheMind+1"],"picked":"TalkToTheHand+1","floor":44.0},{"not_picked":["ReachHeaven+1","Swivel","ThirdEye+1"],"picked":"SKIP","floor":45.0},{"not_picked":["SashWhip+1","PathToVictory","Nirvana"],"picked":"SKIP","floor":46.0},{"not_picked":["Establishment","Evaluate","WindmillStrike+1"],"picked":"SKIP","floor":47.0}],"player_experience":966986,"relics_obtained":[{"floor":6.0,"key":"Pantograph"},{"floor":9.0,"key":"Juzu Bracelet"},{"floor":13.0,"key":"Molten Egg 2"},{"floor":19.0,"key":"Enchiridion"},{"floor":24.0,"key":"Letter Opener"},{"floor":26.0,"key":"Bag of Preparation"},{"floor":27.0,"key":"Whetstone"},{"floor":41.0,"key":"The Courier"},{"floor":43.0,"key":"Toy Ornithopter"},{"floor":44.0,"key":"Ginger"},{"floor":47.0,"key":"Kunai"}],"event_choices":[{"damage_healed":0.0,"max_hp_gain":0.0,"max_hp_loss":0.0,"gold_gain":0.0,"event_name":"FaceTrader","player_choice":"Trade","floor":2.0,"gold_loss":0.0,"damage_taken":0.0,"relics_obtained":["FaceOfCleric"]},{"damage_healed":0.0,"max_hp_gain":0.0,"max_hp_loss":0.0,"gold_gain":0.0,"event_name":"Shining Light","player_choice":"Entered Light","floor":4.0,"gold_loss":0.0,"damage_taken":20.0,"cards_upgraded":["Strike_P","Defend_P"]},{"damage_healed":0.0,"max_hp_gain":5.0,"max_hp_loss":0.0,"gold_gain":0.0,"event_name":"Big Fish","player_choice":"Donut","floor":7.0,"gold_loss":0.0,"damage_taken":0.0},{"damage_healed":0.0,"max_hp_gain":0.0,"max_hp_loss":0.0,"gold_gain":0.0,"event_name":"Liars Game","player_choice":"Ignored","floor":11.0,"gold_loss":0.0,"damage_taken":0.0},{"cards_removed":["Defend_P"],"damage_healed":0.0,"max_hp_gain":0.0,"max_hp_loss":0.0,"gold_gain":0.0,"event_name":"The Cleric","player_choice":"Card Removal","floor":14.0,"gold_loss":75.0,"damage_taken":0.0},{"damage_healed":0.0,"max_hp_gain":0.0,"max_hp_loss":0.0,"gold_gain":0.0,"event_name":"Cursed Tome","player_choice":"Obtained Book","floor":19.0,"gold_loss":0.0,"damage_taken":21.0},{"cards_removed":["Omniscience"],"damage_healed":0.0,"max_hp_gain":0.0,"max_hp_loss":0.0,"gold_gain":0.0,"event_name":"Beggar","player_choice":"Gave Gold","floor":29.0,"gold_loss":75.0,"damage_taken":0.0},{"damage_healed":0.0,"max_hp_gain":0.0,"max_hp_loss":0.0,"gold_gain":0.0,"event_name":"The Woman in Blue","player_choice":"Bought 2 Potions","floor":48.0,"gold_loss":0.0,"damage_taken":0.0}],"is_beta":false,"boss_relics":[{"not_picked":["Fusion Hammer","Philosopher\u0027s Stone"],"picked":"VioletLotus"},{"not_picked":["Snecko Eye","Cursed Key"],"picked":"Empty Cage"}],"items_purged_floors":[3,31],"is_endless":false,"potions_floor_spawned":[1,12,16,18,20,24,28,36,39,41,44],"killed_by":"Shield and Spear","ascension_level":20}}