{"host":"xobdcpbm4ckypiai","time":1611916017,"event":{"mods":["BaseMod","Energized Spire","FoggyMod","Minty Spire (QoL Compilation)","Permanent Neow","Relic Stats","Reliquary","Replay The Spire","Spicy Shops","StSLib","UnlockEverythingMod","¡¾ÒÅÎï¿¨ÅÆ¡¿REMEMod"],"gold_per_floor":[109,109,109,126,126,157,157,172,172,199,199,199,199,5,5,108,108,123,123,143,143,68,95,95,109,109,109,109,25,56,16,16,120,120,33,71,71,0,50,50,50,78,78,78,3,3,3,3,3,3],"floor_reached":51,"language":"ZHS","playtime":3066,"items_purged":["Pain","Strike_B","Strike_B","Strike_B"],"score":684,"play_id":"3b2ea026-50eb-4810-ac22-49d2ade830bd","local_time":"20210129182657","is_ascension_mode":false,"campfire_choices":[{"data":"Hologram","floor":7.0,"key":"SMITH"},{"floor":11.0,"key":"DIG"},{"floor":13.0,"key":"DIG"},{"floor":15.0,"key":"DIG"},{"floor":28.0,"key":"DIG"},{"floor":32.0,"key":"DIG"},{"floor":40,"key":"DIG"},{"data":"Voices","floor":44,"key":"PURGE"},{"floor":47,"key":"DIG"},{"floor":49,"key":"DIG"}],"circlet_count":0,"master_deck":["Defend_B","Defend_B","Defend_B","Zap","Dualcast","Mirror Shield+1","Hologram+1","Ball Lightning","Sunder+1","Core Surge","Core Surge","White Noise+1","All For One","Lockon+1","Defragment+1","Echo Form","ReplayTheSpireMod:IOU","ReplayTheSpireMod:IOU","Creative AI","Darkness+1"],"relics":["FrozenCore","REME_ComplimentaryCards","Lantern","WarpedTongs","Pondfish Scales","HornCleat","Shovel","Bag of Marbles","reliquary:JackalopeAntler","Bird Faced Urn","Membership Card","Nloth\u0027s Gift","Vajra","Peace Pipe","ReplayTheSpireMod:Shallot","Replay:Mystery Machine","Replay:Bottled Flurry","Replay:Wax Seal","PreservedInsect","reliquary:Buckler","reliquary:SilkGlove","Raider\u0027s Mask","Ice Cream","Busted Crown","Red Mask","Dead Branch","Bronze Scales","Ring of Misfortune","ReplayTheSpireMod:Ring of Exchange","Omamori","Art of War","Incense Burner","Toy Ornithopter","Happy Flower"],"acts_visited":["Exordium","TheCity","TheBeyond"],"potions_floor_usage":[50,50],"damage_taken":[{"damage":0.0,"enemies":"Jaw Worm","floor":1.0,"turns":2.0},{"damage":0.0,"enemies":"Small Slimes","floor":4.0,"turns":2.0},{"damage":13.0,"enemies":"Lagavulin","floor":6.0,"turns":5.0},{"damage":3.0,"enemies":"Cultist","floor":8.0,"turns":2.0},{"damage":0.0,"enemies":"Gremlin Nob","floor":10.0,"turns":3.0},{"damage":25.0,"enemies":"Hexaghost","floor":16.0,"turns":7.0},{"damage":3.0,"enemies":"Shell Parasite","floor":18.0,"turns":6.0},{"damage":0.0,"enemies":"Chosen","floor":20.0,"turns":4.0},{"damage":17.0,"enemies":"Gremlin Leader","floor":23.0,"turns":7.0},{"damage":0.0,"enemies":"Centurion and Healer","floor":25.0,"turns":4.0},{"damage":0.0,"enemies":"Replay:Snechameleon","floor":30.0,"turns":5.0},{"damage":3.0,"enemies":"Automaton","floor":33.0,"turns":9.0},{"damage":5.0,"enemies":"3 Shapes","floor":35.0,"turns":4.0},{"damage":7,"enemies":"2 Orb Walkers","floor":39,"turns":6},{"damage":19,"enemies":"Nemesis","floor":42,"turns":3},{"damage":1,"enemies":"Replay:Hell Engine","floor":50,"turns":16}],"seed_played":"4542989585686735104","potions_obtained":[{"floor":1.0,"key":"Ancient Potion"},{"floor":6.0,"key":"Fruit Juice"},{"floor":16.0,"key":"LiquidBronze"},{"floor":18.0,"key":"Reflective Coating"},{"floor":33.0,"key":"EssenceOfSteel"},{"floor":35.0,"key":"Adrenaline Potion"},{"floor":36.0,"key":"Elixir"}],"is_trial":false,"path_per_floor":["M","?","?","M","?","E","R","M","T","E","R","T","R","$","R","B",null,"M","?","M","?","?","E","T","M","T","?","R","$","E","$","R","B",null,"M","?","M","?","?","R","?","E","T","R","$","$","R","$","R","B",null],"character_chosen":"DEFECT","items_purchased":["Membership Card","Defragment","Replay:Wax Seal","PreservedInsect","reliquary:Buckler","reliquary:SilkGlove","Raider\u0027s Mask","Incense Burner"],"campfire_rested":0,"item_purchase_floors":[14,29,31,31,31,31,31,46],"current_hp_per_floor":[75,75,75,75,75,67,67,64,64,64,64,64,64,64,74,49,90,87,87,89,89,89,74,74,76,76,76,76,76,86,86,86,87,90,90,90,90,90,90,90,90,71,71,71,71,71,71,71,71,90],"gold":3,"neow_bonus":"RANDOM_COMMON_RELIC","is_daily":false,"chose_seed":false,"campfire_upgraded":1,"win_rate":0.0,"timestamp":1611916017,"path_taken":["M","?","?","?","?","E","R","?","T","E","R","?","R","$","R","BOSS","M","?","?","?","?","E","?","?","T","?","R","$","E","?","R","BOSS","M","?","?","?","?","R","?","E","T","R","?","$","R","?","R","BOSS"],"items_purchased_type":["Relic","Card","Relic","Relic","Relic","Relic","Relic","Relic"],"build_version":"2020-12-22","purchased_purges":4,"victory":true,"max_hp_per_floor":[75,75,75,75,75,80,80,80,80,80,80,80,80,80,90,90,90,90,90,90,90,90,90,90,90,90,90,90,90,90,90,90,90,90,90,90,90,90,90,90,90,90,90,90,90,90,90,90,90,90],"relic_stats":{"Happy Flower":[5],"counters":[16,85],"Dead Branch":[20],"PreservedInsect":47,"FrozenCore":[23],"WarpedTongs":[80],"Peace Pipe":4,"Shovel":8,"Busted Crown":10,"Bird Faced Urn":[42],"Bronze Scales":[28],"Nloth\u0027s Gift":2,"Art of War":[6],"obtain_stats":[{"Ice Cream":32,"ReplayTheSpireMod:Ring of Exchange":41,"Lantern":0,"reliquary:SilkGlove":31,"Vajra":23,"Incense Burner":46,"Raider\u0027s Mask":31,"Replay:Mystery Machine":28,"FrozenCore":17,"HornCleat":9,"Shovel":10,"reliquary:Buckler":31,"Replay:Bottled Flurry":30,"Red Mask":38,"Replay:Wax Seal":31,"Cracked Core":0,"Pear":15,"Happy Flower":49,"Dead Branch":39,"PreservedInsect":31,"Omamori":42,"WarpedTongs":5,"reliquary:JackalopeAntler":12,"Peace Pipe":24,"Pondfish Scales":6,"Busted Crown":34,"ReplayTheSpireMod:Shallot":26,"Bird Faced Urn":13,"Bronze Scales":40,"Ring of Misfortune":41,"Bag of Marbles":11,"Nloth\u0027s Gift":19,"Art of War":43,"Membership Card":14,"Toy Ornithopter":47,"REME_ComplimentaryCards":0},{"Ice Cream":11,"ReplayTheSpireMod:Ring of Exchange":14,"Lantern":0,"reliquary:SilkGlove":11,"Vajra":9,"Incense Burner":15,"Raider\u0027s Mask":11,"Replay:Mystery Machine":10,"FrozenCore":6,"HornCleat":4,"Shovel":5,"reliquary:Buckler":11,"Replay:Bottled Flurry":11,"Red Mask":13,"Replay:Wax Seal":11,"Cracked Core":0,"Pear":5,"Happy Flower":15,"Dead Branch":14,"PreservedInsect":11,"Omamori":15,"WarpedTongs":2,"reliquary:JackalopeAntler":5,"Peace Pipe":9,"Pondfish Scales":3,"Busted Crown":12,"ReplayTheSpireMod:Shallot":10,"Bird Faced Urn":5,"Bronze Scales":14,"Ring of Misfortune":14,"Bag of Marbles":5,"Nloth\u0027s Gift":7,"Art of War":15,"Membership Card":5,"Toy Ornithopter":15,"REME_ComplimentaryCards":0},{"Ice Cream":47,"ReplayTheSpireMod:Ring of Exchange":66,"Lantern":0,"reliquary:SilkGlove":47,"Vajra":38,"Incense Burner":69,"Raider\u0027s Mask":47,"Replay:Mystery Machine":42,"FrozenCore":21,"HornCleat":11,"Shovel":14,"reliquary:Buckler":47,"Replay:Bottled Flurry":47,"Red Mask":60,"Replay:Wax Seal":47,"Cracked Core":0,"Pear":14,"Happy Flower":69,"Dead Branch":66,"PreservedInsect":47,"Omamori":69,"WarpedTongs":4,"reliquary:JackalopeAntler":14,"Peace Pipe":38,"Pondfish Scales":9,"Busted Crown":56,"ReplayTheSpireMod:Shallot":42,"Bird Faced Urn":14,"Bronze Scales":66,"Ring of Misfortune":66,"Bag of Marbles":14,"Nloth\u0027s Gift":27,"Art of War":69,"Membership Card":14,"Toy Ornithopter":69,"REME_ComplimentaryCards":0}],"Toy Ornithopter":10},"card_choices":[{"not_picked":["ReplayTheSpireMod:GoodbyeWorld","Blizzard"],"picked":"Hologram","floor":1.0},{"not_picked":["Panic Button","BasicCrystalCard"],"picked":"Ball Lightning","floor":4.0},{"not_picked":["Panic Button","Darkness","Stack"],"picked":"SKIP","floor":6.0},{"not_picked":["Panic Button","Stack"],"picked":"Darkness","floor":6.0},{"not_picked":["Time Bomb","BasicCrystalCard"],"picked":"Sunder","floor":8.0},{"not_picked":["Sweeping Beam","Leap"],"picked":"Core Surge","floor":10.0},{"not_picked":["Multi-Cast","REME_ForAll"],"picked":"Core Surge","floor":16.0},{"not_picked":["Aggregate+1","Hello World"],"picked":"White Noise+1","floor":18.0},{"not_picked":["Leap","Conserve Battery","Beam Cell"],"picked":"All For One","floor":20.0},{"not_picked":["Skim","Loop"],"picked":"Lockon+1","floor":23.0},{"not_picked":["Redo","Lockon","Leap"],"picked":"SKIP","floor":25.0},{"not_picked":["Go for the Eyes","ReplayTheSpireMod:Calculation Training"],"picked":"Echo Form","floor":30.0},{"not_picked":["ReplayRNGCard","ReplayTheSpireMod:Fabricate Wheel"],"picked":"Creative AI","floor":33.0},{"not_picked":["Beam Cell","Sunder+1","Ball Lightning+1","Gash+1","Compile Driver+1"],"picked":"SKIP","floor":35.0},{"not_picked":["Streamline","Melter+1"],"picked":"Darkness+1","floor":39},{"not_picked":["Turbo"],"picked":"SKIP","floor":42}],"player_experience":96171,"relics_obtained":[{"floor":6.0,"key":"Pondfish Scales"},{"floor":9.0,"key":"HornCleat"},{"floor":10.0,"key":"Shovel"},{"floor":11.0,"key":"Bag of Marbles"},{"floor":12.0,"key":"reliquary:JackalopeAntler"},{"floor":13.0,"key":"Bird Faced Urn"},{"floor":15.0,"key":"Pear"},{"floor":23.0,"key":"Vajra"},{"floor":24.0,"key":"Peace Pipe"},{"floor":26.0,"key":"ReplayTheSpireMod:Shallot"},{"floor":28.0,"key":"Replay:Mystery Machine"},{"floor":30.0,"key":"Replay:Bottled Flurry"},{"floor":32.0,"key":"Ice Cream"},{"floor":39,"key":"Dead Branch"},{"floor":40,"key":"Bronze Scales"},{"floor":41,"key":"Ring of Misfortune"},{"floor":41,"key":"ReplayTheSpireMod:Ring of Exchange"},{"floor":42,"key":"Omamori"},{"floor":43,"key":"Art of War"},{"floor":47,"key":"Toy Ornithopter"},{"floor":49,"key":"Happy Flower"}],"event_choices":[{"damage_healed":0.0,"max_hp_gain":0.0,"max_hp_loss":0.0,"gold_gain":0.0,"event_name":"Living Wall","player_choice":"Grow","floor":2.0,"gold_loss":0.0,"damage_taken":0.0,"cards_upgraded":["Mirror Shield"]},{"cards_removed":["Defend_B"],"damage_healed":0.0,"max_hp_gain":0.0,"max_hp_loss":0.0,"gold_gain":0.0,"event_name":"Bonfire Elementals","player_choice":"Offered Basic","floor":3.0,"gold_loss":0.0,"damage_taken":0.0},{"damage_healed":0.0,"max_hp_gain":0.0,"max_hp_loss":0.0,"gold_gain":0.0,"event_name":"Accursed Blacksmith","player_choice":"Rummage","floor":5.0,"gold_loss":0.0,"damage_taken":0.0,"relics_obtained":["WarpedTongs"],"cards_obtained":["Pain"]},{"damage_healed":0.0,"max_hp_gain":0.0,"max_hp_loss":0.0,"gold_gain":0.0,"event_name":"N\u0027loth","player_choice":"Traded Relic","floor":19.0,"relics_lost":["Pear"],"gold_loss":0.0,"damage_taken":0.0,"relics_obtained":["Nloth\u0027s Gift"]},{"cards_removed":["Strike_B"],"damage_healed":0.0,"max_hp_gain":0.0,"max_hp_loss":0.0,"gold_gain":0.0,"event_name":"Beggar","player_choice":"Gave Gold","floor":22.0,"gold_loss":75.0,"damage_taken":0.0},{"damage_healed":0.0,"max_hp_gain":0.0,"max_hp_loss":0.0,"gold_gain":0.0,"event_name":"Upgrade Shrine","player_choice":"Upgraded","floor":27.0,"gold_loss":0.0,"damage_taken":0.0,"cards_upgraded":["Darkness"]},{"cards_removed":["Darkness"],"damage_healed":0,"gold_gain":0,"player_choice":"Removed Skill","damage_taken":0,"max_hp_gain":0,"max_hp_loss":0,"event_name":"Falling","floor":37,"gold_loss":0},{"damage_healed":0,"gold_gain":0,"player_choice":"Paid","damage_taken":0,"relics_obtained":["Red Mask"],"max_hp_gain":0,"max_hp_loss":0,"event_name":"Tomb of Lord Red Mask","floor":38,"gold_loss":71},{"damage_healed":0,"gold_gain":0,"player_choice":"Fight","damage_taken":0,"max_hp_gain":0,"max_hp_loss":0,"event_name":"Mysterious Sphere","floor":39,"gold_loss":0}],"is_beta":false,"boss_relics":[{"not_picked":["Nuclear Battery","REME_DuelDisc"],"picked":"FrozenCore"},{"not_picked":["Astrolabe","reliquary:Ember"],"picked":"Busted Crown"}],"items_purged_floors":[14,29,31,45],"is_endless":false,"potions_floor_spawned":[1,6,16,18,30,33,35,39],"ascension_level":0}}