{"host":"njo8qgvy2a57fcny","time":1611918408,"event":{"mods":["Aspiration","BaseMod","BetterRewards","CCEM2","Colored Map","Colored Powertips","Conspire","Custom Start","Downfall","Energized Spire","GifTheSpireLib","Halation","Hermit","Hubris","Infinite Spire","Jedi Mod","Jorbs\u0027s Wanderer Trilogy","Mimic Mod","Minty Spire (QoL Compilation)","Quick Restart","Random Character Button","Random Character Mod","Rare Cards Sparkle","Relic Sorter","Reliquary","Replay The Spire","Shop Mod","StSLib","Stuff the Spire","The Animator","The Jungle","The Runesmith","The Servant 0.9.4","Unceasing Turn Reminder","thorton"],"gold_per_floor":[349,369,379,391,29,42,42,42,61,72,104,104,114,127,141,141,141,141],"floor_reached":16,"language":"ENG","playtime":1264,"items_purged":[],"score":113,"play_id":"b41cbe24-671d-4708-b903-099376e0c49d","local_time":"20210129220648","is_ascension_mode":true,"campfire_choices":[{"data":"hexamod:Float","floor":1,"key":"SMITH"},{"data":"jedi:LeechingStrike","floor":8,"key":"SMITH"},{"data":"jedi:LeechingStrike","floor":12,"key":"SMITH"}],"circlet_count":0,"master_deck":["hexamod:Strike","hexamod:Strike","hexamod:Strike","hexamod:Strike","hexamod:Defend","hexamod:Defend","hexamod:Defend","hexamod:Defend","hexamod:Sear","hexamod:Float+1","Doubt","hexamod:ShieldOfDarkness","hexamod:NecessarySacrifice+1","hexamod:Haunt","hexamod:HeatShield","jedi:LeechingStrike","hexamod:Incineration","hexamod:VolcanoVisage","hexamod:ChargedBarrage","hexamod:Again","hexamod:GhostOfSpireFuture","hexamod:HexaLevel","hexamod:AdvancingGuard"],"relics":["hexamod:SpiritBrand","Guide Book","infinitespire:Broken Mirror","Regal Pillow"],"acts_visited":["Exordium"],"potions_floor_usage":[11,16,16,16],"damage_taken":[{"damage":0,"enemies":"Cultist","floor":2,"turns":3},{"damage":7,"enemies":"Jaw Worm","floor":3,"turns":4},{"damage":0,"enemies":"2 Louse","floor":4,"turns":3},{"damage":0,"enemies":"downfall:FleeingMerchant","floor":5,"turns":4},{"damage":10,"enemies":"Exordium Thugs","floor":6,"turns":4},{"damage":12,"enemies":"Large Slime","floor":9,"turns":6},{"damage":2,"enemies":"2 Fungi Beasts","floor":10,"turns":4},{"damage":14,"enemies":"3 Sentries","floor":11,"turns":5},{"damage":2,"enemies":"Blue Slaver","floor":13,"turns":3},{"damage":26,"enemies":"Large Slime","floor":14,"turns":6},{"damage":19,"enemies":"Exordium Thugs","floor":15,"turns":5},{"damage":66,"enemies":"WA_ARCHETYPE_RETAIN","floor":16,"turns":7}],"seed_played":"1301325929236802233","potions_obtained":[{"floor":4,"key":"SpeedPotion"},{"floor":10,"key":"PowerPotion"},{"floor":11,"key":"Adrenaline Potion"},{"floor":13,"key":"Adrenaline Potion"},{"floor":14,"key":"Milkshake"}],"is_trial":false,"path_per_floor":["R","M","M","M","$","M","T","R","M","M","E","R","M","M","M","B"],"character_chosen":"THE_SPIRIT","items_purchased":["jedi:LeechingStrike","Guide Book","hexamod:Incineration"],"campfire_rested":0,"item_purchase_floors":[5,5,5],"current_hp_per_floor":[70,70,63,63,63,59,59,59,58,68,66,66,68,51,40,0,0,0],"gold":141,"neow_bonus":"TWO_FIFTY_GOLD","is_daily":false,"chose_seed":false,"campfire_upgraded":3,"win_rate":0.0,"timestamp":1611918408,"path_taken":["R","M","M","?","$","M","T","R","M","M","E","R","M","?","M","BOSS"],"items_purchased_type":["Card","Relic","Card"],"build_version":"2020-12-22","purchased_purges":0,"victory":false,"max_hp_per_floor":[70,70,70,70,70,70,70,70,70,70,70,70,70,70,70,70,70,70],"card_choices":[{"not_picked":["hexamod:Incineration","hexamod:GhostShield"],"picked":"hexamod:ShieldOfDarkness","floor":2},{"not_picked":["hexamod:HauntingEcho","hexamod:RecurringNightmare"],"picked":"hexamod:NecessarySacrifice","floor":3},{"not_picked":["hexamod:HeatMetal","hexamod:RetreatToShadows"],"picked":"hexamod:Haunt","floor":4},{"not_picked":["hexamod:Haunt","hexamod:GhostShield"],"picked":"hexamod:HeatShield","floor":5},{"not_picked":["hexamod:HeatMetal","hexamod:GhostShield"],"picked":"hexamod:VolcanoVisage","floor":6},{"not_picked":["hexamod:ShieldOfDarkness","hexamod:ThermalTransfer"],"picked":"hexamod:ChargedBarrage","floor":9},{"not_picked":["hexamod:AdvancingGuard","hexamod:SwordOfDarkness"],"picked":"hexamod:Again","floor":10},{"not_picked":["hexamod:NightmareGuise","hexamod:GhostShield"],"picked":"hexamod:GhostOfSpireFuture","floor":11},{"not_picked":["hexamod:SpectralAdrenaline","hexamod:SwordOfDarkness"],"picked":"hexamod:HexaLevel","floor":13},{"not_picked":["hexamod:NightmareStrike","hexamod:SwordOfDarkness"],"picked":"hexamod:AdvancingGuard","floor":14},{"not_picked":["hexamod:BacktrackSmack","hexamod:ShieldOfDarkness","hexamod:GhostShield"],"picked":"SKIP","floor":15}],"player_experience":745384,"relics_obtained":[{"floor":7,"key":"infinitespire:Broken Mirror"},{"floor":11,"key":"Regal Pillow"}],"event_choices":[],"is_beta":false,"boss_relics":[],"items_purged_floors":[],"is_endless":false,"potions_floor_spawned":[4,10,11,13,14],"killed_by":"WA_ARCHETYPE_RETAIN","ascension_level":1}}