{"host":"kydqlojjt9mno5rv","time":1611902842,"event":{"mods":["AchievementEnabler","BaseMod","Colored Powertips","Curses Come First","DeckTracker","Minty Spire (QoL Compilation)","Quick Restart","Replay The Spire","Shop Mod","Spicy Shops","StSLib","SuperFastMode","Synergy Search","Weighted Paths"],"gold_per_floor":[112,112,37,112,123,150,150,183,251,286,324,356,383,435,435,548,648,669,595,595,623,649,649,698,698,698,724,753,753,794,201,201,213,213],"floor_reached":33,"language":"ENG","playtime":1816,"items_purged":["Regret"],"score":347,"play_id":"fd4fa9f5-d171-48de-b738-99f081ae7fd3","local_time":"20210129014722","is_ascension_mode":false,"campfire_choices":[{"data":"BattleHymn","floor":7,"key":"SMITH"},{"floor":15,"key":"REST"},{"floor":23,"key":"REST"},{"floor":25,"key":"REST"},{"floor":29,"key":"REST"},{"floor":32,"key":"REST"}],"circlet_count":0,"master_deck":["Strike_P","Strike_P","Strike_P","Strike_P","Defend_P","Defend_P","Defend_P","Defend_P+1","Eruption","Vigilance","EmptyFist","Worship+1","CarveReality","BattleHymn+1","CarveReality+1","Crescendo","DevaForm","JustLucky","Crescendo+1","ReplayTheSpireMod:Splinters","DevaForm","EmptyMind+1","Pray+1","Collect+1","Replay:Battleflow+1","FearNoEvil+1"],"relics":["PureWater","NeowsBlessing","Ring of Peace","Ring of Hypnosis","Replay:Bandana","Toxic Egg 2","Replay:Wanted Poster","Nloth\u0027s Gift","Damaru","Pear","Gremlin Food","Pen Nib","Strawberry","Orrery","War Paint"],"acts_visited":["Exordium","TheCity"],"potions_floor_usage":[16,28,33,33,33],"damage_taken":[{"damage":0,"enemies":"Small Slimes","floor":1,"turns":1},{"damage":0,"enemies":"2 Louse","floor":5,"turns":1},{"damage":0,"enemies":"Gremlin Nob","floor":6,"turns":1},{"damage":6,"enemies":"Cultist","floor":8,"turns":4},{"damage":4,"enemies":"2 Fungi Beasts","floor":10,"turns":3},{"damage":22,"enemies":"3 Sentries","floor":11,"turns":6},{"damage":0,"enemies":"Blue Slaver","floor":12,"turns":3},{"damage":7,"enemies":"Gremlin Gang","floor":13,"turns":5},{"damage":32,"enemies":"Hexaghost","floor":16,"turns":7},{"damage":0,"enemies":"Chosen","floor":18,"turns":4},{"damage":12,"enemies":"3 Byrds","floor":21,"turns":5},{"damage":27,"enemies":"Snake Plant","floor":22,"turns":6},{"damage":41,"enemies":"Slavers","floor":24,"turns":6},{"damage":17,"enemies":"Shelled Parasite and Fungi","floor":27,"turns":4},{"damage":18,"enemies":"Cultist and Chosen","floor":28,"turns":5},{"damage":20,"enemies":"Book of Stabbing","floor":30,"turns":4},{"damage":49,"enemies":"Collector","floor":33,"turns":6}],"seed_played":"-4092595109739984008","potions_obtained":[{"floor":1,"key":"Adrenaline Potion"},{"floor":5,"key":"Strength Potion"},{"floor":10,"key":"Explosive Potion"},{"floor":14,"key":"StancePotion"},{"floor":14,"key":"LiquidMemories"},{"floor":22,"key":"Fire Potion"},{"floor":30,"key":"Fire Potion"}],"is_trial":false,"path_per_floor":["M","?","$","?","M","E","R","M","T","M","E","M","M","?","R","B",null,"M","$","?","M","M","R","E","R","T","M","M","R","E","$","R","B"],"character_chosen":"WATCHER","items_purchased":["Worship","Toolbox","Pen Nib","Strawberry","Orrery","War Paint"],"campfire_rested":5,"item_purchase_floors":[3,19,31,31,31,31],"current_hp_per_floor":[72,72,72,65,65,65,65,59,59,55,33,33,26,26,47,15,72,72,72,72,60,33,54,13,34,44,27,9,33,13,20,46,0,0],"gold":213,"neow_bonus":"THREE_ENEMY_KILL","is_daily":false,"chose_seed":false,"campfire_upgraded":1,"win_rate":0.0,"timestamp":1611902842,"path_taken":["M","?","$","?","M","E","R","M","T","M","E","M","?","?","R","BOSS","M","$","?","M","?","R","E","R","T","?","M","R","E","$","R","BOSS"],"items_purchased_type":["Card","Relic","Relic","Relic","Relic","Relic"],"build_version":"2020-12-22","purchased_purges":1,"victory":false,"max_hp_per_floor":[72,72,72,72,72,72,72,72,72,72,72,72,72,72,72,72,72,72,72,72,72,72,72,72,72,82,82,82,82,82,89,89,89,89],"card_choices":[{"not_picked":["LikeWater","Protect"],"picked":"EmptyFist","floor":1},{"not_picked":["Replay:AtTheReady","JustLucky"],"picked":"CarveReality","floor":5},{"not_picked":["CrushJoints","Evaluate"],"picked":"BattleHymn","floor":6},{"not_picked":["ClearTheMind","EmptyBody"],"picked":"CarveReality","floor":8},{"not_picked":["Consecrate","SashWhip"],"picked":"Crescendo","floor":10},{"not_picked":["Halt+1","Collect+1"],"picked":"DevaForm","floor":11},{"not_picked":["Study","Protect+1"],"picked":"JustLucky","floor":12},{"not_picked":["SashWhip","EmptyBody+1"],"picked":"Crescendo+1","floor":13},{"not_picked":["Replay:AllIn+1","Replay:LoomingThreat"],"picked":"DevaForm","floor":16},{"not_picked":["CrushJoints","Adaptation+1","FlyingSleeves+1"],"picked":"SKIP","floor":18},{"not_picked":["PathToVictory+1","BowlingBash"],"picked":"EmptyMind+1","floor":21},{"not_picked":["CrushJoints","Replay:AllIn+1","ThirdEye+1"],"picked":"SKIP","floor":22},{"not_picked":["Evaluate+1","Consecrate"],"picked":"Pray+1","floor":24},{"not_picked":["Replay:Cycle+1","CutThroughFate","JustLucky"],"picked":"SKIP","floor":27},{"not_picked":["Replay:ManipulateFuture+1","EmptyBody+1","Replay:AtTheReady+1"],"picked":"SKIP","floor":28},{"not_picked":["DeceiveReality+1","Vault+1"],"picked":"Collect+1","floor":30},{"not_picked":["Meditate+1","FlyingSleeves"],"picked":"Replay:Battleflow+1","floor":31},{"not_picked":["Evaluate+1","Crescendo+1"],"picked":"FearNoEvil+1","floor":31}],"player_experience":169633,"relics_obtained":[{"floor":2,"key":"Ring of Peace"},{"floor":2,"key":"Ring of Hypnosis"},{"floor":6,"key":"Replay:Bandana"},{"floor":11,"key":"Toxic Egg 2"},{"floor":24,"key":"Damaru"},{"floor":26,"key":"Pear"},{"floor":30,"key":"Gremlin Food"}],"event_choices":[{"damage_healed":0,"gold_gain":75,"player_choice":"Touch","damage_taken":7,"max_hp_gain":0,"max_hp_loss":0,"event_name":"FaceTrader","floor":4,"gold_loss":0},{"damage_healed":0,"gold_gain":0,"player_choice":"Traded Relic","damage_taken":0,"relics_obtained":["Nloth\u0027s Gift"],"max_hp_gain":0,"max_hp_loss":0,"event_name":"N\u0027loth","floor":20,"relics_lost":["Toolbox"],"gold_loss":0}],"is_beta":false,"boss_relics":[{"not_picked":["Runic Pyramid","ReplayTheSpireMod:DimensionalGlitch"],"picked":"Replay:Wanted Poster"}],"items_purged_floors":[31],"is_endless":false,"potions_floor_spawned":[1,5,10,12,22,27,30],"killed_by":"Collector","ascension_level":0}}