{"host":"6h0diz2ap0m56grs","time":1611883802,"event":{"mods":["2.2 Compatiblity","BaseMod","Colored Map","Marisa????????","Minty Spire (QoL Compilation)","Quick Restart","Replay The Spire","Shop Mod","StSLib","The Servant 0.9.4"],"gold_per_floor":[112,130,184,27,44,78,78,113,181,181,214,214,240,49,49,153,153,172,172,172,185,30,58,83,83,161,193,225,554,629,658,658,758,758,768,712,712,727,727,761,791,791,837,837,837,871,871,254,254,254,254],"floor_reached":50,"language":"ENG","playtime":1573,"items_purged":["GalacticHalo"],"score":1078,"play_id":"81f21f04-c883-431f-aa6a-845b02562498","local_time":"20210128193002","daily_mods":["SealedDeck","Heirloom","Time Dilation","Flight"],"is_ascension_mode":true,"campfire_choices":[{"data":"SprinkleStarSeal","floor":7,"key":"SMITH"},{"data":"OortCloud","floor":10,"key":"SMITH"},{"data":"OneTimeOff","floor":12,"key":"SMITH"},{"data":"DarkMatter","floor":15,"key":"SMITH"},{"data":"MilkyWay","floor":25,"key":"SMITH"},{"data":"OortCloud","floor":32,"key":"SMITH"},{"data":"MillisecondPulsars","floor":42,"key":"SMITH"},{"data":"MilkyWay","floor":44,"key":"SMITH"},{"data":"OortCloud","floor":49,"key":"SMITH"}],"circlet_count":0,"master_deck":["SporeBomb","PulseMagic+1","StarBarrage+1","MilkyWay+1","MilkyWay","MeteoricShower+1","WitchLeyline","WitchLeyline","WitchLeyline","WitchLeyline+1","OortCloud+1","SprinkleStarSeal+1","Parasite","Parasite","MilkyWay+1","OneTimeOff+1","DarkMatter+1","MeteoricShower","MillisecondPulsars+1","GasGiant","OortCloud+1","SuperPerseids","LuminesStrike","WitchLeyline","GasGiant","OortCloud+1","Master of Strategy"],"relics":["MiniHakkero","replay:Trail_Library","Pocketwatch","Vajra","Unceasing Top","Mercury Hourglass","Centennial Puzzle","BigShroomBag","MerchantsRug","Coffee Dripper","Medical Kit","Gremlin Food","Onion Ring","Smiling Mask","ReplayTheSpireMod:Lightbulb","Philosopher\u0027s Stone","OrangePellets","Shuriken","Replay:Bottled Snecko","Orichalcum","Ancient Tea Set","Calipers","Happy Flower","Guide Book"],"acts_visited":["Exordium","TheCity","TheBeyond"],"potions_floor_usage":[50,50],"damage_taken":[{"damage":0,"enemies":"Jaw Worm","floor":1,"turns":1},{"damage":0,"enemies":"2 Louse","floor":2,"turns":1},{"damage":0,"enemies":"Cultist","floor":5,"turns":1},{"damage":0,"enemies":"Lagavulin","floor":6,"turns":3},{"damage":3,"enemies":"3 Sentries","floor":8,"turns":4},{"damage":0,"enemies":"Gremlin Nob","floor":11,"turns":2},{"damage":0,"enemies":"The Mushroom Lair","floor":13,"turns":2},{"damage":0,"enemies":"The Guardian","floor":16,"turns":5},{"damage":0,"enemies":"Spheric Guardian","floor":18,"turns":2},{"damage":0,"enemies":"Chosen","floor":21,"turns":2},{"damage":0,"enemies":"Gremlin Leader","floor":23,"turns":3},{"damage":0,"enemies":"Slavers","floor":24,"turns":1},{"damage":0,"enemies":"Gremlin Leader","floor":27,"turns":3},{"damage":0,"enemies":"Book of Stabbing","floor":28,"turns":3},{"damage":2,"enemies":"Slavers","floor":29,"turns":2},{"damage":0,"enemies":"Book of Stabbing","floor":31,"turns":3},{"damage":2,"enemies":"Pondfish","floor":33,"turns":5},{"damage":0,"enemies":"3 Darklings","floor":35,"turns":2},{"damage":0,"enemies":"3 Shapes","floor":38,"turns":2},{"damage":0,"enemies":"Giant Head","floor":40,"turns":5},{"damage":0,"enemies":"Nemesis","floor":41,"turns":5},{"damage":0,"enemies":"Giant Head","floor":46,"turns":4},{"damage":0,"enemies":"Donu and Deca","floor":50,"turns":1}],"seed_played":"9048277706357223748","potions_obtained":[{"floor":1,"key":"BlessingOfTheForge"},{"floor":3,"key":"Milkshake"},{"floor":3,"key":"FairyPotion"},{"floor":5,"key":"Venom Potion"},{"floor":6,"key":"LiquidBronze"},{"floor":8,"key":"Strength Potion"}],"is_trial":true,"path_per_floor":["M","M","?","$","M","E","R","E","T","R","E","R","?","$","R","B",null,"M","?","?","M","$","E","E","R","T","E","E","E","?","E","R","B",null,"M","$","?","M","$","E","E","R","T","R","?","E","$","$","R","B"],"character_chosen":"MARISA","items_purchased":["Vajra","MeteoricShower","MerchantsRug","Medical Kit","OrangePellets","Happy Flower","OortCloud","Guide Book","Master of Strategy","DuplicationPotion"],"campfire_rested":0,"item_purchase_floors":[4,14,14,22,36,48,48,48,48,48],"current_hp_per_floor":[75,75,64,64,64,64,64,61,61,61,65,65,67,67,67,73,82,82,82,82,82,82,82,82,82,82,82,82,82,74,80,80,80,82,82,82,82,82,82,82,82,82,82,82,82,82,82,82,82,82,82],"gold":254,"neow_bonus":"","is_daily":false,"chose_seed":false,"campfire_upgraded":9,"win_rate":0.0,"timestamp":1611883802,"path_taken":["M","M","?","$","?","E","R","E","T","R","E","R","?","?","R","BOSS","M","?","?","?","$","E","E","R","T","E","E","E","?","E","R","BOSS","M","?","?","?","$","E","E","R","T","R","?","E","$","$","R","BOSS"],"items_purchased_type":["Relic","Card","Relic","Relic","Relic","Relic","Card","Relic","Card","Potion"],"build_version":"2020-12-22","purchased_purges":1,"victory":false,"max_hp_per_floor":[75,75,82,82,82,82,82,82,82,82,82,82,82,82,82,82,82,82,82,82,82,82,82,82,82,82,82,82,82,82,82,82,82,82,82,82,82,82,82,82,82,82,82,82,82,82,82,82,82,82,82],"card_choices":[{"not_picked":["Acceleration","GrandCross","6A"],"picked":"SKIP","floor":1},{"not_picked":["EnergyFlow","DragonMeteor"],"picked":"WitchLeyline","floor":2},{"not_picked":["DC","MilkyWay"],"picked":"OortCloud","floor":3},{"not_picked":["DeepEcoloBomb","Acceleration","LuminesStrike"],"picked":"SKIP","floor":5},{"not_picked":["WitchOfGreed","DarkSpark"],"picked":"SprinkleStarSeal","floor":6},{"not_picked":["MysteriousBeam","EscapeVelocity","Orbital"],"picked":"SKIP","floor":8},{"not_picked":["MagicAbsorber","GalacticHalo"],"picked":"OneTimeOff","floor":11},{"not_picked":["IllusionStar","WitchOfGreed"],"picked":"DarkMatter","floor":13},{"not_picked":["AbsoluteMagnitude","MaximisePower"],"picked":"MillisecondPulsars","floor":16},{"not_picked":["GrandCross+1","IllusionStar"],"picked":"GasGiant","floor":18},{"not_picked":["UnstableBomb","DoubleSpark","MagicAbsorber"],"picked":"SKIP","floor":21},{"not_picked":["MilkyWay","ShootTheMoon","MysteriousBeam"],"picked":"SKIP","floor":23},{"not_picked":["LuminesStrike","GrandCross","AsteroidBelt"],"picked":"SKIP","floor":24},{"not_picked":["Acceleration+1","PulseMagic","JA"],"picked":"SKIP","floor":27},{"not_picked":["WitchLeyline","DoubleSpark+1"],"picked":"OortCloud","floor":28},{"not_picked":["ShootTheMoon+1","Occultation","RefractionSpark"],"picked":"SKIP","floor":29},{"not_picked":["MysteriousBeam","GravityBeat"],"picked":"SuperPerseids","floor":31},{"not_picked":["StarlightTyphoon+1","SporeBomb+1","ChargingUp"],"picked":"SKIP","floor":35},{"not_picked":["GrandCross+1","LuminesStrike+1","Singularity"],"picked":"SKIP","floor":38},{"not_picked":["StarDustReverie","DoubleSpark+1"],"picked":"WitchLeyline","floor":40},{"not_picked":["NonDirectionalLaser","ShootingEcho","MillisecondPulsars"],"picked":"SKIP","floor":41},{"not_picked":["GalacticHalo","UnstableBomb","LuminesStrike+1"],"picked":"SKIP","floor":46}],"player_experience":231437,"relics_obtained":[{"floor":3,"key":"Strawberry"},{"floor":6,"key":"Unceasing Top"},{"floor":8,"key":"ShroomBag"},{"floor":9,"key":"Mercury Hourglass"},{"floor":11,"key":"Centennial Puzzle"},{"floor":13,"key":"BigShroomBag"},{"floor":23,"key":"Whetstone"},{"floor":24,"key":"Gremlin Food"},{"floor":26,"key":"Onion Ring"},{"floor":27,"key":"Smiling Mask"},{"floor":28,"key":"Pantograph"},{"floor":29,"key":"Old Coin"},{"floor":31,"key":"ReplayTheSpireMod:Lightbulb"},{"floor":40,"key":"Shuriken"},{"floor":41,"key":"Replay:Bottled Snecko"},{"floor":43,"key":"Orichalcum"},{"floor":45,"key":"Ancient Tea Set"},{"floor":46,"key":"Calipers"}],"event_choices":[{"damage_healed":0,"gold_gain":0,"player_choice":"Fought Mushrooms","damage_taken":0,"max_hp_gain":0,"max_hp_loss":0,"event_name":"Mushrooms_MRS","floor":13,"gold_loss":0},{"damage_healed":0,"gold_gain":0,"player_choice":"Ignored","damage_taken":0,"max_hp_gain":0,"max_hp_loss":0,"event_name":"Vampires","floor":19,"gold_loss":0},{"damage_healed":0,"gold_gain":0,"player_choice":"Ignored","damage_taken":0,"max_hp_gain":0,"max_hp_loss":0,"event_name":"Transmorgrifier","floor":20,"gold_loss":0},{"damage_healed":0,"gold_gain":75,"player_choice":"Touch","damage_taken":8,"max_hp_gain":0,"max_hp_loss":0,"event_name":"FaceTrader","floor":30,"gold_loss":0},{"damage_healed":0,"gold_gain":0,"player_choice":"1 cards matched","damage_taken":0,"max_hp_gain":0,"max_hp_loss":0,"event_name":"Match and Keep!","floor":37,"gold_loss":0,"cards_obtained":["LuminesStrike"]},{"damage_healed":0,"gold_gain":0,"player_choice":"Relic","damage_taken":0,"max_hp_gain":0,"max_hp_loss":0,"event_name":"Wheel of Change","floor":45,"gold_loss":0}],"is_beta":false,"boss_relics":[{"not_picked":["Snecko Eye","ChewingGum"],"picked":"Coffee Dripper"},{"not_picked":["SacredBark","Fusion Hammer"],"picked":"Philosopher\u0027s Stone"}],"items_purged_floors":[48],"is_endless":false,"potions_floor_spawned":[1,5,6,8,13,18,21,28,29,33,38,46],"killed_by":"Donu and Deca","ascension_level":1}}