{"host":"omgphoea13lnyb7y","time":1611912645,"event":{"mods":["Aspiration","BaseMod","Better Note","BetterRewards","Colored Map","DeckTracker","Hubris","Minty Spire (QoL Compilation)","StSLib","The Construct","The Cursed","The Jungle","The Necromancer"],"gold_per_floor":[117,134,84,84,96,96,126,138,150,162,185,197,209,209],"floor_reached":13,"language":"ENG","playtime":342,"items_purged":[],"score":87,"play_id":"921fcf0c-85e6-437b-a8c9-f81ad835abca","local_time":"20210129013045","is_ascension_mode":true,"campfire_choices":[{"data":"Zap","floor":6,"key":"SMITH"},{"data":"Dualcast","floor":10,"key":"SMITH"}],"circlet_count":0,"master_deck":["Strike_B","Strike_B","Strike_B","Defend_B","Defend_B","Defend_B","Defend_B","Zap+1","Dualcast+1","Trip","Rebound","Hologram","Scrape","Gash","Parasite"],"relics":["Cracked Core","Blood Vial","MawBank","hubris:Icosahedron"],"acts_visited":["Exordium"],"potions_floor_usage":[13],"damage_taken":[{"damage":3,"enemies":"Jaw Worm","floor":1,"turns":3},{"damage":7,"enemies":"2 Louse","floor":2,"turns":2},{"damage":0,"enemies":"Small Slimes","floor":5,"turns":3},{"damage":41,"enemies":"Gremlin Nob","floor":7,"turns":4},{"damage":5,"enemies":"Looter","floor":11,"turns":2},{"damage":41,"enemies":"3 Sentries","floor":13,"turns":4}],"seed_played":"4032299749181251187","potions_obtained":[{"floor":7,"key":"construct:ShiftPotion"},{"floor":11,"key":"Swift Potion"}],"is_trial":false,"path_per_floor":["M","M","?","?","M","R","E","?","T","R","M","?","E"],"character_chosen":"DEFECT","items_purchased":[],"campfire_rested":0,"item_purchase_floors":[],"current_hp_per_floor":[72,65,65,58,60,60,21,21,21,21,18,36,0,0],"gold":209,"neow_bonus":"RANDOM_COLORLESS","is_daily":false,"chose_seed":false,"campfire_upgraded":2,"win_rate":0.0,"timestamp":1611912645,"path_taken":["M","M","?","?","M","R","E","?","T","R","?","?","E"],"items_purchased_type":[],"build_version":"2020-12-22","purchased_purges":0,"victory":false,"max_hp_per_floor":[75,75,75,75,75,75,75,75,75,75,75,75,75,75],"card_choices":[{"not_picked":["Finesse","Dark Shackles"],"picked":"Trip","floor":0},{"not_picked":["Blizzard","Steam"],"picked":"Rebound","floor":1},{"not_picked":["Stack","Sweeping Beam"],"picked":"Hologram","floor":2},{"not_picked":["Meteor Strike","Storm","Recycle"],"picked":"SKIP","floor":5},{"not_picked":["Heatsinks","Cold Snap"],"picked":"Scrape","floor":7},{"not_picked":["Leap","Hologram"],"picked":"Gash","floor":11}],"player_experience":63450,"relics_obtained":[{"floor":7,"key":"MawBank"}],"event_choices":[{"cards_removed":["Strike_B"],"damage_healed":0,"gold_gain":0,"player_choice":"Card Removal","damage_taken":0,"max_hp_gain":0,"max_hp_loss":0,"event_name":"The Cleric","floor":3,"gold_loss":50},{"damage_healed":0,"gold_gain":0,"player_choice":"Success","damage_taken":7,"relics_obtained":["Blood Vial"],"max_hp_gain":0,"max_hp_loss":0,"event_name":"Scrap Ooze","floor":4,"gold_loss":0},{"damage_healed":18,"gold_gain":0,"player_choice":"Healed and dodged fight","damage_taken":0,"max_hp_gain":0,"max_hp_loss":0,"event_name":"Mushrooms","floor":12,"gold_loss":0,"cards_obtained":["Parasite"]}],"is_beta":false,"boss_relics":[],"items_purged_floors":[],"is_endless":false,"potions_floor_spawned":[7,11],"killed_by":"3 Sentries","ascension_level":1}}