{"host":"rspt8ghchagqewrq","time":1611953894,"event":{"mods":["AchievementEnabler","BaseMod","Colored Map","Colored Powertips","Minty Spire (QoL Compilation)","Quick Restart"],"gold_per_floor":[110,185,185,185,199,199,210,226,281,301,266,266,276,124,124,228,228,243,243,88,106,106,139,159,189,189,200,200,200,200,233,233,233,233],"floor_reached":33,"language":"FRA","playtime":1441,"items_purged":[],"score":370,"play_id":"3c67baf3-9f94-4696-9dbe-34e72d01bcde","local_time":"20210129215814","is_ascension_mode":false,"campfire_choices":[{"data":"1","floor":6.0,"key":"LIFT"},{"data":"2","floor":12.0,"key":"LIFT"},{"data":"3","floor":15.0,"key":"LIFT"},{"data":"Noxious Fumes","floor":29.0,"key":"SMITH"},{"data":"Poisoned Stab","floor":32.0,"key":"SMITH"}],"circlet_count":0,"master_deck":["Defend_G","Defend_G","Defend_G","Defend_G","Defend_G","Survivor","Neutralize","CurseOfTheBell","Poisoned Stab+1","Bane","Dagger Spray","Flying Knee","Noxious Fumes+1","Footwork","Poisoned Stab","Burst","Slice","Bite","Bite","Bite","Bite","Bite","Crippling Poison+1","Bane","Catalyst+1","Poisoned Stab+1","Poisoned Stab+1"],"relics":["Calling Bell","Anchor","Mercury Hourglass","Girya","Juzu Bracelet","DollysMirror","Black Star","MutagenicStrength","Bag of Marbles","Boot","Eternal Feather","Snake Skull","Kunai","Pantograph","Ancient Tea Set","Toy Ornithopter"],"acts_visited":["Exordium","TheCity"],"potions_floor_usage":[33,33,33],"damage_taken":[{"damage":0.0,"enemies":"2 Louse","floor":1.0,"turns":2.0},{"damage":2.0,"enemies":"Small Slimes","floor":5.0,"turns":3.0},{"damage":0.0,"enemies":"Cultist","floor":7.0,"turns":3.0},{"damage":4.0,"enemies":"Large Slime","floor":8.0,"turns":5.0},{"damage":1.0,"enemies":"3 Louse","floor":10.0,"turns":2.0},{"damage":3.0,"enemies":"2 Fungi Beasts","floor":13.0,"turns":3.0},{"damage":38.0,"enemies":"Hexaghost","floor":16.0,"turns":8.0},{"damage":18.0,"enemies":"Spheric Guardian","floor":18.0,"turns":6.0},{"damage":21.0,"enemies":"2 Thieves","floor":21.0,"turns":4.0},{"damage":0.0,"enemies":"Gremlin Leader","floor":23.0,"turns":5.0},{"damage":0.0,"enemies":"Chosen and Byrds","floor":24.0,"turns":4.0},{"damage":9.0,"enemies":"Slavers","floor":25.0,"turns":5.0},{"damage":8.0,"enemies":"Shelled Parasite and Fungi","floor":27.0,"turns":3.0},{"damage":3.0,"enemies":"Gremlin Leader","floor":31.0,"turns":5.0},{"damage":77,"enemies":"Automaton","floor":33,"turns":6}],"seed_played":"3429663399890615709","potions_obtained":[{"floor":1.0,"key":"Swift Potion"},{"floor":8.0,"key":"Regen Potion"},{"floor":16.0,"key":"Ancient Potion"},{"floor":21.0,"key":"EssenceOfSteel"},{"floor":24.0,"key":"EssenceOfSteel"},{"floor":27.0,"key":"Fire Potion"},{"floor":31.0,"key":"LiquidBronze"}],"is_trial":false,"path_per_floor":["M","?","?","?","M","R","M","M","T","M","?","R","M","$","R","B",null,"M","?","$","M","?","E","M","E","T","M","?","R","?","E","R","B"],"character_chosen":"THE_SILENT","items_purchased":["DollysMirror","Bag of Marbles"],"campfire_rested":0,"item_purchase_floors":[14,20],"current_hp_per_floor":[70,59,59,59,57,57,57,53,53,52,69,69,66,66,66,42,70,52,52,52,31,31,43,49,44,44,38,38,49,42,49,54,0,0],"gold":233,"neow_bonus":"BOSS_RELIC","is_daily":false,"chose_seed":false,"campfire_upgraded":2,"win_rate":0.0,"timestamp":1611953894,"path_taken":["M","?","?","?","M","R","M","M","T","M","?","R","M","$","R","BOSS","M","?","$","M","?","E","M","E","T","M","?","R","?","E","R","BOSS"],"items_purchased_type":["Relic","Relic"],"build_version":"2020-12-22","purchased_purges":0,"victory":false,"max_hp_per_floor":[70,70,70,70,70,70,70,70,70,70,70,70,70,70,70,70,70,70,70,70,70,49,49,49,49,49,49,49,49,54,54,54,54,54],"card_choices":[{"not_picked":["Leg Sweep","Tactician"],"picked":"Poisoned Stab","floor":1.0},{"not_picked":["Terror","Slice"],"picked":"Bane","floor":5.0},{"not_picked":["PiercingWail","Eviscerate"],"picked":"Dagger Spray","floor":7.0},{"not_picked":["Quick Slash","Prepared"],"picked":"Flying Knee","floor":8.0},{"not_picked":["Dagger Spray","Skewer"],"picked":"Noxious Fumes","floor":10.0},{"not_picked":["Underhanded Strike","Bullet Time"],"picked":"Footwork","floor":13.0},{"not_picked":["Night Terror","Venomology"],"picked":"Burst","floor":16.0},{"not_picked":["Acrobatics","Noxious Fumes"],"picked":"Slice","floor":18.0},{"not_picked":["Eviscerate","Reflex","Outmaneuver"],"picked":"SKIP","floor":21.0},{"not_picked":["Caltrops","Bouncing Flask+1"],"picked":"Crippling Poison+1","floor":23.0},{"not_picked":["Prepared","Escape Plan"],"picked":"Bane","floor":24.0},{"not_picked":["Expertise","Acrobatics+1"],"picked":"Catalyst+1","floor":25.0},{"not_picked":["Bouncing Flask","Skewer+1"],"picked":"Poisoned Stab+1","floor":27.0},{"not_picked":["Malaise","Dagger Spray+1"],"picked":"Poisoned Stab+1","floor":31.0}],"player_experience":70472,"relics_obtained":[{"floor":0.0,"key":"Anchor"},{"floor":0.0,"key":"Mercury Hourglass"},{"floor":0.0,"key":"Girya"},{"floor":9.0,"key":"Juzu Bracelet"},{"floor":23.0,"key":"Boot"},{"floor":23.0,"key":"Eternal Feather"},{"floor":25.0,"key":"Snake Skull"},{"floor":25.0,"key":"Kunai"},{"floor":26.0,"key":"Pantograph"},{"floor":31.0,"key":"Ancient Tea Set"},{"floor":31.0,"key":"Toy Ornithopter"}],"event_choices":[{"damage_healed":0.0,"max_hp_gain":0.0,"max_hp_loss":0.0,"gold_gain":75.0,"event_name":"World of Goop","player_choice":"Gather Gold","floor":2.0,"gold_loss":0.0,"damage_taken":11.0},{"damage_healed":0.0,"max_hp_gain":0.0,"max_hp_loss":0.0,"gold_gain":0.0,"event_name":"Golden Wing","player_choice":"Ignored","floor":3.0,"gold_loss":0.0,"damage_taken":0.0},{"damage_healed":0.0,"max_hp_gain":0.0,"max_hp_loss":0.0,"gold_gain":0.0,"event_name":"Purifier","player_choice":"Ignored","floor":4.0,"gold_loss":0.0,"damage_taken":0.0},{"damage_healed":17.0,"max_hp_gain":0.0,"max_hp_loss":0.0,"gold_gain":0.0,"event_name":"The Cleric","player_choice":"Healed","floor":11.0,"gold_loss":35.0,"damage_taken":0.0},{"damage_healed":0.0,"max_hp_gain":0.0,"max_hp_loss":0.0,"gold_gain":0.0,"event_name":"Drug Dealer","player_choice":"Inject Mutagens","floor":19.0,"gold_loss":0.0,"damage_taken":0.0,"relics_obtained":["MutagenicStrength"]},{"damage_healed":0.0,"max_hp_gain":0.0,"max_hp_loss":21.0,"gold_gain":0.0,"event_name":"Vampires","player_choice":"Became a vampire","floor":22.0,"gold_loss":0.0,"damage_taken":0.0,"cards_obtained":["Bite","Bite","Bite","Bite","Bite"]},{"damage_healed":0.0,"max_hp_gain":0.0,"max_hp_loss":0.0,"gold_gain":0.0,"event_name":"FaceTrader","player_choice":"Leave","floor":28.0,"gold_loss":0.0,"damage_taken":0.0},{"damage_healed":0.0,"max_hp_gain":5.0,"max_hp_loss":0.0,"gold_gain":0.0,"event_name":"Forgotten Altar","player_choice":"Shed Blood","floor":30.0,"gold_loss":0.0,"damage_taken":12.0}],"is_beta":false,"boss_relics":[{"not_picked":["SlaversCollar","SacredBark"],"picked":"Black Star"}],"items_purged_floors":[],"is_endless":false,"potions_floor_spawned":[1,8,16,21,24,27,31],"killed_by":"Automaton","ascension_level":0}}