{"host":"06t6i6dwlvtvdxau","time":1611896822,"event":{"mods":["BaseMod","Colored Map","Colored Powertips","GifTheSpireLib","Minty Spire (QoL Compilation)","Quick Restart","Shop Mod","StSLib"],"gold_per_floor":[109,122,136,86,38,38,51,82,106,106,120,120,45,73,73,173,173,191,205,105,105,105,105,105],"floor_reached":23,"language":"FRA","playtime":866,"items_purged":["Bash","Strike_R"],"score":279,"play_id":"ced928a3-2027-4413-b128-c33c6fa69748","local_time":"20210129060702","is_ascension_mode":true,"campfire_choices":[{"data":"Armaments","floor":6.0,"key":"SMITH"},{"data":"Evolve","floor":12.0,"key":"SMITH"},{"data":"Juggernaut","floor":15.0,"key":"SMITH"}],"circlet_count":0,"master_deck":["Strike_R","Strike_R","Strike_R","Defend_R","Defend_R","Defend_R","Defend_R","Body Slam","Evolve+1","Armaments+1","Thunderclap","Entrench","Juggernaut+1","Barricade","Metallicize"],"relics":["Burning Blood","Lantern","Centennial Puzzle","Bronze Scales","Bag of Marbles","Fusion Hammer"],"acts_visited":["Exordium","TheCity"],"potions_floor_usage":[],"damage_taken":[{"damage":8.0,"enemies":"2 Louse","floor":1.0,"turns":4.0},{"damage":6.0,"enemies":"Jaw Worm","floor":2.0,"turns":5.0},{"damage":10.0,"enemies":"Cultist","floor":3.0,"turns":5.0},{"damage":0.0,"enemies":"Blue Slaver","floor":7.0,"turns":5.0},{"damage":13.0,"enemies":"Lagavulin","floor":8.0,"turns":6.0},{"damage":4.0,"enemies":"Large Slime","floor":11.0,"turns":6.0},{"damage":7.0,"enemies":"3 Sentries","floor":14.0,"turns":6.0},{"damage":29.0,"enemies":"Slime Boss","floor":16.0,"turns":9.0},{"damage":18.0,"enemies":"2 Thieves","floor":18.0,"turns":4.0},{"damage":31.0,"enemies":"3 Byrds","floor":19.0,"turns":3.0},{"damage":0,"enemies":"Slavers","floor":23,"turns":1}],"seed_played":"6641968869610137402","potions_obtained":[{"floor":1.0,"key":"Dexterity Potion"},{"floor":3.0,"key":"Dexterity Potion"},{"floor":14.0,"key":"FearPotion"},{"floor":16.0,"key":"Block Potion"},{"floor":18.0,"key":"AttackPotion"}],"is_trial":false,"path_per_floor":["M","M","M","?","$","R","M","E","T","?","M","R","$","E","R","B",null,"M","M","$","?","?","E"],"character_chosen":"IRONCLAD","items_purchased":["Armaments"],"campfire_rested":0,"item_purchase_floors":[5],"current_hp_per_floor":[78,78,74,74,74,74,80,73,73,73,75,75,75,74,74,51,79,67,42,42,42,42,42,42],"gold":105,"neow_bonus":"TEN_PERCENT_HP_BONUS","is_daily":false,"chose_seed":false,"campfire_upgraded":3,"win_rate":0.0,"timestamp":1611896822,"path_taken":["M","M","M","?","$","R","M","E","T","?","M","R","?","E","R","BOSS","M","M","$","?","?","E"],"items_purchased_type":["Card"],"build_version":"2020-12-22","purchased_purges":2,"victory":false,"max_hp_per_floor":[88,88,88,88,88,88,88,88,88,88,88,88,88,88,88,88,88,88,88,88,88,88,88,88],"card_choices":[{"not_picked":["Dropkick","Flame Barrier"],"picked":"Body Slam","floor":1.0},{"not_picked":["Warcry","Searing Blow","Power Through"],"picked":"SKIP","floor":2.0},{"not_picked":["Twin Strike","Thunderclap"],"picked":"Evolve","floor":3.0},{"not_picked":["Flex","Twin Strike"],"picked":"Thunderclap","floor":7.0},{"not_picked":["Thunderclap","Iron Wave"],"picked":"Entrench","floor":8.0},{"not_picked":["Cleave","Clash","Clothesline"],"picked":"SKIP","floor":11.0},{"not_picked":["Double Tap","Headbutt"],"picked":"Juggernaut","floor":14.0},{"not_picked":["Reaper","Offering"],"picked":"Barricade","floor":16.0},{"not_picked":["Blood for Blood","Twin Strike","True Grit"],"picked":"SKIP","floor":18.0},{"not_picked":["Thunderclap","Searing Blow","Dark Embrace"],"picked":"SKIP","floor":19.0}],"player_experience":776438,"relics_obtained":[{"floor":8.0,"key":"Lantern"},{"floor":9.0,"key":"Centennial Puzzle"},{"floor":14.0,"key":"Bag of Marbles"}],"event_choices":[{"cards_removed":["Strike_R"],"damage_healed":0.0,"max_hp_gain":0.0,"max_hp_loss":0.0,"gold_gain":0.0,"event_name":"The Cleric","player_choice":"Card Removal","floor":4.0,"gold_loss":50.0,"damage_taken":0.0},{"damage_healed":0.0,"max_hp_gain":0.0,"max_hp_loss":0.0,"gold_gain":0.0,"event_name":"Dead Adventurer","player_choice":"Searched \u00272\u0027 times","floor":10.0,"gold_loss":0.0,"damage_taken":0.0,"relics_obtained":["Bronze Scales"]},{"damage_healed":0.0,"max_hp_gain":0.0,"max_hp_loss":0.0,"gold_gain":0.0,"event_name":"The Library","player_choice":"Read","floor":21.0,"gold_loss":0.0,"damage_taken":0.0,"cards_obtained":["Metallicize"]},{"damage_healed":0.0,"max_hp_gain":0.0,"max_hp_loss":0.0,"gold_gain":0.0,"event_name":"Cursed Tome","player_choice":"Ignored","floor":22.0,"gold_loss":0.0,"damage_taken":0.0}],"is_beta":false,"boss_relics":[{"not_picked":["Astrolabe","Snecko Eye"],"picked":"Fusion Hammer"}],"items_purged_floors":[13,20],"is_endless":false,"potions_floor_spawned":[1,3,14,16,18],"killed_by":"Slavers","ascension_level":8}}