{"host":"v9ordiuf4xzdpttp","time":1611954498,"event":{"mods":["AchievementEnabler","Act Like it!","BaseMod","Better Third Choice","Better Vampires","BetterRewards","Colored Map","Gold Saver","Infinite Spire","Marked Mod","Minty Spire (QoL Compilation)","Remove Card Discount Mod","Shop Mod","Spicy Shops","StSLib"],"gold_per_floor":[114,167,11,11,26,26,56,44,44,44,44,44,44,59,59,159,159,159,36,36,36],"floor_reached":20,"language":"ENG","playtime":1420,"items_purged":["Venomology","Wraith Form v2","Bullet Time","Tools of the Trade","Doppelganger","Night Terror","Malaise","Grand Finale","Unload"],"score":166,"play_id":"492831f8-a4b0-4cd6-a427-c932eaa5e62b","local_time":"20210129160818","daily_mods":["Shiny","ControlledChaos","Lethality"],"is_ascension_mode":false,"campfire_choices":[{"floor":6,"key":"REST"},{"floor":10,"key":"REST"},{"floor":12,"key":"REST"},{"data":"Envenom","floor":15,"key":"SMITH"},{"data":"Phantasmal Killer","floor":18,"key":"SMITH"}],"circlet_count":0,"master_deck":["Corpse Explosion","Phantasmal Killer+1","Die Die Die","Adrenaline","Envenom+1","Burst","After Image","Storm of Steel","Glass Knife","A Thousand Cuts","Noxious Fumes","Neutralize","Envenom","Infinite Blades","Slice","Glass Knife","CurseOfTheBell","Bane"],"relics":["Ring of the Snake","Frozen Eye","MerchantsRug","Akabeko","Nunchaku","Meat on the Bone","Calling Bell","Oddly Smooth Stone","Darkstone Periapt","Du-Vu Doll","Juzu Bracelet"],"acts_visited":["TheEnding"],"potions_floor_usage":[7,16],"damage_taken":[{"damage":14.0,"enemies":"Jaw Worm","floor":1.0,"turns":3.0},{"damage":10,"enemies":"Small Slimes","floor":5,"turns":2},{"damage":44,"enemies":"Gremlin Nob","floor":7,"turns":6},{"damage":0,"enemies":"Cultist","floor":14,"turns":2},{"damage":74,"enemies":"Hexaghost","floor":16,"turns":6},{"damage":77,"enemies":"Shield and Spear","floor":20,"turns":2}],"seed_played":"1138922244981197753","potions_obtained":[{"floor":1,"key":"Poison Potion"},{"floor":7,"key":"Regen Potion"}],"is_trial":false,"path_per_floor":["M","?","$","?","M","R","E","$","T","R","T","R","?","M","R","B",null,"R","$","E"],"character_chosen":"THE_SILENT","items_purchased":["MerchantsRug","Bane","Juzu Bracelet"],"campfire_rested":3,"item_purchase_floors":[3,19,19],"current_hp_per_floor":[56,56,56,56,46,67,23,23,23,44,44,65,70,70,70,20,75,75,75,0,0],"gold":36,"neow_bonus":"","is_daily":true,"chose_seed":false,"campfire_upgraded":2,"win_rate":0.0,"timestamp":1611954498,"path_taken":["M","?","$","?","?","R","E","?","T","R","?","R","?","M","R","BOSS","R","$","E"],"items_purchased_type":["Relic","Card","Relic"],"build_version":"2020-12-22","purchased_purges":9,"victory":false,"max_hp_per_floor":[70,70,70,70,70,70,70,70,70,70,70,70,75,75,75,75,75,75,75,75,75],"card_choices":[{"not_picked":["Deadly Poison","Caltrops"],"picked":"Noxious Fumes","floor":1},{"not_picked":["Dodge and Roll","Endless Agony"],"picked":"Infinite Blades","floor":5},{"not_picked":["Bane","Deadly Poison","Crippling Poison"],"picked":"SKIP","floor":7},{"not_picked":["Acrobatics","Calculated Gamble"],"picked":"Slice","floor":14},{"not_picked":["Night Terror","Die Die Die"],"picked":"Glass Knife","floor":16}],"player_experience":222671,"relics_obtained":[{"floor":7,"key":"Akabeko"},{"floor":9,"key":"Nunchaku"},{"floor":11,"key":"Meat on the Bone"},{"floor":17,"key":"Oddly Smooth Stone"},{"floor":17,"key":"Darkstone Periapt"},{"floor":17,"key":"Du-Vu Doll"}],"event_choices":[{"damage_healed":0,"gold_gain":53,"player_choice":"Gained Gold","damage_taken":0,"max_hp_gain":0,"max_hp_loss":0,"event_name":"Golden Wing","floor":2,"gold_loss":0},{"damage_healed":0,"gold_gain":0,"player_choice":"2 cards matched","damage_taken":0,"max_hp_gain":0,"max_hp_loss":0,"event_name":"Match and Keep!","floor":4,"gold_loss":0,"cards_obtained":["Neutralize","Envenom"]},{"damage_healed":0,"gold_gain":0,"player_choice":"Donut","damage_taken":0,"max_hp_gain":5,"max_hp_loss":0,"event_name":"Big Fish","floor":13,"gold_loss":0}],"is_beta":false,"boss_relics":[{"not_picked":["Ring of the Serpent","WristBlade"],"picked":"Calling Bell"}],"items_purged_floors":[3,3,3,8,8,8,8,8,8],"is_endless":false,"potions_floor_spawned":[1,7],"killed_by":"Shield and Spear","ascension_level":0}}