{"host":"rvofswtrkybk7ok8","time":1611931122,"event":{"mods":["ATMod(°¢èªMod)","BaseMod","Card Filter","Colored Map","Downfall","Minty Spire (QoL Compilation)","Quick Restart","StSLib"],"gold_per_floor":[99,111,111,128,145,145,145,176,196,371,371,99,99,130,142,245,245,245,256,269,153,153,170,170,170,170,200,300,312,112,132,147,243,243,243,263,279,26,36,36,109,109,109,275,302,346,246,301,395,420,420,471,85,85,210,235],"floor_reached":57,"language":"ZHS","playtime":3245,"items_purged":["bronze:Strike","bronze:Strike","bronze:Strike","bronze:Defend"],"score":1387,"play_id":"a0e0afb3-75c7-427b-b051-5ff84f359822","local_time":"20210129223842","is_ascension_mode":false,"campfire_choices":[{"data":"AT_MachinaRedman","floor":1.0,"key":"SMITH"},{"floor":6.0,"key":"RECALL"},{"data":"bronze:Repulsor","floor":13.0,"key":"SMITH"},{"data":"bronze:SpaghettiCode","floor":18.0,"key":"SMITH"},{"data":"bronze:GetLatest","floor":30.0,"key":"SMITH"},{"data":"bronze:MaxOutput","floor":35,"key":"SMITH"},{"data":"bronze:Optimize","floor":42,"key":"SMITH"},{"data":"bronze:DelayedSlice","floor":47,"key":"SMITH"},{"floor":54,"key":"REST"}],"circlet_count":0,"master_deck":["bronze:Strike","bronze:Defend","bronze:Replicate","AT_MachinaRedman+1","bronze:Branch","bronze:Philosophize","bronze:DelayedSlice+1","bronze:Overheat+1","bronze:WhirlingStrike+1","bronze:Repulsor+1","bronze:BronzeOrb+1","bronze:WildBeam+1","bronze:SpaghettiCode+1","bronze:GetLatest+1","bronze:FollowUp+1","bronze:DelayedSlice+1","bronze:ItsAFeature","bronze:Flail+1","J.A.X.","bronze:ChildClass","bronze:ChildClass","bronze:BugBarrage+1","bronze:Optimize+1","bronze:MaxOutput+1","bronze:BurnOut+1","bronze:ClassDefault+1","bronze:SpaghettiCode+1","bronze:BronzeOrb+1","bronze:Shield+1","bronze:MaxOutput+1","bronze:BuggyMess+1","bronze:ForceShield+1"],"relics":["bronze:BronzeCore","AT_ATBox","Toy Ornithopter","Molten Egg 2","Bag of Preparation","bronze:SilverBullet","StoneCalendar","AT_TrinityForce","OrangePellets","AT_RedTearstoneRing","Pantograph","Bronze Scales","Omamori","MutagenicStrength","downfall:HeartBlessingRed","downfall:HeartBlessingGreen","Calling Bell","Happy Flower","Toxic Egg 2","WingedGreaves","Gremlin Horn","AT_RedNoBalance","Ornamental Fan","AT_MibuBalloonWealth","Chemical X","downfall:HeartBlessingBlue","Bottled Tornado","Pen Nib","Boot"],"acts_visited":["Exordium","TheCity","TheBeyond","TheEnding"],"potions_floor_usage":[33,55,56,56,56],"damage_taken":[{"damage":0.0,"enemies":"Small Slimes","floor":2.0,"turns":2.0},{"damage":0.0,"enemies":"Jaw Worm","floor":4.0,"turns":1.0},{"damage":0.0,"enemies":"2 Louse","floor":5.0,"turns":2.0},{"damage":28.0,"enemies":"Gremlin Nob","floor":8.0,"turns":5.0},{"damage":8.0,"enemies":"3 Louse","floor":9.0,"turns":2.0},{"damage":2.0,"enemies":"downfall:FleeingMerchant","floor":12.0,"turns":4.0},{"damage":13.0,"enemies":"3 Sentries","floor":14.0,"turns":4.0},{"damage":0.0,"enemies":"2 Fungi Beasts","floor":15.0,"turns":1.0},{"damage":12.0,"enemies":"IC_STATUS_ARCHETYPE","floor":16.0,"turns":4.0},{"damage":0.0,"enemies":"3 Byrds","floor":19.0,"turns":2.0},{"damage":27.0,"enemies":"Snake Plant","floor":20.0,"turns":3.0},{"damage":0.0,"enemies":"downfall:FleeingMerchant","floor":21.0,"turns":3.0},{"damage":0.0,"enemies":"Cultist and Chosen","floor":23.0,"turns":2.0},{"damage":8.0,"enemies":"Gremlin Leader","floor":27.0,"turns":3.0},{"damage":16.0,"enemies":"downfall:Augmenter","floor":28.0,"turns":3.0},{"damage":3.0,"enemies":"Shelled Parasite and Fungi","floor":29.0,"turns":1.0},{"damage":0.0,"enemies":"Snecko","floor":31.0,"turns":1.0},{"damage":0.0,"enemies":"3 Cultists","floor":32.0,"turns":1.0},{"damage":3,"enemies":"SI_MIRROR_ARCHETYPE","floor":33,"turns":2},{"damage":0,"enemies":"3 Darklings","floor":36,"turns":1},{"damage":0,"enemies":"Orb Walker","floor":37,"turns":1},{"damage":0,"enemies":"Jaw Worm Horde","floor":39,"turns":1},{"damage":3,"enemies":"Spire Growth","floor":46,"turns":2},{"damage":13,"enemies":"Nemesis","floor":48,"turns":3},{"damage":3,"enemies":"Sphere and 2 Shapes","floor":49,"turns":1},{"damage":48,"enemies":"DF_ARCHETYPE_ORBS","floor":50,"turns":4},{"damage":0,"enemies":"downfall:CharBossMerchant","floor":52,"turns":2},{"damage":9,"enemies":"downfall:NeowBoss","floor":55,"turns":5},{"damage":7,"enemies":"downfall:NeowBossFinal","floor":56,"turns":4}],"seed_played":"5145616712755860875","potions_obtained":[{"floor":5.0,"key":"SpeedPotion"},{"floor":8.0,"key":"CultistPotion"},{"floor":9.0,"key":"Strength Potion"},{"floor":16.0,"key":"Fire Potion"},{"floor":19.0,"key":"FearPotion"},{"floor":28.0,"key":"Guardian:BlockOnCardUsePotion"},{"floor":36,"key":"EntropicBrew"},{"floor":39,"key":"AttackPotion"}],"is_trial":false,"path_per_floor":["R","M","?","M","M","R","T","E","M","?","?","$","R","E","M","B",null,"R","M","M","$","?","M","T","?","?","E","?","M","R","M","M","B",null,"R","M","M","$","M","?","T","R","?","$","T","M","R","E","M","B",null,"E","$","R","B","B",null],"character_chosen":"THE_AUTOMATON","items_purchased":["bronze:SilverBullet","bronze:Repulsor","OrangePellets","AT_RedTearstoneRing","bronze:ItsAFeature","Gremlin Horn","Ornamental Fan","AT_MibuBalloonWealth","Chemical X","bronze:SpaghettiCode+1","bronze:BuggyMess+1","Boot","bronze:ForceShield+1"],"campfire_rested":1,"item_purchase_floors":[12,12,21,21,21,38,44,44,44,44,53,53,53],"current_hp_per_floor":[77,77,70,70,70,70,70,42,34,34,34,32,32,19,19,12,77,77,77,50,55,55,55,55,41,41,33,17,14,14,14,14,41,82,82,82,82,82,82,82,82,82,82,82,82,38,48,33,43,23,92,46,46,73,83,88],"gold":235,"neow_bonus":"TEN_PERCENT_HP_BONUS","is_daily":false,"chose_seed":false,"campfire_upgraded":7,"win_rate":0.0,"timestamp":1611931122,"path_taken":["R","M","?","M","M","R","T","E","M","?","?","$","R","E","M","BOSS","R","M","M","$","?","M","T","?","?","E","?","M","R","M","M","BOSS","R","M","M","$","M","?","T","R","?","$","?","M","R","E","M","BOSS","E","$","R","BOSS","BOSS"],"items_purchased_type":["Relic","Card","Relic","Relic","Card","Relic","Relic","Relic","Relic","Card","Card","Relic","Card"],"build_version":"2020-12-22","purchased_purges":4,"victory":true,"max_hp_per_floor":[77,77,77,77,77,77,77,77,77,77,77,77,77,77,77,77,77,77,77,77,77,77,77,77,82,82,82,82,82,82,82,82,82,82,82,82,82,82,82,82,82,82,82,82,82,82,92,92,92,92,92,92,92,92,92,92],"card_choices":[{"not_picked":["bronze:BuggyMess","bronze:Deprecate"],"picked":"bronze:Branch","floor":2.0},{"not_picked":["bronze:DarkDash","bronze:Invalidate"],"picked":"bronze:Philosophize","floor":4.0},{"not_picked":["bronze:CutThrough","bronze:Return"],"picked":"bronze:DelayedSlice","floor":5.0},{"not_picked":["bronze:Philosophize","bronze:Iterate+1"],"picked":"bronze:Overheat+1","floor":8.0},{"not_picked":["bronze:CutThrough+1","bronze:DarkDash+1","bronze:Return"],"picked":"SKIP","floor":9.0},{"not_picked":["bronze:FineTuning","bronze:BuggyMess"],"picked":"bronze:WhirlingStrike+1","floor":12.0},{"not_picked":["bronze:Turbo","bronze:ThunderWave+1"],"picked":"bronze:BronzeOrb+1","floor":14.0},{"not_picked":["bronze:Overheat+1","bronze:Iterate+1"],"picked":"bronze:WildBeam+1","floor":15.0},{"not_picked":["bronze:Virus+1","bronze:ShipIt+1"],"picked":"bronze:SpaghettiCode","floor":16.0},{"not_picked":["bronze:OilSpill+1","bronze:BugBarrage+1"],"picked":"bronze:GetLatest","floor":19.0},{"not_picked":["bronze:CutThrough+1","bronze:FineTuning+1"],"picked":"bronze:FollowUp+1","floor":20.0},{"not_picked":["bronze:Break+1","bronze:Frontload"],"picked":"bronze:DelayedSlice+1","floor":21.0},{"not_picked":["bronze:NullPointer+1","bronze:BuggyMess","bronze:DelayedSlice+1"],"picked":"SKIP","floor":23.0},{"not_picked":["bronze:Overload","bronze:Repair"],"picked":"bronze:Flail+1","floor":27.0},{"not_picked":[],"picked":"J.A.X.","floor":28.0},{"not_picked":["bronze:DigitalCarnage+1","bronze:Frontload"],"picked":"bronze:ChildClass","floor":28.0},{"not_picked":["bronze:Return","bronze:BuggyMess","bronze:WhirlingStrike+1"],"picked":"SKIP","floor":29.0},{"not_picked":["bronze:Boost","bronze:Philosophize"],"picked":"bronze:Optimize","floor":31.0},{"not_picked":["bronze:DelayedSlice+1","bronze:CutThrough+1"],"picked":"bronze:MaxOutput","floor":32.0},{"not_picked":["bronze:ShipIt+1","bronze:CleanCode"],"picked":"bronze:BurnOut+1","floor":33},{"not_picked":["bronze:BitShift+1","bronze:BronzeArmor+1","bronze:NullPointer+1"],"picked":"SKIP","floor":36},{"not_picked":["bronze:BronzeArmor+1","bronze:Overheat+1"],"picked":"bronze:ClassDefault+1","floor":37},{"not_picked":["bronze:Branch+1","bronze:Iterate+1","bronze:Overheat+1"],"picked":"SKIP","floor":39},{"not_picked":["bronze:WildBeam+1","bronze:CloningBeam+1"],"picked":"bronze:BronzeOrb+1","floor":46},{"not_picked":["bronze:Philosophize+1","bronze:FineTuning+1"],"picked":"bronze:Shield+1","floor":48},{"not_picked":["bronze:Break+1","bronze:Branch+1","bronze:Fortify+1"],"picked":"SKIP","floor":49},{"not_picked":["bronze:DelayedSlice+1","bronze:Virus+1"],"picked":"bronze:MaxOutput+1","floor":52}],"player_experience":731136,"relics_obtained":[{"floor":7.0,"key":"Molten Egg 2"},{"floor":8.0,"key":"Bag of Preparation"},{"floor":14.0,"key":"StoneCalendar"},{"floor":24.0,"key":"Pantograph"},{"floor":27.0,"key":"Omamori"},{"floor":28.0,"key":"MutagenicStrength"},{"floor":34,"key":"Happy Flower"},{"floor":34,"key":"Toxic Egg 2"},{"floor":34,"key":"WingedGreaves"},{"floor":41,"key":"AT_SilverBalance"},{"floor":48,"key":"Bottled Tornado"},{"floor":52,"key":"Pen Nib"}],"event_choices":[{"damage_healed":0.0,"max_hp_gain":0.0,"max_hp_loss":0.0,"gold_gain":0.0,"event_name":"Scrap Ooze","player_choice":"Success","floor":3.0,"gold_loss":0.0,"damage_taken":7.0,"relics_obtained":["Toy Ornithopter"]},{"cards_removed":["Doubt"],"damage_healed":0.0,"max_hp_gain":0.0,"max_hp_loss":0.0,"gold_gain":0.0,"event_name":"Living Wall","player_choice":"Forget","floor":11.0,"gold_loss":0.0,"damage_taken":0.0},{"cards_removed":["bronze:Goto"],"damage_healed":0,"gold_gain":0,"player_choice":"Removed Skill","damage_taken":0,"max_hp_gain":0,"max_hp_loss":0,"event_name":"Falling","floor":43,"gold_loss":0}],"is_beta":false,"boss_relics":[{"not_picked":["Cursed Key","Busted Crown"],"picked":"AT_TrinityForce"},{"not_picked":["bronze:MakeshiftBattery","bronze:PlatinumCore"],"picked":"Calling Bell"}],"items_purged_floors":[12,21,44,53],"is_endless":false,"potions_floor_spawned":[5,8,9,15,16,19,28,31,32,36,39,46,52],"ascension_level":0}}