{"host":"fwes8e3a36usabj9","time":1611891099,"event":{"mods":["BaseMod","Colored Map","Colored Powertips","Minty Spire (QoL Compilation)"],"gold_per_floor":[115,126,138,153,165,165,176,28,28,61,61,77,24,36,36,36,36],"floor_reached":16,"language":"ENG","playtime":2456,"items_purged":[],"score":138,"play_id":"b84c0127-9e27-4290-9b51-eb2f99c44f45","local_time":"20210128193139","is_ascension_mode":true,"campfire_choices":[{"data":"Acrobatics","floor":6,"key":"SMITH"},{"floor":11,"key":"REST"},{"data":"Glass Knife","floor":15,"key":"SMITH"}],"circlet_count":0,"master_deck":["Strike_G","Strike_G","Strike_G","Strike_G","Strike_G","Defend_G","Defend_G","Defend_G","Defend_G","Defend_G","Survivor","Neutralize","Parasite","Tactician","Acrobatics+1","Outmaneuver","Concentrate","Acrobatics","Outmaneuver","Glass Knife+1","Expertise","Prepared","Dagger Throw","Backflip"],"relics":["Ring of the Snake","Tough Bandages","Blue Candle","Potion Belt"],"acts_visited":["Exordium"],"potions_floor_usage":[4,10,16,16],"damage_taken":[{"damage":0,"enemies":"Jaw Worm","floor":1,"turns":6},{"damage":0,"enemies":"2 Louse","floor":2,"turns":4},{"damage":0,"enemies":"Cultist","floor":3,"turns":4},{"damage":0,"enemies":"2 Fungi Beasts","floor":4,"turns":5},{"damage":3,"enemies":"Blue Slaver","floor":5,"turns":6},{"damage":0,"enemies":"Looter","floor":7,"turns":4},{"damage":25,"enemies":"3 Sentries","floor":10,"turns":12},{"damage":8,"enemies":"Red Slaver","floor":12,"turns":4},{"damage":4,"enemies":"Gremlin Gang","floor":14,"turns":8},{"damage":51,"enemies":"The Guardian","floor":16,"turns":22}],"seed_played":"569174928681510494","potions_obtained":[{"floor":1,"key":"SteroidPotion"},{"floor":3,"key":"Block Potion"},{"floor":5,"key":"Poison Potion"},{"floor":12,"key":"Energy Potion"}],"is_trial":false,"path_per_floor":["M","M","M","M","M","R","M","$","T","E","R","M","$","M","R","B"],"character_chosen":"THE_SILENT","items_purchased":["Glass Knife","Dagger Throw"],"campfire_rested":1,"item_purchase_floors":[8,13],"current_hp_per_floor":[63,63,63,63,60,60,60,60,60,35,56,48,48,44,44,0,0],"gold":36,"neow_bonus":"ONE_RARE_RELIC","is_daily":false,"chose_seed":false,"campfire_upgraded":2,"win_rate":0.0,"timestamp":1611891099,"path_taken":["M","M","M","M","M","R","M","$","T","E","R","M","$","M","R","BOSS"],"items_purchased_type":["Card","Card"],"build_version":"2020-12-22","purchased_purges":0,"victory":false,"max_hp_per_floor":[70,70,70,70,70,70,70,70,70,70,70,70,70,70,70,70,70],"card_choices":[{"not_picked":["Bouncing Flask","Escape Plan"],"picked":"Tactician","floor":1},{"not_picked":["Cloak And Dagger","Distraction"],"picked":"Acrobatics","floor":2},{"not_picked":["Blade Dance","Poisoned Stab"],"picked":"Outmaneuver","floor":3},{"not_picked":["Dagger Spray","Caltrops"],"picked":"Concentrate","floor":4},{"not_picked":["Flying Knee","Deadly Poison"],"picked":"Acrobatics","floor":5},{"not_picked":["Choke","Deflect"],"picked":"Outmaneuver","floor":7},{"not_picked":["Infinite Blades","Distraction"],"picked":"Expertise","floor":10},{"not_picked":["Acrobatics","Poisoned Stab"],"picked":"Prepared","floor":12},{"not_picked":["Backstab","Blade Dance"],"picked":"Backflip","floor":14}],"player_experience":702544,"relics_obtained":[{"floor":9,"key":"Blue Candle"},{"floor":10,"key":"Potion Belt"}],"event_choices":[],"is_beta":false,"boss_relics":[],"items_purged_floors":[],"is_endless":false,"potions_floor_spawned":[1,3,5,12],"killed_by":"The Guardian","ascension_level":6}}