{"host":"q9sqrn60n8lvmavn","time":1611940181,"event":{"mods":["AchievementEnabler","AlwaysNeverKeys","BaseMod","Better Third Choice","Better Vampires","Block Reminder","Colored Powertips","Curses Come First","DNKmod","Friendly Minions","Minty Spire (QoL Compilation)","Permanent Neow","Relic Filter Mod","StSLib","Weighted Paths"],"gold_per_floor":[1019,1039,1054,1054,1054,1054,1089,1102,1102,1052,729,760,776,807,807,906,906,922,938,948,545,455,455,488,498,523,523,542,553,553,581,593,710,722,746,772,800,828,840,877,889,926,962,992,1004,1016,1060,436,436,436,436,436,34,68,68],"floor_reached":56,"language":"ENG","playtime":2316,"items_purged":["Strike_R","Defend_R","Defend_R"],"score":1715,"play_id":"e1abc132-02f7-4ac5-8384-dedc9eef9ed0","local_time":"20210129090941","is_ascension_mode":true,"campfire_choices":[{"data":"Inflame","floor":6,"key":"SMITH"},{"data":"True Grit","floor":15,"key":"SMITH"},{"data":"Armaments","floor":23,"key":"SMITH"},{"data":"Heavy Blade","floor":27,"key":"SMITH"},{"data":"Pommel Strike","floor":30,"key":"SMITH"},{"data":"Inflame","floor":32,"key":"SMITH"},{"data":"Iron Wave","floor":41,"key":"SMITH"},{"data":"Iron Wave","floor":46,"key":"SMITH"},{"data":"Seeing Red","floor":49,"key":"SMITH"},{"data":"Disarm","floor":52,"key":"SMITH"}],"circlet_count":0,"master_deck":["Defend_R","Bash","Disarm+1","Headbutt","Twin Strike","Inflame+1","Inflame+1","True Grit+1","Iron Wave+1","Iron Wave+1","Pommel Strike+1","Demon Form+1","Heavy Blade+1","Armaments+1","Shrug It Off","Battle Trance+1","Seeing Red+1"],"relics":["Burning Blood","PreservedInsect","Meat on the Bone","Singing Bowl","Charon\u0027s Ashes","Ice Cream","Philosopher\u0027s Stone","ClockworkSouvenir","Bag of Preparation","Regal Pillow","Juzu Bracelet","MawBank","Velvet Choker","Pantograph","Boot","Mercury Hourglass","Orichalcum","MealTicket","Omamori","Blood Vial","OrangePellets","Lantern","Bottled Lightning","Calipers"],"acts_visited":["Exordium","TheCity","TheBeyond","TheEnding"],"potions_floor_usage":[7,16,16,24,25,50,50,50,55],"damage_taken":[{"damage":0,"enemies":"2 Louse","floor":1,"turns":4},{"damage":10,"enemies":"Jaw Worm","floor":2,"turns":3},{"damage":0,"enemies":"Cultist","floor":3,"turns":2},{"damage":5,"enemies":"Gremlin Nob","floor":7,"turns":3},{"damage":1,"enemies":"Looter","floor":8,"turns":2},{"damage":13,"enemies":"3 Sentries","floor":12,"turns":7},{"damage":2,"enemies":"Red Slaver","floor":13,"turns":2},{"damage":13,"enemies":"Lagavulin","floor":14,"turns":4},{"damage":0,"enemies":"Hexaghost","floor":16,"turns":6},{"damage":15,"enemies":"Spheric Guardian","floor":18,"turns":4},{"damage":32,"enemies":"2 Thieves","floor":19,"turns":3},{"damage":16,"enemies":"Shelled Parasite and Fungi","floor":20,"turns":4},{"damage":10,"enemies":"Slavers","floor":24,"turns":4},{"damage":7,"enemies":"Snake Plant","floor":25,"turns":4},{"damage":8,"enemies":"Snecko","floor":28,"turns":3},{"damage":2,"enemies":"3 Cultists","floor":29,"turns":4},{"damage":0,"enemies":"Gremlin Leader","floor":31,"turns":4},{"damage":39,"enemies":"Collector","floor":33,"turns":6},{"damage":11,"enemies":"3 Darklings","floor":35,"turns":4},{"damage":0,"enemies":"3 Shapes","floor":36,"turns":3},{"damage":7,"enemies":"Jaw Worm Horde","floor":37,"turns":4},{"damage":11,"enemies":"Transient","floor":38,"turns":5},{"damage":46,"enemies":"Reptomancer","floor":40,"turns":3},{"damage":1,"enemies":"Nemesis","floor":42,"turns":3},{"damage":2,"enemies":"Spire Growth","floor":44,"turns":4},{"damage":48,"enemies":"Reptomancer","floor":47,"turns":4},{"damage":45,"enemies":"Time Eater","floor":50,"turns":5},{"damage":65,"enemies":"Shield and Spear","floor":54,"turns":4},{"damage":81,"enemies":"The Heart","floor":55,"turns":6}],"seed_played":"-6434649046073894792","potions_obtained":[{"floor":2,"key":"DistilledChaos"},{"floor":12,"key":"EssenceOfSteel"},{"floor":13,"key":"Dexterity Potion"},{"floor":18,"key":"SkillPotion"},{"floor":24,"key":"Weak Potion"},{"floor":31,"key":"SmokeBomb"},{"floor":36,"key":"BloodPotion"},{"floor":38,"key":"PowerPotion"},{"floor":40,"key":"PowerPotion"},{"floor":54,"key":"Block Potion"}],"is_trial":false,"path_per_floor":["M","M","M","?","?","R","E","M","T","?","$","E","M","E","R","B",null,"M","M","M","$","?","R","E","M","T","R","M","M","R","E","R","B",null,"M","M","M","M","?","E","R","E","T","M","?","R","E","$","R","B",null,"R","$","E","B",null],"character_chosen":"IRONCLAD","items_purchased":["Singing Bowl","ClockworkSouvenir","Bag of Preparation","Omamori","Seeing Red","Blood Vial","OrangePellets","Lantern","Bottled Lightning"],"campfire_rested":0,"item_purchase_floors":[11,21,21,48,48,48,48,53,53],"current_hp_per_floor":[100,96,100,93,93,93,94,99,99,99,99,92,96,89,89,95,99,90,66,68,68,68,68,66,67,67,67,67,73,73,81,81,62,101,96,104,105,100,100,74,74,81,81,87,87,87,59,74,74,86,112,112,120,75,39],"gold":68,"neow_bonus":"TRANSFORM_CARD","is_daily":false,"chose_seed":false,"campfire_upgraded":10,"win_rate":0.0,"timestamp":1611940181,"path_taken":["M","M","M","?","?","R","E","M","T","?","$","E","M","E","R","BOSS","M","M","M","$","?","R","E","?","T","R","M","M","R","E","R","BOSS","M","M","M","M","?","E","R","E","T","M","?","R","E","$","R","BOSS","R","$","E","BOSS"],"items_purchased_type":["Relic","Relic","Relic","Relic","Card","Relic","Relic","Relic","Relic"],"build_version":"2020-12-22","purchased_purges":3,"victory":true,"max_hp_per_floor":[100,100,100,100,100,100,100,100,100,100,100,100,100,100,100,100,100,100,102,102,102,102,102,104,106,106,106,108,110,110,112,112,114,114,114,116,118,118,118,120,120,122,122,124,118,118,120,120,120,120,120,120,120,122,122],"card_choices":[{"not_picked":["Thunderclap","Evolve"],"picked":"Headbutt","floor":1},{"not_picked":["Flex","Barricade"],"picked":"Twin Strike","floor":2},{"not_picked":["Iron Wave","Rupture"],"picked":"Inflame","floor":3},{"not_picked":["Wild Strike","Metallicize"],"picked":"Inflame","floor":7},{"not_picked":["Shrug It Off","Flex"],"picked":"True Grit","floor":8},{"not_picked":["Uppercut","Carnage"],"picked":"Iron Wave","floor":12},{"not_picked":["Flex","Power Through"],"picked":"Iron Wave","floor":13},{"not_picked":["Dark Embrace","Warcry"],"picked":"Pommel Strike","floor":14},{"not_picked":["Barricade","Immolate"],"picked":"Demon Form","floor":16},{"not_picked":["Iron Wave","Flex"],"picked":"Heavy Blade","floor":18},{"not_picked":["Clothesline","True Grit+1","Anger+1"],"picked":"Singing Bowl","floor":19},{"not_picked":["Cleave","Headbutt"],"picked":"Armaments","floor":20},{"not_picked":["Flex","True Grit","Anger"],"picked":"Singing Bowl","floor":24},{"not_picked":["Heavy Blade","Inflame","True Grit"],"picked":"Singing Bowl","floor":25},{"not_picked":["Ghostly Armor","Flex+1","Disarm"],"picked":"Singing Bowl","floor":28},{"not_picked":["Flex","Rage","Heavy Blade"],"picked":"Singing Bowl","floor":29},{"not_picked":["Demon Form","Rage","Evolve"],"picked":"Singing Bowl","floor":31},{"not_picked":["Brutality","Demon Form","Reaper"],"picked":"Singing Bowl","floor":33},{"not_picked":["Armaments","Bloodletting"],"picked":"Shrug It Off","floor":35},{"not_picked":["Feel No Pain","Heavy Blade+1","Sword Boomerang+1"],"picked":"Singing Bowl","floor":36},{"not_picked":["Heavy Blade","Warcry+1","Body Slam+1"],"picked":"Singing Bowl","floor":37},{"not_picked":["Armaments+1","Clothesline+1"],"picked":"Battle Trance+1","floor":38},{"not_picked":["Ghostly Armor+1","Reaper","Shrug It Off+1"],"picked":"Singing Bowl","floor":40},{"not_picked":["Dual Wield+1","Power Through","Perfected Strike"],"picked":"Singing Bowl","floor":42},{"not_picked":["Headbutt","Inflame","Perfected Strike+1"],"picked":"Singing Bowl","floor":44},{"not_picked":["Sword Boomerang","Havoc+1","Inflame"],"picked":"Singing Bowl","floor":47},{"not_picked":["Anger","Bludgeon","Armaments+1"],"picked":"Singing Bowl","floor":54}],"player_experience":172041,"relics_obtained":[{"floor":7,"key":"PreservedInsect"},{"floor":9,"key":"Meat on the Bone"},{"floor":12,"key":"Charon\u0027s Ashes"},{"floor":14,"key":"Ice Cream"},{"floor":24,"key":"Regal Pillow"},{"floor":26,"key":"Juzu Bracelet"},{"floor":31,"key":"MawBank"},{"floor":39,"key":"Pantograph"},{"floor":40,"key":"Boot"},{"floor":42,"key":"Mercury Hourglass"},{"floor":43,"key":"Orichalcum"},{"floor":47,"key":"MealTicket"},{"floor":54,"key":"Calipers"}],"event_choices":[{"cards_removed":["Strike_R"],"damage_healed":0,"gold_gain":0,"player_choice":"Card Removal","damage_taken":7,"max_hp_gain":0,"max_hp_loss":0,"event_name":"Golden Wing","floor":4,"gold_loss":0},{"cards_removed":["Strike_R"],"damage_healed":0,"gold_gain":0,"player_choice":"Forget","damage_taken":0,"max_hp_gain":0,"max_hp_loss":0,"event_name":"Living Wall","floor":5,"gold_loss":0},{"cards_removed":["Strike_R"],"damage_healed":0,"gold_gain":0,"player_choice":"Card Removal","damage_taken":0,"max_hp_gain":0,"max_hp_loss":0,"event_name":"The Cleric","floor":10,"gold_loss":50},{"cards_removed":["Defend_R"],"damage_healed":0,"gold_gain":0,"player_choice":"Upgrade and Remove","damage_taken":0,"max_hp_gain":0,"max_hp_loss":0,"event_name":"Designer","floor":22,"gold_loss":90,"cards_upgraded":["Demon Form"]},{"damage_healed":0,"gold_gain":0,"player_choice":"Relic","damage_taken":0,"max_hp_gain":0,"max_hp_loss":0,"event_name":"Wheel of Change","floor":39,"gold_loss":0},{"damage_healed":0,"gold_gain":0,"player_choice":"Max HP","damage_taken":0,"max_hp_gain":0,"max_hp_loss":6,"event_name":"Winding Halls","floor":45,"gold_loss":0}],"is_beta":false,"boss_relics":[{"not_picked":["Busted Crown","Black Blood"],"picked":"Philosopher\u0027s Stone"},{"not_picked":["SlaversCollar","Mark of Pain"],"picked":"Velvet Choker"}],"items_purged_floors":[11,21,48],"is_endless":false,"potions_floor_spawned":[2,12,13,18,24,31,36,38,40,44,47,54],"ascension_level":5}}