{"host":"l5zfpd2l2htson6l","time":1611952012,"event":{"mods":["AchievementEnabler","BaseMod","Colored Map","Colored Powertips","Minty Spire (QoL Compilation)","Permanent Neow","Quick Restart","Rare Cards Sparkle","Relic Stats","SuperFastMode"],"gold_per_floor":[112,126,146,146,111,138,138,166,166,166,194,213,233,233,233,310,310,330,345,27,27,39,39,65,65,65,65,100,100,100,110,110,194,194,214,214,224,508,535,575,68,87,111,131,155,166,166,166],"floor_reached":47,"language":"ENG","playtime":3045,"items_purged":["Strike_R","Strike_R"],"score":944,"play_id":"e69b18bb-e5bd-45c7-822c-ec724ee32ac7","local_time":"20210129122652","is_ascension_mode":true,"campfire_choices":[{"data":"Armaments","floor":7.0,"key":"SMITH"},{"data":"Bludgeon","floor":10.0,"key":"SMITH"},{"floor":15.0,"key":"REST"},{"floor":23.0,"key":"REST"},{"data":"Immolate","floor":27.0,"key":"SMITH"},{"data":"Shockwave","floor":29.0,"key":"SMITH"},{"floor":32.0,"key":"REST"}],"circlet_count":0,"master_deck":["AscendersBane","Defend_R","Defend_R","Defend_R","Defend_R","Bash","Bludgeon+1","Armaments+1","Wild Strike","Shockwave+1","Seeing Red+1","Spot Weakness","Ghostly Armor","Feed","Ghostly Armor","Inflame+1","RitualDagger","Flame Barrier+1","Immolate+1","Rampage","Carnage","Demon Form","Offering","True Grit+1","Regret","Havoc+1","Rupture","Disarm","Power Through","Shrug It Off"],"relics":["Burning Blood","Darkstone Periapt","Turnip","CaptainsWheel","Torii","Velvet Choker","Question Card","Mercury Hourglass","CeramicFish","Blood Vial","Snecko Eye","Gremlin Horn","Lantern","ClockworkSouvenir","Strawberry"],"acts_visited":["Exordium","TheCity","TheBeyond"],"potions_floor_usage":[47,47],"damage_taken":[{"damage":5.0,"enemies":"Cultist","floor":1.0,"turns":5.0},{"damage":8.0,"enemies":"Small Slimes","floor":2.0,"turns":3.0},{"damage":8.0,"enemies":"2 Louse","floor":3.0,"turns":3.0},{"damage":20.0,"enemies":"3 Sentries","floor":6.0,"turns":10.0},{"damage":25.0,"enemies":"Lagavulin","floor":8.0,"turns":5.0},{"damage":25.0,"enemies":"3 Sentries","floor":11.0,"turns":7.0},{"damage":1.0,"enemies":"Looter","floor":12.0,"turns":2.0},{"damage":8.0,"enemies":"Blue Slaver","floor":13.0,"turns":3.0},{"damage":35.0,"enemies":"The Guardian","floor":16.0,"turns":11.0},{"damage":6.0,"enemies":"Spheric Guardian","floor":18.0,"turns":5.0},{"damage":0.0,"enemies":"Chosen","floor":19.0,"turns":4.0},{"damage":41.0,"enemies":"Sentry and Sphere","floor":22.0,"turns":8.0},{"damage":17.0,"enemies":"Slavers","floor":24.0,"turns":8.0},{"damage":19.0,"enemies":"Gremlin Leader","floor":28.0,"turns":9.0},{"damage":6.0,"enemies":"Centurion and Healer","floor":31.0,"turns":6.0},{"damage":31.0,"enemies":"Champ","floor":33.0,"turns":10.0},{"damage":15.0,"enemies":"3 Darklings","floor":35.0,"turns":4.0},{"damage":22.0,"enemies":"3 Shapes","floor":37.0,"turns":5.0},{"damage":11.0,"enemies":"Transient","floor":39.0,"turns":5.0},{"damage":48.0,"enemies":"Nemesis","floor":40.0,"turns":7.0},{"damage":23.0,"enemies":"Sphere and 2 Shapes","floor":42.0,"turns":5.0},{"damage":18.0,"enemies":"Maw","floor":44.0,"turns":6.0},{"damage":3.0,"enemies":"3 Darklings","floor":45.0,"turns":6.0},{"damage":6.0,"enemies":"4 Shapes","floor":46.0,"turns":4.0},{"damage":82,"enemies":"Giant Head","floor":47,"turns":7}],"seed_played":"-345553284683373697","potions_obtained":[{"floor":3.0,"key":"DistilledChaos"},{"floor":12.0,"key":"Weak Potion"},{"floor":19.0,"key":"AttackPotion"},{"floor":24.0,"key":"SteroidPotion"},{"floor":31.0,"key":"ColorlessPotion"},{"floor":40.0,"key":"Explosive Potion"},{"floor":44.0,"key":"PowerPotion"}],"is_trial":false,"path_per_floor":["M","M","M","?","?","E","R","E","T","R","E","M","M","?","R","B",null,"M","M","$","?","M","R","E","?","T","R","E","R","?","M","R","B",null,"M","T","M","?","M","E","$","M","T","M","M","M","E"],"character_chosen":"IRONCLAD","items_purchased":["Question Card","Disarm","ClockworkSouvenir","BloodPotion","Strawberry"],"campfire_rested":3,"item_purchase_floors":[20,41,41,41,41],"current_hp_per_floor":[52,50,48,41,61,47,47,28,28,28,9,14,12,12,36,7,62,65,74,74,68,36,62,54,54,54,54,41,41,41,46,74,51,84,80,80,66,72,69,29,36,24,24,36,45,50,0,0],"gold":166,"neow_bonus":"THREE_RARE_CARDS","is_daily":false,"chose_seed":false,"campfire_upgraded":4,"win_rate":0.0,"timestamp":1611952012,"path_taken":["M","?","M","?","?","E","R","E","T","R","E","M","M","?","R","BOSS","M","M","$","?","M","R","E","?","T","R","E","R","?","M","R","BOSS","M","?","M","?","M","E","$","M","T","M","M","?","E"],"items_purchased_type":["Relic","Card","Relic","Potion","Relic"],"build_version":"2020-12-22","purchased_purges":2,"victory":false,"max_hp_per_floor":[80,80,80,80,80,80,80,80,80,80,80,80,80,80,80,80,80,83,86,86,86,89,89,92,92,92,92,92,92,92,95,95,95,95,98,98,98,104,104,104,111,114,114,114,118,121,121,121],"relic_stats":{"Darkstone Periapt":6,"Blood Vial":22,"Torii":20,"Gremlin Horn":[12,12],"counters":[25,146],"CeramicFish":81,"Snecko Eye":[73,79,90,89],"Turnip":[26],"Question Card":13,"obtain_stats":[{"Darkstone Periapt":6,"Lantern":40,"Torii":11,"Gremlin Horn":36,"CeramicFish":26,"Velvet Choker":17,"Question Card":20,"Burning Blood":0,"Mercury Hourglass":24,"ClockworkSouvenir":41,"Blood Vial":28,"CaptainsWheel":9,"Strawberry":41,"Snecko Eye":34,"Turnip":8},{"Darkstone Periapt":4,"Lantern":20,"Torii":6,"Gremlin Horn":17,"CeramicFish":13,"Velvet Choker":9,"Question Card":11,"Burning Blood":0,"Mercury Hourglass":13,"ClockworkSouvenir":20,"Blood Vial":14,"CaptainsWheel":5,"Strawberry":20,"Snecko Eye":16,"Turnip":5},{"Darkstone Periapt":21,"Lantern":119,"Torii":33,"Gremlin Horn":103,"CeramicFish":74,"Velvet Choker":49,"Question Card":58,"Burning Blood":0,"Mercury Hourglass":74,"ClockworkSouvenir":119,"Blood Vial":83,"CaptainsWheel":26,"Strawberry":119,"Snecko Eye":99,"Turnip":26}],"Burning Blood":144,"Mercury Hourglass":[281]},"card_choices":[{"not_picked":["Fiend Fire","Exhume"],"picked":"Bludgeon","floor":0.0},{"not_picked":["Dual Wield","Body Slam"],"picked":"Armaments","floor":1.0},{"not_picked":["Havoc","Anger","Perfected Strike"],"picked":"SKIP","floor":2.0},{"not_picked":["Sever Soul","Clash"],"picked":"Wild Strike","floor":3.0},{"not_picked":["Evolve","Power Through"],"picked":"Shockwave","floor":6.0},{"not_picked":["Blood for Blood","True Grit"],"picked":"Seeing Red","floor":8.0},{"not_picked":["Body Slam","Clothesline"],"picked":"Spot Weakness","floor":11.0},{"not_picked":["Seeing Red","Shockwave"],"picked":"Ghostly Armor","floor":12.0},{"not_picked":["Entrench","Reckless Charge","Warcry"],"picked":"SKIP","floor":13.0},{"not_picked":["Demon Form","Limit Break"],"picked":"Feed","floor":16.0},{"not_picked":["Power Through","Ghostly Armor","Intimidate"],"picked":"SKIP","floor":18.0},{"not_picked":["Power Through","Intimidate"],"picked":"Ghostly Armor","floor":18.0},{"not_picked":["Twin Strike","Havoc"],"picked":"Inflame+1","floor":19.0},{"not_picked":["Seeing Red","Iron Wave","True Grit"],"picked":"Flame Barrier+1","floor":22.0},{"not_picked":["Second Wind","True Grit","Clothesline"],"picked":"Immolate","floor":24.0},{"not_picked":["Warcry","Shrug It Off","Sentinel"],"picked":"Demon Form","floor":28.0},{"not_picked":["Sword Boomerang","Clash","Iron Wave","Intimidate"],"picked":"SKIP","floor":31.0},{"not_picked":["Demon Form","Immolate","Double Tap"],"picked":"Offering","floor":33.0},{"not_picked":["Wild Strike","Sword Boomerang","Flex"],"picked":"True Grit+1","floor":35.0},{"not_picked":["Cleave+1","Perfected Strike","Clothesline","Flex"],"picked":"SKIP","floor":37.0},{"not_picked":["Bloodletting","Hemokinesis","Searing Blow+1"],"picked":"Havoc+1","floor":39.0},{"not_picked":["Havoc+1","Wild Strike","Evolve+1"],"picked":"Rupture","floor":40.0},{"not_picked":["Sever Soul","Iron Wave","Thunderclap","Dropkick"],"picked":"SKIP","floor":42.0},{"not_picked":["Wild Strike","Sword Boomerang","Clothesline"],"picked":"Power Through","floor":44.0},{"not_picked":["Headbutt","Immolate","True Grit"],"picked":"Shrug It Off","floor":45.0},{"not_picked":["Thunderclap","Carnage","Pommel Strike","Body Slam"],"picked":"SKIP","floor":46.0}],"player_experience":766551,"relics_obtained":[{"floor":6.0,"key":"Darkstone Periapt"},{"floor":8.0,"key":"Turnip"},{"floor":9.0,"key":"CaptainsWheel"},{"floor":11.0,"key":"Torii"},{"floor":24.0,"key":"Mercury Hourglass"},{"floor":26.0,"key":"CeramicFish"},{"floor":28.0,"key":"Blood Vial"},{"floor":36.0,"key":"Gremlin Horn"},{"floor":40.0,"key":"Lantern"}],"event_choices":[{"cards_removed":["Strike_R"],"damage_healed":0.0,"max_hp_gain":0.0,"max_hp_loss":0.0,"gold_gain":0.0,"event_name":"Golden Wing","player_choice":"Card Removal","floor":4.0,"gold_loss":0.0,"damage_taken":7.0},{"damage_healed":20.0,"max_hp_gain":0.0,"max_hp_loss":0.0,"gold_gain":0.0,"event_name":"The Cleric","player_choice":"Healed","floor":5.0,"gold_loss":35.0,"damage_taken":0.0},{"damage_healed":0.0,"max_hp_gain":0.0,"max_hp_loss":0.0,"gold_gain":0.0,"event_name":"Dead Adventurer","player_choice":"Searched \u00270\u0027 times","floor":14.0,"gold_loss":0.0,"damage_taken":0.0},{"damage_healed":0.0,"max_hp_gain":0.0,"max_hp_loss":0.0,"gold_gain":0.0,"event_name":"Nest","player_choice":"Joined the Cult","floor":21.0,"gold_loss":0.0,"damage_taken":6.0,"cards_obtained":["RitualDagger"]},{"damage_healed":0.0,"max_hp_gain":0.0,"max_hp_loss":0.0,"gold_gain":0.0,"cards_transformed":["Strike_R","Strike_R"],"event_name":"Drug Dealer","player_choice":"Became Test Subject","floor":25.0,"gold_loss":0.0,"damage_taken":0.0,"cards_obtained":["Rampage","Carnage"]},{"damage_healed":0.0,"max_hp_gain":0.0,"max_hp_loss":0.0,"gold_gain":0.0,"event_name":"Upgrade Shrine","player_choice":"Upgraded","floor":30.0,"gold_loss":0.0,"damage_taken":0.0,"cards_upgraded":["Seeing Red"]},{"damage_healed":0.0,"max_hp_gain":0.0,"max_hp_loss":0.0,"gold_gain":275.0,"event_name":"Golden Shrine","player_choice":"Desecrate","floor":38.0,"gold_loss":0.0,"damage_taken":0.0,"cards_obtained":["Regret"]}],"is_beta":false,"boss_relics":[{"not_picked":["Busted Crown","Black Blood"],"picked":"Velvet Choker"},{"not_picked":["Philosopher\u0027s Stone","Coffee Dripper"],"picked":"Snecko Eye"}],"items_purged_floors":[20,41],"is_endless":false,"potions_floor_spawned":[3,12,19,24,31,35,40,42,44],"killed_by":"Giant Head","ascension_level":13}}