{"host":"drjz7zl15rqtgg20","time":1611929314,"event":{"mods":["BaseMod","Colored Map","Downfall","Minty Spire (QoL Compilation)","StSLib"],"gold_per_floor":[99,113,75,87,106,6,29,55,55,55,55,55,70,83,103,208,208,208,218,234,234,234,219,219,119,138,154,482,320,333,368,378,480,480,380,400,412,425,436,464,464,204,204,256,256,256,285,303,315,315,315,315],"floor_reached":50,"language":"ENG","playtime":3880,"items_purged":["hexamod:Strike","hexamod:Strike"],"score":646,"play_id":"18c6eea0-f17c-46fe-ae0c-eaa49b9d4487","local_time":"20210129090834","is_ascension_mode":false,"campfire_choices":[{"floor":1,"key":"RECALL"},{"data":"hexamod:ThermalTransfer","floor":6,"key":"SMITH"},{"data":"hexamod:StepThrough","floor":9,"key":"SMITH"},{"data":"hexamod:GhostOfSpireFuture","floor":12,"key":"SMITH"},{"data":"hexamod:FastForward","floor":18,"key":"SMITH"},{"data":"hexamod:InspiringFlames","floor":25,"key":"SMITH"},{"data":"hexamod:HexaLevel","floor":35,"key":"SMITH"},{"data":"hexamod:TimeWarp","floor":43,"key":"SMITH"},{"data":"hexamod:TimeWarp","floor":46,"key":"SMITH"}],"circlet_count":0,"master_deck":["hexamod:Defend","hexamod:Defend","hexamod:Defend","hexamod:Defend","hexamod:Sear","hexamod:Float","hexamod:FlamesFromBeyond","hexamod:StepThrough+1","hexamod:ShieldOfDarkness","hexamod:ThermalTransfer+1","hexamod:SpectersWail","hexamod:GhostOfSpireFuture+1","hexamod:FirstSeal","hexamod:FastForward+1","hexamod:StepThrough+1","hexamod:InspiringFlames+1","hexamod:ThermalTransfer+1","hexamod:AdvancingGuard+1","hexamod:ThermalTransfer+1","hexamod:TimeWarp+1","hexamod:VolcanoVisage","hexamod:BurningTouch+1","hexamod:HexaLevel+1","hexamod:TimeWarp+1","hexamod:EmpoweredFlame+1"],"relics":["hexamod:SpiritBrand","downfall:HeartBlessingRed","PreservedInsect","CaptainsWheel","Kunai","hexamod:IceCube","downfall:HeartBlessingBlue","Old Coin","Sundial","Sozu","downfall:HeartBlessingGreen","Singing Bowl","HornCleat","Vajra","Torii","Boot"],"acts_visited":["Exordium","TheCity","TheBeyond"],"potions_floor_usage":[],"damage_taken":[{"damage":0,"enemies":"Cultist","floor":2,"turns":3},{"damage":0,"enemies":"downfall:FleeingMerchant","floor":3,"turns":4},{"damage":2,"enemies":"2 Louse","floor":4,"turns":3},{"damage":0,"enemies":"Jaw Worm","floor":5,"turns":3},{"damage":0,"enemies":"Gremlin Nob","floor":8,"turns":3},{"damage":0,"enemies":"3 Louse","floor":13,"turns":2},{"damage":0,"enemies":"Exordium Thugs","floor":14,"turns":3},{"damage":0,"enemies":"2 Fungi Beasts","floor":15,"turns":3},{"damage":2,"enemies":"IC_STATUS_ARCHETYPE","floor":16,"turns":9},{"damage":0,"enemies":"Spheric Guardian","floor":19,"turns":5},{"damage":0,"enemies":"Chosen","floor":20,"turns":4},{"damage":7,"enemies":"downfall:FleeingMerchant","floor":23,"turns":4},{"damage":4,"enemies":"3 Cultists","floor":26,"turns":4},{"damage":7,"enemies":"Centurion and Healer","floor":27,"turns":5},{"damage":14,"enemies":"Gremlin Leader","floor":28,"turns":6},{"damage":0,"enemies":"downfall:FleeingMerchant","floor":29,"turns":4},{"damage":0,"enemies":"Cultist and Chosen","floor":30,"turns":4},{"damage":0,"enemies":"Book of Stabbing","floor":31,"turns":4},{"damage":0,"enemies":"Snake Plant","floor":32,"turns":4},{"damage":9,"enemies":"SI_MIRROR_ARCHETYPE","floor":33,"turns":11},{"damage":0,"enemies":"Orb Walker","floor":36,"turns":4},{"damage":0,"enemies":"3 Shapes","floor":37,"turns":5},{"damage":0,"enemies":"Maw","floor":38,"turns":7},{"damage":1,"enemies":"Transient","floor":39,"turns":5},{"damage":0,"enemies":"Giant Head","floor":40,"turns":9},{"damage":0,"enemies":"downfall:FleeingMerchant","floor":42,"turns":4},{"damage":2,"enemies":"2 Orb Walkers","floor":44,"turns":5},{"damage":24,"enemies":"Nemesis","floor":47,"turns":5},{"damage":7,"enemies":"Jaw Worm Horde","floor":48,"turns":4},{"damage":10,"enemies":"4 Shapes","floor":49,"turns":5},{"damage":136,"enemies":"WA_ARCHETYPE_DIVINITY","floor":50,"turns":9}],"seed_played":"2723256071288634605","potions_obtained":[{"floor":5,"key":"FairyPotion"},{"floor":14,"key":"hexamod:EctoCoolerPotion"},{"floor":15,"key":"champ:CounterPotion"},{"floor":20,"key":"Energy Potion"}],"is_trial":false,"path_per_floor":["R","M","$","M","M","R","T","E","R","T","?","R","M","M","M","B",null,"R","M","M","?","?","$","T","R","M","M","E","$","M","E","M","B",null,"R","M","M","M","M","E","T","$","R","?","?","R","E","M","M","B"],"character_chosen":"THE_SPIRIT","items_purchased":["hexamod:ThermalTransfer","hexamod:TimeWarp","Vajra"],"campfire_rested":0,"item_purchase_floors":[3,29,42],"current_hp_per_floor":[70,70,70,68,68,68,68,68,68,68,68,68,68,68,70,68,70,70,70,70,70,70,70,70,80,80,73,66,73,80,80,80,78,80,80,80,80,80,80,82,82,84,84,84,84,84,67,62,61,0,0,0],"gold":315,"neow_bonus":"TRANSFORM_CARD","is_daily":false,"chose_seed":false,"campfire_upgraded":8,"win_rate":0.0,"timestamp":1611929314,"path_taken":["R","M","?","M","M","R","T","E","R","?","?","R","M","M","M","BOSS","R","M","M","?","?","$","T","R","M","?","E","$","M","E","M","BOSS","R","M","M","M","M","E","T","$","R","?","?","R","E","M","M","BOSS"],"items_purchased_type":["Card","Card","Relic"],"build_version":"2020-12-22","purchased_purges":2,"victory":false,"max_hp_per_floor":[70,70,70,70,70,70,70,70,70,70,70,70,70,70,70,70,70,70,70,70,70,70,70,70,80,80,80,80,80,80,80,80,80,80,80,80,80,80,80,82,82,84,84,84,84,84,84,86,88,88,88,88],"card_choices":[{"not_picked":["hexamod:NightmareStrike","hexamod:GhostLash"],"picked":"hexamod:StepThrough","floor":2},{"not_picked":["hexamod:UnleashSpirits","hexamod:SwordOfDarkness"],"picked":"hexamod:ShieldOfDarkness","floor":3},{"not_picked":["hexamod:RadiantFlame","hexamod:ShieldOfDarkness"],"picked":"hexamod:SpectersWail","floor":4},{"not_picked":["hexamod:HeatMetal","hexamod:NightmareGuise"],"picked":"hexamod:GhostOfSpireFuture","floor":5},{"not_picked":["hexamod:BurningTouch","hexamod:StepThrough"],"picked":"hexamod:FirstSeal","floor":8},{"not_picked":["hexamod:TurnItUp","hexamod:HauntingEcho","hexamod:GhostLash"],"picked":"SKIP","floor":13},{"not_picked":["hexamod:HauntingEcho","hexamod:RetreatToShadows"],"picked":"hexamod:FastForward","floor":14},{"not_picked":["hexamod:SoulSteal","hexamod:EtherealExpedition"],"picked":"hexamod:StepThrough","floor":15},{"not_picked":["hexamod:BacktrackSmack","hexamod:DynamicBlow+1"],"picked":"hexamod:InspiringFlames","floor":19},{"not_picked":["hexamod:Again+1","hexamod:Firestarter"],"picked":"hexamod:ThermalTransfer+1","floor":20},{"not_picked":["hexamod:DynamicBlow","hexamod:Again","hexamod:SkipABeat+1"],"picked":"SKIP","floor":23},{"not_picked":["hexamod:GhostOfSpireFuture","hexamod:GhostLash","hexamod:HeatMetal"],"picked":"SKIP","floor":26},{"not_picked":["hexamod:Again+1","hexamod:ShieldOfDarkness","hexamod:BacktrackSmack+1"],"picked":"SKIP","floor":27},{"not_picked":["hexamod:NightmareGuise","hexamod:SecondSeal"],"picked":"hexamod:AdvancingGuard+1","floor":28},{"not_picked":["hexamod:HauntingEcho+1","hexamod:AdvancingGuard"],"picked":"hexamod:ThermalTransfer+1","floor":29},{"not_picked":["hexamod:Hexaguard","hexamod:FastForward"],"picked":"hexamod:VolcanoVisage","floor":30},{"not_picked":["hexamod:SwordOfDarkness","hexamod:ThermalTransfer"],"picked":"hexamod:BurningTouch+1","floor":31},{"not_picked":["hexamod:EtherealExpedition","hexamod:BurningTouch","hexamod:ChargedBarrage"],"picked":"SKIP","floor":32},{"not_picked":["hexamod:ParanormalForm","hexamod:GhostflameInferno"],"picked":"hexamod:HexaLevel","floor":33},{"not_picked":["hexamod:ThermalTransfer","hexamod:ThirdSeal","hexamod:DynamicBlow"],"picked":"SKIP","floor":36},{"not_picked":["hexamod:DynamicBlow","hexamod:Hexaguard","hexamod:SpectersWail"],"picked":"SKIP","floor":37},{"not_picked":["hexamod:BurningTouch+1","hexamod:StepThrough","hexamod:HeatMetal"],"picked":"SKIP","floor":38},{"not_picked":["hexamod:RecurringNightmare","hexamod:ThermalTransfer","hexamod:Firestarter+1"],"picked":"SKIP","floor":39},{"not_picked":["hexamod:Incineration+1","hexamod:EtherealExpedition+1","hexamod:FastForward"],"picked":"Singing Bowl","floor":40},{"not_picked":["hexamod:FastForward","hexamod:GhostOfSpireFuture+1","hexamod:SoulSteal+1"],"picked":"Singing Bowl","floor":42},{"not_picked":["hexamod:PowerFromBeyond","hexamod:Firestarter"],"picked":"hexamod:TimeWarp","floor":44},{"not_picked":["hexamod:GhostLash","hexamod:GhostOfSpireFuture+1"],"picked":"hexamod:EmpoweredFlame+1","floor":47},{"not_picked":["hexamod:ThermalTransfer+1","hexamod:FourthSeal","hexamod:GhostOfSpireFuture+1"],"picked":"Singing Bowl","floor":48},{"not_picked":["hexamod:HeatShield","hexamod:Haunt","hexamod:NightmareStrike"],"picked":"Singing Bowl","floor":49}],"player_experience":618611,"relics_obtained":[{"floor":7,"key":"PreservedInsect"},{"floor":8,"key":"CaptainsWheel"},{"floor":10,"key":"Kunai"},{"floor":28,"key":"Old Coin"},{"floor":31,"key":"Sundial"},{"floor":40,"key":"Singing Bowl"},{"floor":41,"key":"HornCleat"},{"floor":44,"key":"Torii"},{"floor":47,"key":"Boot"}],"event_choices":[{"cards_removed":["hexamod:Strike"],"damage_healed":0,"gold_gain":0,"player_choice":"Forget","damage_taken":0,"max_hp_gain":0,"max_hp_loss":0,"event_name":"Living Wall","floor":11,"gold_loss":0},{"damage_healed":0,"gold_gain":0,"player_choice":"Ignored","damage_taken":0,"max_hp_gain":0,"max_hp_loss":0,"event_name":"Vampires","floor":21,"gold_loss":0},{"damage_healed":0,"gold_gain":0,"player_choice":"Forge","damage_taken":0,"max_hp_gain":0,"max_hp_loss":0,"event_name":"Accursed Blacksmith","floor":22,"gold_loss":0,"cards_upgraded":["hexamod:StepThrough"]},{"damage_healed":0,"gold_gain":0,"player_choice":"Fight","damage_taken":0,"max_hp_gain":0,"max_hp_loss":0,"event_name":"Mysterious Sphere","floor":44,"gold_loss":0}],"is_beta":false,"boss_relics":[{"not_picked":["Runic Pyramid","Tiny House"],"picked":"hexamod:IceCube"},{"not_picked":["Empty Cage","Philosopher\u0027s Stone"],"picked":"Sozu"}],"items_purged_floors":[29,42],"is_endless":false,"potions_floor_spawned":[5,14,15,20,27,30,36,38,44,48],"killed_by":"WA_ARCHETYPE_DIVINITY","ascension_level":0}}