{"host":"jhy70w0yh8dayqay","time":1611913430,"event":{"mods":["AchievementEnabler","BaseMod","Colored Map","Colored Powertips","DeckTracker","Minty Spire (QoL Compilation)","Permanent Neow","SuperFastMode"],"gold_per_floor":[116,136,155,171,171,171,201,213,225,247,334,360,405,428,440,527,539,566,591,603,635,647,659,671,671],"floor_reached":24,"language":"KOR","playtime":795,"items_purged":[],"score":347,"play_id":"e41a4dd8-285b-46db-af81-16ee661d09a5","local_time":"20210129184350","is_ascension_mode":true,"campfire_choices":[{"data":"Searing Blow","floor":6,"key":"SMITH"},{"data":"Searing Blow+1","floor":8,"key":"SMITH"},{"data":"Searing Blow+2","floor":15,"key":"SMITH"},{"data":"Searing Blow+3","floor":23,"key":"SMITH"}],"circlet_count":0,"master_deck":["AscendersBane","Strike_R","Strike_R","Strike_R","Defend_R","Defend_R","Defend_R","Defend_R","Bash","Anger","Searing Blow+4","Clothesline","Shrug It Off","Battle Trance","Fiend Fire","Evolve","Dual Wield","Impervious","Dark Embrace+1","Armaments","Impatience"],"relics":["Burning Blood","MawBank","Nunchaku","Self Forming Clay","Runic Pyramid"],"acts_visited":["Exordium","TheCity"],"potions_floor_usage":[7,13,16,16,18],"damage_taken":[{"damage":7,"enemies":"Jaw Worm","floor":1,"turns":3},{"damage":6,"enemies":"Cultist","floor":2,"turns":3},{"damage":13,"enemies":"Small Slimes","floor":3,"turns":4},{"damage":5,"enemies":"2 Fungi Beasts","floor":4,"turns":4},{"damage":16,"enemies":"Gremlin Nob","floor":7,"turns":4},{"damage":9,"enemies":"Red Slaver","floor":10,"turns":2},{"damage":0,"enemies":"Large Slime","floor":12,"turns":4},{"damage":22,"enemies":"Lagavulin","floor":13,"turns":6},{"damage":14,"enemies":"3 Louse","floor":14,"turns":3},{"damage":8,"enemies":"Slime Boss","floor":16,"turns":7},{"damage":3,"enemies":"2 Thieves","floor":18,"turns":3},{"damage":8,"enemies":"Chosen","floor":19,"turns":3},{"damage":10,"enemies":"Centurion and Healer","floor":21,"turns":5},{"damage":54,"enemies":"Gremlin Leader","floor":24,"turns":4}],"seed_played":"-162060001876099782","potions_obtained":[{"floor":3,"key":"DuplicationPotion"},{"floor":7,"key":"PowerPotion"},{"floor":10,"key":"PowerPotion"},{"floor":14,"key":"Swift Potion"},{"floor":16,"key":"DistilledChaos"}],"is_trial":false,"path_per_floor":["M","M","M","M","?","R","E","R","T","M","?","M","E","M","R","B",null,"M","M","?","M","?","R","E"],"character_chosen":"IRONCLAD","items_purchased":[],"campfire_rested":0,"item_purchase_floors":[],"current_hp_per_floor":[71,71,64,65,65,65,55,55,55,52,41,47,31,23,23,21,65,68,66,54,50,50,50,0,0],"gold":671,"neow_bonus":"REMOVE_CARD","is_daily":false,"chose_seed":false,"campfire_upgraded":4,"win_rate":0.0,"timestamp":1611913430,"path_taken":["M","M","M","M","?","R","E","R","T","?","?","M","E","M","R","BOSS","M","M","?","?","?","R","E"],"items_purchased_type":[],"build_version":"2020-12-22","purchased_purges":0,"victory":false,"max_hp_per_floor":[80,80,80,80,80,80,80,80,80,80,80,80,80,80,80,80,80,80,80,80,80,80,80,80,80],"card_choices":[{"not_picked":["Shrug It Off","Havoc"],"picked":"Anger","floor":1},{"not_picked":["Reckless Charge","Anger"],"picked":"Searing Blow","floor":2},{"not_picked":["Clash","Dark Embrace"],"picked":"Clothesline","floor":3},{"not_picked":["Hemokinesis","Rampage"],"picked":"Shrug It Off","floor":4},{"not_picked":["True Grit","Berserk"],"picked":"Fiend Fire","floor":7},{"not_picked":["Heavy Blade","Dual Wield","Wild Strike"],"picked":"SKIP","floor":10},{"not_picked":["Heavy Blade","Wild Strike"],"picked":"Evolve","floor":12},{"not_picked":["Intimidate","Iron Wave","Anger"],"picked":"SKIP","floor":13},{"not_picked":["Spot Weakness","Searing Blow"],"picked":"Dual Wield","floor":14},{"not_picked":["Juggernaut","Feed"],"picked":"Impervious","floor":16},{"not_picked":["Sword Boomerang","Thunderclap"],"picked":"Dark Embrace+1","floor":18},{"not_picked":["Perfected Strike","Pommel Strike"],"picked":"Armaments","floor":19},{"not_picked":["Sword Boomerang","True Grit","Perfected Strike"],"picked":"SKIP","floor":21}],"player_experience":451299,"relics_obtained":[{"floor":7,"key":"MawBank"},{"floor":9,"key":"Nunchaku"},{"floor":13,"key":"Self Forming Clay"}],"event_choices":[{"damage_healed":0,"gold_gain":0,"cards_transformed":["Strike_R"],"player_choice":"Transformed","damage_taken":0,"max_hp_gain":0,"max_hp_loss":0,"event_name":"Transmorgrifier","floor":5,"gold_loss":0,"cards_obtained":["Battle Trance"]},{"damage_healed":0,"gold_gain":75,"player_choice":"Gather Gold","damage_taken":11,"max_hp_gain":0,"max_hp_loss":0,"event_name":"World of Goop","floor":11,"gold_loss":0},{"damage_healed":0,"gold_gain":0,"player_choice":"CARD ","damage_taken":12,"max_hp_gain":0,"max_hp_loss":0,"event_name":"Knowing Skull","floor":20,"potions_obtained":[],"gold_loss":0,"cards_obtained":["Impatience"]},{"damage_healed":0,"gold_gain":0,"player_choice":"Ignored","damage_taken":0,"max_hp_gain":0,"max_hp_loss":0,"event_name":"Ghosts","floor":22,"gold_loss":0}],"is_beta":false,"boss_relics":[{"not_picked":["SlaversCollar","Calling Bell"],"picked":"Runic Pyramid"}],"items_purged_floors":[],"is_endless":false,"potions_floor_spawned":[3,7,10,12,14,16],"killed_by":"Gremlin Leader","ascension_level":13}}