{"host":"ei424ha2zqt1xblg","time":1611900443,"event":{"mods":["BaseMod","Minty Spire (QoL Compilation)","MostiFishMod","StSLib","TestMod","Waifu the Spire","WarShipGirlsR/战舰少女R mod"],"gold_per_floor":[113,388,260,280,291,291,331,331,403,303,323,335,344,344,344,449,449,465,480,497,506,526,569,586,282,327,327,337,337,204,219,219,329,329,341,360,63,71,90,90,108,159,159,196,214,613,613,639,639,639,639,639,46,81,81],"floor_reached":56,"language":"ZHS","playtime":2966,"items_purged":["Regret","rmod:strick","Decay","rmod:strick","rmod:strick","rmod:defend"],"score":1329,"play_id":"ba2b6230-d6f8-4303-ba0c-7572116e9beb","local_time":"20210129140723","is_ascension_mode":false,"campfire_choices":[{"data":"rmod:rockthrower","floor":6.0,"key":"SMITH"},{"data":"rmod:diamondstrike","floor":8.0,"key":"SMITH"},{"data":"rmod:advancebysurprise","floor":15.0,"key":"SMITH"},{"data":"rmod:expeditionaryescort","floor":27.0,"key":"SMITH"},{"data":"rmod:supportaircraftcarrier","floor":29.0,"key":"SMITH"},{"data":"rmod:expedition","floor":32.0,"key":"SMITH"},{"data":"rmod:expedition+1","floor":40.0,"key":"SMITH"},{"floor":47,"key":"RECALL"},{"data":"rmod:wife","floor":49,"key":"SMITH"},{"data":"rmod:expedition+2","floor":52,"key":"SMITH"}],"circlet_count":0,"master_deck":["rmod:defend","rmod:defend","rmod:defend","rmod:basicallowance","rmod:maingunfire","rmod:diamondstrike+1","rmod:fuelsupply","rmod:ammunitionsupply","rmod:rockthrower+1","rmod:advancebysurprise+1","rmod:expeditionaryescort+1","rmod:bulid","rmod:supportaircraftcarrier+1","rmod:aluminumsupply","rmod:expedition+3","rmod:highspeedmaneuver","rmod:aluminumsupply","rmod:fuelsupply","rmod:expedition","rmod:tearstotiara","rmod:wife+1","rmod:supportaircraftcarrier+1","rmod:diamondstrike+1"],"relics":["rmod:firstchargereward","testmod-TestBox","HaiYi:Twilight","testmod-CasingShield","NeowsBlessing","CeramicFish","testmod-Hope","Ice Cream","testmod-PortableAltar","Bronze Scales","testmod-Charity","Smiling Mask","testmod-Nine","ClockworkSouvenir","testmod-Muramasa","Toy Ornithopter","SentryEyes","DaCapo","testmod-LifeArmor","Dead Branch"],"acts_visited":["Exordium","TheCity","TheBeyond","TheEnding"],"potions_floor_usage":[42,54,54,54,54,55],"damage_taken":[{"damage":0.0,"enemies":"Small Slimes","floor":1.0,"turns":1.0},{"damage":0.0,"enemies":"Cultist","floor":4.0,"turns":1.0},{"damage":0.0,"enemies":"Jaw Worm","floor":5.0,"turns":1.0},{"damage":11.0,"enemies":"Lagavulin","floor":7.0,"turns":4.0},{"damage":11.0,"enemies":"Lots of Slimes","floor":11.0,"turns":2.0},{"damage":5.0,"enemies":"Exordium Wildlife","floor":12.0,"turns":3.0},{"damage":28.0,"enemies":"The Guardian","floor":16.0,"turns":8.0},{"damage":14.0,"enemies":"Chosen","floor":18.0,"turns":4.0},{"damage":16.0,"enemies":"Spheric Guardian","floor":19.0,"turns":4.0},{"damage":17.0,"enemies":"Snake Plant","floor":20.0,"turns":3.0},{"damage":9.0,"enemies":"Centurion and Healer","floor":22.0,"turns":5.0},{"damage":23.0,"enemies":"Gremlin Leader","floor":23.0,"turns":7.0},{"damage":26.0,"enemies":"Snecko","floor":24.0,"turns":5.0},{"damage":4.0,"enemies":"Chosen and Byrds","floor":28.0,"turns":5.0},{"damage":9.0,"enemies":"Cultist and Chosen","floor":31.0,"turns":3.0},{"damage":6.0,"enemies":"Champ","floor":33.0,"turns":6.0},{"damage":6.0,"enemies":"3 Darklings","floor":35.0,"turns":4.0},{"damage":12.0,"enemies":"3 Shapes","floor":36.0,"turns":2.0},{"damage":9.0,"enemies":"Maw","floor":39.0,"turns":5.0},{"damage":30.0,"enemies":"Writhing Mass","floor":41.0,"turns":6.0},{"damage":13,"enemies":"2 Orb Walkers","floor":42,"turns":4},{"damage":1,"enemies":"Giant Head","floor":44,"turns":6},{"damage":0,"enemies":"Spire Growth","floor":45,"turns":4},{"damage":0,"enemies":"Reptomancer","floor":48,"turns":6},{"damage":18,"enemies":"Awakened One","floor":50,"turns":8},{"damage":0,"enemies":"Shield and Spear","floor":54,"turns":4},{"damage":12,"enemies":"The Heart","floor":55,"turns":7}],"seed_played":"-367879296069531813","potions_obtained":[{"floor":1.0,"key":"Regen Potion"},{"floor":4.0,"key":"SkillPotion"},{"floor":5.0,"key":"LiquidBronze"},{"floor":16.0,"key":"SpeedPotion"},{"floor":20.0,"key":"DuplicationPotion"},{"floor":22.0,"key":"GamblersBrew"},{"floor":23.0,"key":"Strength Potion"},{"floor":35.0,"key":"DuplicationPotion"},{"floor":39.0,"key":"BlessingOfTheForge"},{"floor":45,"key":"Block Potion"},{"floor":54,"key":"testmod-TestPotion"}],"is_trial":false,"path_per_floor":["M","?","$","M","M","R","E","R","T","$","M","M","?","?","R","B",null,"M","M","M","?","M","E","M","$","T","R","M","R","$","M","R","B",null,"M","M","$","?","M","R","M","?","T","E","M","?","R","E","R","B",null,"R","$","E","B",null],"character_chosen":"PRAEFECT","items_purchased":["rmod:fuelsupply","testmod-Charity","rmod:supportaircraftcarrier","rmod:aluminumsupply","rmod:expedition","rmod:fuelsupply","rmod:expedition","ClockworkSouvenir","DaCapo","testmod-LifeArmor","EntropicBrew"],"campfire_rested":0,"item_purchase_floors":[3,25,25,30,30,37,37,37,53,53,53],"current_hp_per_floor":[75,75,75,75,75,75,64,64,64,64,53,48,48,48,48,20,75,60,44,72,71,61,53,27,28,29,29,26,26,28,20,20,16,66,65,67,68,68,59,59,30,18,18,19,21,22,22,23,23,5,64,63,62,63,52],"gold":81,"neow_bonus":"THREE_ENEMY_KILL","is_daily":false,"chose_seed":false,"campfire_upgraded":9,"win_rate":0.0,"timestamp":1611900443,"path_taken":["M","?","?","M","M","R","E","R","T","$","M","M","?","?","R","BOSS","M","M","M","?","M","E","?","$","T","R","M","R","$","M","R","BOSS","M","M","$","?","M","R","?","?","T","E","M","?","R","E","R","BOSS","R","$","E","BOSS"],"items_purchased_type":["Card","Relic","Card","Card","Card","Card","Card","Relic","Relic","Relic","Potion"],"build_version":"2020-12-22","purchased_purges":6,"victory":true,"max_hp_per_floor":[75,75,75,75,75,75,75,75,75,75,75,75,75,75,75,75,75,74,73,72,71,70,69,68,68,68,67,67,66,67,67,66,67,66,66,67,68,68,68,67,67,67,66,67,68,68,67,67,66,65,64,63,62,63,62],"card_choices":[{"not_picked":["rmod:goodsister","rmod:fletcherpendant"],"picked":"rmod:diamondstrike","floor":1.0},{"not_picked":["rmod:diamondstrike","rmod:firesupport"],"picked":"rmod:ammunitionsupply","floor":4.0},{"not_picked":["rmod:aggressivemary","rmod:chargemoney"],"picked":"rmod:rockthrower","floor":5.0},{"not_picked":["rmod:mineteam","rmod:intelligenceanalysis"],"picked":"rmod:advancebysurprise","floor":7.0},{"not_picked":["rmod:fletcherpendant","rmod:ammunitionsupply","rmod:intelligenceanalysis"],"picked":"SKIP","floor":11.0},{"not_picked":["rmod:unsinkable","rmod:launchingtorpedo","rmod:tearstotiara"],"picked":"SKIP","floor":12.0},{"not_picked":["rmod:secretscript","rmod:abidefaith"],"picked":"rmod:expeditionaryescort","floor":16.0},{"not_picked":["rmod:goodfighter+1","rmod:aggressivemary+1","rmod:firesupport"],"picked":"SKIP","floor":18.0},{"not_picked":["rmod:gendarmerie","rmod:aggressivemary","rmod:ammunitionsupply+1"],"picked":"SKIP","floor":19.0},{"not_picked":["rmod:tearstotiara","rmod:slowdown","rmod:aviationdawn"],"picked":"SKIP","floor":20.0},{"not_picked":["rmod:steelsupply","rmod:victimresponsibility+1","rmod:tearstotiara"],"picked":"SKIP","floor":22.0},{"not_picked":["rmod:firesupport","rmod:slowdown"],"picked":"rmod:bulid","floor":23.0},{"not_picked":["rmod:slowdown+1","rmod:garrisonisland","rmod:salvage"],"picked":"SKIP","floor":24.0},{"not_picked":["rmod:firesupport","rmod:fletcherpendant","rmod:supportescort"],"picked":"SKIP","floor":28.0},{"not_picked":["rmod:salvage","rmod:generalist","rmod:firesupport"],"picked":"SKIP","floor":31.0},{"not_picked":["rmod:supriseattacks","rmod:windflower"],"picked":"rmod:highspeedmaneuver","floor":33.0},{"not_picked":["rmod:firesupport","rmod:smokecover","rmod:salvage"],"picked":"SKIP","floor":35.0},{"not_picked":["rmod:spoils+1","rmod:victimresponsibility+1"],"picked":"rmod:aluminumsupply","floor":36.0},{"not_picked":["rmod:salvage","rmod:victimresponsibility+1","rmod:lonelyqueen"],"picked":"SKIP","floor":39.0},{"not_picked":["rmod:lonelyqueen","rmod:luckystar","rmod:supportescort"],"picked":"SKIP","floor":41.0},{"not_picked":["rmod:aluminumsupply+1","rmod:acesubmarine"],"picked":"rmod:wife","floor":44},{"not_picked":["rmod:intelligenceanalysis","rmod:victimresponsibility"],"picked":"rmod:supportaircraftcarrier+1","floor":45},{"not_picked":["rmod:diamondstrike","rmod:goodfighter+1","rmod:sl+1"],"picked":"SKIP","floor":48},{"not_picked":["rmod:ammunitionsupply+1","rmod:timeschanged"],"picked":"rmod:diamondstrike+1","floor":54}],"player_experience":426681,"relics_obtained":[{"floor":7.0,"key":"CeramicFish"},{"floor":9.0,"key":"testmod-Hope"},{"floor":23.0,"key":"Bronze Scales"},{"floor":26.0,"key":"Smiling Mask"},{"floor":42,"key":"testmod-Muramasa"},{"floor":44,"key":"Toy Ornithopter"},{"floor":48,"key":"SentryEyes"},{"floor":54,"key":"Dead Branch"}],"event_choices":[{"damage_healed":0.0,"max_hp_gain":0.0,"max_hp_loss":0.0,"gold_gain":275.0,"event_name":"Golden Shrine","player_choice":"Desecrate","floor":2.0,"gold_loss":0.0,"damage_taken":0.0,"cards_obtained":["Regret"]},{"damage_healed":0.0,"max_hp_gain":0.0,"max_hp_loss":0.0,"gold_gain":0.0,"event_name":"Big Fish","player_choice":"Box","floor":13.0,"gold_loss":0.0,"damage_taken":0.0,"relics_obtained":["Ice Cream"],"cards_obtained":["Regret"]},{"cards_removed":["Regret"],"damage_healed":0.0,"max_hp_gain":0.0,"max_hp_loss":0.0,"gold_gain":0.0,"event_name":"Living Wall","player_choice":"Forget","floor":14.0,"gold_loss":0.0,"damage_taken":0.0},{"damage_healed":0.0,"max_hp_gain":0.0,"max_hp_loss":0.0,"gold_gain":0.0,"event_name":"Wheel of Change","player_choice":"Cursed","floor":21.0,"gold_loss":0.0,"damage_taken":0.0,"cards_obtained":["Decay"]},{"damage_healed":0.0,"max_hp_gain":0.0,"max_hp_loss":0.0,"gold_gain":0.0,"cards_transformed":["rmod:strick"],"event_name":"Transmorgrifier","player_choice":"Transformed","floor":38.0,"gold_loss":0.0,"damage_taken":0.0,"cards_obtained":["rmod:tearstotiara"]},{"damage_healed":0,"gold_gain":0,"player_choice":"Fight","damage_taken":0,"max_hp_gain":0,"max_hp_loss":0,"event_name":"Mysterious Sphere","floor":42,"gold_loss":0},{"damage_healed":0,"gold_gain":400,"player_choice":"Sell","damage_taken":0,"max_hp_gain":0,"max_hp_loss":0,"event_name":"恩洛斯的盘子","floor":46,"relics_lost":["DaveBox"],"gold_loss":0}],"is_beta":false,"boss_relics":[{"not_picked":["RhineFirstAidKit","testmod-IncinerationGenerator"],"picked":"testmod-PortableAltar"},{"not_picked":["SacredBark","RhineCircuit"],"picked":"testmod-Nine"}],"items_purged_floors":[3,10,25,30,37,53],"is_endless":false,"potions_floor_spawned":[1,4,5,16,20,22,23,24,35,39,41,45,48,54],"ascension_level":0}}