{"host":"t9q14bihfoo75lsb","time":1611904600,"event":{"mods":["100% Spire Juice","Arknights The Spire","BaseMod","Better Third Choice","Challenge The Spire","Hermit","Infinite Spire","Koishi","Minty Spire (QoL Compilation)","Reworked Bosses","Shop Mod","Spicy Shops","StSLib","The Cursed","The Dragon Tamer","The Hierophant","The Runesmith"],"gold_per_floor":[153,33,33,78,78,180,270,354,354,429,429,186,231,324,84,297,297,327,327,36,36,36],"floor_reached":21,"language":"KOR","playtime":822,"items_purged":["Moonworks:Dinner"],"score":751,"play_id":"399aa21f-04a0-420d-9121-08819875af21","local_time":"20210129161640","daily_mods":["Draft","Specialized","Vintage","Heirloom","Flight","DeadlyEvents","Elite Swarm","Midas"],"is_ascension_mode":true,"campfire_choices":[{"floor":11,"key":"RECALL"},{"data":"Moonworks:Dinner","floor":15,"key":"PURGE"}],"circlet_count":0,"master_deck":["AscendersBane","Moonworks:ReflectiveShell","Moonworks:ReflectiveShell","Moonworks:ReflectiveShell","Moonworks:ReflectiveShell","Moonworks:ReflectiveShell","Moonworks:BackdoorTrade","Moonworks:SakisCookie","Moonworks:SakisCookie","Moonworks:SelfDestruct","Moonworks:ImOnFire","Moonworks:Flamethrower","Moonworks:AngelHand","Moonworks:MixPhenomenon","Moonworks:Flamethrower","Moonworks:ImmovableObject","Moonworks:Flamethrower","Moonworks:EvilSpyWorkPreparation+1","Moonworks:DeployBits","Moonworks:ShieldCounter","Moonworks:HolyNight","Moonworks:CrystalBarrier","Moonworks:Blazing+1","Moonworks:SinkOrSwim+1","Moonworks:SinkOrSwim+1","Moonworks:CrystalBarrier+1","infinitespire:NeuralNetwork+1","Moonworks:EvilSpyWorkPreparation","Moonworks:RagingMadness+1"],"relics":["Moonworks:BrokenBomb","Moonworks:Homemark","Incense Burner","infinitespire:Lucky Rock","infinitespire:Bottled Soul","Gremlin Horn","Peace Pipe","Frozen Egg 2","Anchor","Boot","Runesmith:AutoHammer","Potion Belt","Coffee Dripper","Calipers","Molten Egg 2"],"acts_visited":["Exordium","TheCity"],"potions_floor_usage":[13,16],"damage_taken":[{"damage":0,"enemies":"Small Slimes","floor":1,"turns":4},{"damage":5,"enemies":"Cultist","floor":4,"turns":5},{"damage":5,"enemies":"3 Sentries","floor":6,"turns":4},{"damage":0,"enemies":"Gremlin Nob","floor":7,"turns":3},{"damage":0,"enemies":"Lagavulin","floor":8,"turns":7},{"damage":16,"enemies":"3 Sentries","floor":10,"turns":9},{"damage":0,"enemies":"2 Louse","floor":13,"turns":4},{"damage":0,"enemies":"Gremlin Nob","floor":14,"turns":5},{"damage":0,"enemies":"The Guardian","floor":16,"turns":6},{"damage":31,"enemies":"Shell Parasite","floor":18,"turns":5},{"damage":12,"enemies":"3 Byrds","floor":21,"turns":3}],"seed_played":"-597640461238882511","potions_obtained":[{"floor":1,"key":"Fire Potion"},{"floor":7,"key":"Weak Potion"}],"is_trial":true,"path_per_floor":["M","?","$","M","?","E","E","E","T","E","R","$","M","E","R","B",null,"M","?","$","M"],"character_chosen":"THE_STARBREAKER","items_purchased":["Boot","Moonworks:EvilSpyWorkPreparation","Moonworks:RagingMadness+1","Molten Egg 2"],"campfire_rested":0,"item_purchase_floors":[12,20,20,20],"current_hp_per_floor":[53,53,53,52,52,49,49,52,52,38,38,38,43,45,45,45,53,24,11,11,0,0],"gold":36,"neow_bonus":"","is_daily":false,"chose_seed":false,"campfire_upgraded":0,"win_rate":0.0,"timestamp":1611904600,"path_taken":["M","?","?","?","?","E","E","E","T","E","R","$","M","?","R","BOSS","M","?","$","?"],"items_purchased_type":["Relic","Card","Card","Relic"],"build_version":"2020-12-22","purchased_purges":1,"victory":false,"max_hp_per_floor":[55,55,55,55,55,55,55,55,55,55,55,55,55,55,55,55,55,55,55,55,55,55],"card_choices":[{"not_picked":["Moonworks:CloudOfSeagulls","Moonworks:Assault"],"picked":"Moonworks:BackdoorTrade","floor":0},{"not_picked":["Moonworks:BigMagnum","Moonworks:MiracleWalker"],"picked":"Moonworks:SakisCookie","floor":0},{"not_picked":["Moonworks:CloudOfSeagulls","Moonworks:JonathanRush"],"picked":"Moonworks:SakisCookie","floor":0},{"not_picked":["Moonworks:ImOnFire","Moonworks:IndiscriminateFireSupport"],"picked":"Moonworks:SelfDestruct","floor":0},{"not_picked":["Moonworks:JonathanRush","Moonworks:BigMagnum"],"picked":"Moonworks:Dinner","floor":0},{"not_picked":["Moonworks:CloudOfSeagulls","Moonworks:BigMagnum"],"picked":"Moonworks:ImOnFire","floor":0},{"not_picked":["Moonworks:ImOnFire","Moonworks:ImmovableObject"],"picked":"Moonworks:Flamethrower","floor":0},{"not_picked":["Moonworks:Assault","Moonworks:JonathanRush"],"picked":"Moonworks:AngelHand","floor":0},{"not_picked":["Moonworks:JonathanRush","Moonworks:DeployBits"],"picked":"Moonworks:MixPhenomenon","floor":0},{"not_picked":["Moonworks:BigMagnum","Moonworks:IndiscriminateFireSupport"],"picked":"Moonworks:Flamethrower","floor":0},{"not_picked":["Moonworks:IndiscriminateFireSupport","Moonworks:ImOnFire"],"picked":"Moonworks:ImmovableObject","floor":0},{"not_picked":["Moonworks:JonathanRush","Moonworks:NicePresent"],"picked":"Moonworks:Flamethrower","floor":0},{"not_picked":["Moonworks:JonathanRush","Moonworks:Flamethrower"],"picked":"Moonworks:EvilSpyWorkPreparation","floor":0},{"not_picked":["Moonworks:ImOnFire","Moonworks:Assault"],"picked":"Moonworks:DeployBits","floor":0},{"not_picked":["Moonworks:Assault","Moonworks:CloudOfSeagulls"],"picked":"Moonworks:Dinner","floor":0},{"not_picked":["Moonworks:PlushieMaster","Moonworks:ShieldCounter"],"picked":"Moonworks:HolyNight","floor":6},{"not_picked":["Moonworks:SinkOrSwim","Moonworks:EvilMastermind"],"picked":"Moonworks:CrystalBarrier","floor":7},{"not_picked":["Moonworks:RocketCannon","Moonworks:PlushieMaster"],"picked":"Moonworks:Blazing+1","floor":8},{"not_picked":["Moonworks:Gamble","Moonworks:Wanted"],"picked":"Moonworks:SinkOrSwim+1","floor":10},{"not_picked":["Moonworks:GoAway","Moonworks:RocketCannon"],"picked":"Moonworks:SinkOrSwim+1","floor":14},{"not_picked":["Moonworks:ReflectiveShell+1","Moonworks:OutOfAmmo+1"],"picked":"Moonworks:CrystalBarrier+1","floor":16},{"not_picked":["infinitespire:FinalStrike","infinitespire:Gouge"],"picked":"infinitespire:NeuralNetwork","floor":19}],"player_experience":504803,"relics_obtained":[{"floor":1,"key":"infinitespire:Lucky Rock"},{"floor":4,"key":"infinitespire:Bottled Soul"},{"floor":6,"key":"Gremlin Horn"},{"floor":7,"key":"Peace Pipe"},{"floor":8,"key":"Frozen Egg 2"},{"floor":10,"key":"Anchor"},{"floor":13,"key":"Runesmith:AutoHammer"},{"floor":14,"key":"Potion Belt"},{"floor":18,"key":"Calipers"}],"event_choices":[{"damage_healed":0,"gold_gain":0,"player_choice":"1 cards matched","damage_taken":0,"max_hp_gain":0,"max_hp_loss":0,"event_name":"Match and Keep!","floor":2,"gold_loss":0,"cards_obtained":["Moonworks:ShieldCounter"]},{"damage_healed":0,"gold_gain":0,"player_choice":"Grow","damage_taken":0,"max_hp_gain":0,"max_hp_loss":0,"event_name":"Living Wall","floor":5,"gold_loss":0,"cards_upgraded":["Moonworks:EvilSpyWorkPreparation"]}],"is_beta":false,"boss_relics":[{"not_picked":["Philosopher\u0027s Stone","Runic Dome"],"picked":"Coffee Dripper"}],"items_purged_floors":[12],"is_endless":false,"potions_floor_spawned":[1,7,10],"killed_by":"3 Byrds","ascension_level":20}}