{"host":"mku5fdaoqz3qihec","time":1611927897,"event":{"mods":["100% Spire Juice","2.2 Compatiblity","AchievementEnabler","Arknights The Spire","BaseMod","CapriCore","Colored Map","Colored Powertips","Hermit","Koishi","Minty Spire (QoL Compilation)","Rare Cards Sparkle","StSLib","SuperFastMode","The Dragon Tamer","The Immortal","The Servant 0.9.4"],"gold_per_floor":[110,110,35,60,60,60,85,103,103,103,119,144,168,191,191,312,312,331,406,54,79,99,134,147,147,147,161,201,201,235,247,247,351,351,365,86,99,88,88,88,117,117,117,117,127,138,158,158,158,158,158],"floor_reached":50,"language":"KOR","playtime":920,"items_purged":["ats:Strike V","ats:Strike S","ats:Strike C","ats:Armor Crushing Shot"],"score":581,"play_id":"faa76b95-ea01-4bad-95e9-313375b75187","local_time":"20210129224457","is_ascension_mode":false,"campfire_choices":[{"data":"ats:LN2 Cannon","floor":6.0,"key":"SMITH"},{"data":"ats:Healing Strengthening","floor":15.0,"key":"SMITH"},{"data":"ats:Demon Strength","floor":25,"key":"SMITH"},{"data":"ats:Phantom","floor":32,"key":"SMITH"},{"data":"ats:Apocalypse","floor":40,"key":"SMITH"},{"data":"ats:Revitalization","floor":42,"key":"SMITH"},{"data":"ats:Sashimi Platter","floor":44,"key":"SMITH"},{"data":"Madness","floor":49,"key":"SMITH"}],"circlet_count":0,"master_deck":["ats:Defend","ats:Defend","ats:Defend","ats:Defend","ats:Emotion Absorption","ats:LN2 Cannon+1","ats:Powerful Strike","ats:Sashimi Platter+1","ats:Apocalypse+1","ats:Healing Strengthening+1","ats:Wolf Pack","ats:True Silver Slash+1","ats:Demon Strength+1","ats:Revitalization+1","ats:Mental Burst+1","ats:Phantom+1","Madness+1","Madness"],"relics":["Runic Pyramid","Bloody Idol","Mango","Happy Flower","Runic Dome","Molten Egg 2","HornCleat","ats:Originium","Gambling Chip","Juzu Bracelet","Red Mask","Bottled Tornado","Busted Crown","Akabeko","Mummified Hand","Smiling Mask","Bottled Flame"],"acts_visited":["Exordium","TheCity","TheBeyond"],"potions_floor_usage":[21,21,23,24,28,33,33,50,50,50],"damage_taken":[{"damage":5.0,"enemies":"Small Slimes","floor":1.0,"turns":3.0},{"damage":8.0,"enemies":"2 Louse","floor":4.0,"turns":3.0},{"damage":6.0,"enemies":"Cultist","floor":7.0,"turns":3.0},{"damage":12.0,"enemies":"Blue Slaver","floor":8.0,"turns":2.0},{"damage":5.0,"enemies":"3 Louse","floor":11.0,"turns":2.0},{"damage":11.0,"enemies":"Large Slime","floor":12.0,"turns":4.0},{"damage":12.0,"enemies":"Exordium Wildlife","floor":14.0,"turns":3.0},{"damage":62.0,"enemies":"Hexaghost","floor":16.0,"turns":9.0},{"damage":24.0,"enemies":"Spheric Guardian","floor":18.0,"turns":4.0},{"damage":0,"enemies":"3 Byrds","floor":21,"turns":3},{"damage":0,"enemies":"Sentry and Sphere","floor":22,"turns":3},{"damage":47,"enemies":"Book of Stabbing","floor":23,"turns":5},{"damage":1,"enemies":"Snecko","floor":24,"turns":4},{"damage":10,"enemies":"Cultist and Chosen","floor":27,"turns":4},{"damage":10,"enemies":"Masked Bandits","floor":28,"turns":2},{"damage":0,"enemies":"Slavers","floor":30,"turns":2},{"damage":6,"enemies":"Chosen and Byrds","floor":31,"turns":3},{"damage":4,"enemies":"Collector","floor":33,"turns":4},{"damage":0,"enemies":"3 Darklings","floor":35,"turns":2},{"damage":0,"enemies":"Orb Walker","floor":37,"turns":1},{"damage":22,"enemies":"Reptomancer","floor":41,"turns":4},{"damage":18,"enemies":"Spire Growth","floor":45,"turns":3},{"damage":14,"enemies":"Sphere and 2 Shapes","floor":46,"turns":1},{"damage":0,"enemies":"Jaw Worm Horde","floor":47,"turns":1},{"damage":174,"enemies":"Donu and Deca","floor":50,"turns":8}],"seed_played":"9007575838514397963","potions_obtained":[{"floor":4.0,"key":"SteroidPotion"},{"floor":7.0,"key":"Explosive Potion"},{"floor":12.0,"key":"EntropicBrew"},{"floor":18.0,"key":"EntropicBrew"},{"floor":21,"key":"Energy Potion"},{"floor":27,"key":"Strength Potion"},{"floor":31,"key":"AttackPotion"},{"floor":35,"key":"ats:Emergency Sanity Potion"},{"floor":45,"key":"Explosive Potion"}],"is_trial":false,"path_per_floor":["M","?","$","M","?","R","M","M","T","?","M","M","T","M","R","B",null,"M","?","$","M","M","E","M","R","T","M","?","?","E","M","R","B",null,"M","$","M","$","?","R","E","R","T","R","M","M","M","?","R","B"],"character_chosen":"DOCTOR_CLASS","items_purchased":["Molten Egg 2","ats:True Silver Slash+1","HornCleat","Akabeko","Mummified Hand"],"campfire_rested":0,"item_purchase_floors":[20,20,20,36,38],"current_hp_per_floor":[67,49,49,41,34,34,28,16,30,35,30,30,30,31,31,41,91,73,64,64,64,82,63,69,69,69,75,81,81,86,91,91,91,91,91,91,91,91,81,81,76,76,76,76,85,76,81,70,70,0,0],"gold":158,"neow_bonus":"BOSS_RELIC","is_daily":false,"chose_seed":false,"campfire_upgraded":8,"win_rate":0.0,"timestamp":1611927897,"path_taken":["M","?","$","M","?","R","M","M","T","?","M","M","?","M","R","BOSS","M","?","$","M","M","E","M","R","T","M","?","?","E","M","R","BOSS","M","$","M","$","?","R","E","R","T","R","M","M","M","?","R","BOSS"],"items_purchased_type":["Relic","Card","Relic","Relic","Relic"],"build_version":"2020-12-22","purchased_purges":4,"victory":false,"max_hp_per_floor":[72,72,72,72,72,72,72,72,86,91,91,91,91,91,91,91,91,91,91,91,91,91,91,91,91,91,91,91,91,91,91,91,91,91,91,91,91,91,91,91,91,91,91,91,91,91,91,91,91,91,91],"card_choices":[{"not_picked":["ats:Guard Mode","ats:Leaping Hammer","ats:Cat Scratch"],"picked":"SKIP","floor":1.0},{"not_picked":["ats:Very Hot Blade","ats:Curse Doll"],"picked":"ats:LN2 Cannon","floor":4.0},{"not_picked":["ats:Closed Bolt Burst Fire","ats:Rapid Magazine"],"picked":"ats:Powerful Strike","floor":7.0},{"not_picked":["ats:Encircling Forest","ats:Beaten Up"],"picked":"ats:Sashimi Platter","floor":8.0},{"not_picked":["ats:Shell Defense","ats:Encircling Forest"],"picked":"ats:Apocalypse","floor":11.0},{"not_picked":["ats:Very Hot Blade","ats:Curse Doll"],"picked":"ats:Healing Strengthening","floor":12.0},{"not_picked":["ats:Very Hot Blade","ats:Blood Oath","ats:Collapsing Strike"],"picked":"SKIP","floor":14.0},{"not_picked":["ats:Durian","ats:Volcano"],"picked":"ats:Wolf Pack","floor":16.0},{"not_picked":["ats:Absolute Focus","ats:Leaping Hammer+1","ats:Consecutive Shot Auto"],"picked":"SKIP","floor":18.0},{"not_picked":["ats:Automatic Cover","ats:Powerful Strike+1"],"picked":"ats:Demon Strength","floor":21},{"not_picked":["ats:Absolute Focus","ats:Powerful Strike+1"],"picked":"ats:Revitalization","floor":22},{"not_picked":["ats:Assault Order","ats:Volcano+1","ats:Closed Bolt Burst Fire+1"],"picked":"SKIP","floor":23},{"not_picked":["ats:Sunburst+1","ats:Composite Medical Shells","ats:Revitalization+1"],"picked":"SKIP","floor":24},{"not_picked":["ats:Shadow Raid+1","ats:Automatic Cover","ats:Shell Defense"],"picked":"SKIP","floor":27},{"not_picked":["ats:Steam Pump+1","ats:Apocalypse+1"],"picked":"ats:Mental Burst+1","floor":30},{"not_picked":["ats:Guard Mode","ats:Ignite+1"],"picked":"ats:Phantom","floor":31},{"not_picked":["ats:Sword Rain+1"],"picked":"SKIP","floor":35},{"not_picked":["ats:Steam Pump+1"],"picked":"SKIP","floor":37},{"not_picked":["ats:Poison Spread+1"],"picked":"SKIP","floor":41},{"not_picked":["ats:Assault Order"],"picked":"SKIP","floor":45},{"not_picked":["ats:Ignite+1"],"picked":"SKIP","floor":46},{"not_picked":["ats:Powerful Strike+1"],"picked":"SKIP","floor":47}],"player_experience":293374,"relics_obtained":[{"floor":9.0,"key":"Mango"},{"floor":13.0,"key":"Happy Flower"},{"floor":23,"key":"ats:Originium"},{"floor":23,"key":"Gambling Chip"},{"floor":26,"key":"Juzu Bracelet"},{"floor":28,"key":"Red Mask"},{"floor":30,"key":"ats:Originium"},{"floor":30,"key":"Bottled Tornado"},{"floor":41,"key":"ats:Originium"},{"floor":41,"key":"Smiling Mask"},{"floor":43,"key":"Bottled Flame"}],"event_choices":[{"damage_healed":0.0,"max_hp_gain":0.0,"max_hp_loss":0.0,"gold_gain":0.0,"event_name":"Golden Idol","player_choice":"Take Damage","floor":2.0,"gold_loss":0.0,"damage_taken":18.0,"relics_obtained":["Golden Idol"]},{"cards_removed":["ats:Strike G"],"damage_healed":0.0,"max_hp_gain":0.0,"max_hp_loss":0.0,"gold_gain":0.0,"event_name":"Golden Wing","player_choice":"Card Removal","floor":5.0,"gold_loss":0.0,"damage_taken":7.0},{"damage_healed":0.0,"max_hp_gain":5.0,"max_hp_loss":0.0,"gold_gain":0.0,"event_name":"Big Fish","player_choice":"Donut","floor":10.0,"gold_loss":0.0,"damage_taken":0.0},{"damage_healed":0,"gold_gain":75,"player_choice":"Touch","damage_taken":9,"max_hp_gain":0,"max_hp_loss":0,"event_name":"FaceTrader","floor":19,"gold_loss":0},{"damage_healed":0,"gold_gain":0,"player_choice":"Fought Bandits","damage_taken":0,"max_hp_gain":0,"max_hp_loss":0,"event_name":"Masked Bandits","floor":28,"gold_loss":0},{"damage_healed":0,"gold_gain":0,"player_choice":"Gave Idol","damage_taken":0,"relics_obtained":["Bloody Idol"],"max_hp_gain":0,"max_hp_loss":0,"event_name":"Forgotten Altar","floor":29,"relics_lost":["Golden Idol"],"gold_loss":0},{"damage_healed":0,"gold_gain":0,"player_choice":"Memory 3","damage_taken":10,"max_hp_gain":0,"max_hp_loss":0,"event_name":"SensoryStone","floor":39,"gold_loss":0},{"damage_healed":0,"gold_gain":0,"player_choice":"Embrace Madness","damage_taken":11,"max_hp_gain":0,"max_hp_loss":0,"event_name":"Winding Halls","floor":48,"gold_loss":0,"cards_obtained":["Madness","Madness"]}],"is_beta":false,"boss_relics":[{"not_picked":["Cursed Key","Ectoplasm"],"picked":"Runic Dome"},{"not_picked":["Tiny House","SacredBark"],"picked":"Busted Crown"}],"items_purged_floors":[3,20,36,38],"is_endless":false,"potions_floor_spawned":[4,7,12,18,21,27,31,35,45],"killed_by":"Donu and Deca","ascension_level":0}}