{"host":"2qv44oxt58ptq59r","time":1611951028,"event":{"mods":["AchievementEnabler","BaseMod","Colored Powertips","Highlight Path","Minty Spire (QoL Compilation)","Permanent Neow","StSLib"],"gold_per_floor":[119,119,143,143,143,143,28,28,28,67,87,111,125,146,146,265,265,288,302,302,302],"floor_reached":20,"language":"ENG","playtime":2051,"items_purged":["Strike_P"],"score":185,"play_id":"ca3b9d1b-7b36-4d3b-b61a-3fc9173e9208","local_time":"20210129201028","is_ascension_mode":true,"campfire_choices":[{"data":"Worship","floor":6,"key":"SMITH"},{"data":"Eruption","floor":8,"key":"SMITH"},{"floor":15,"key":"REST"}],"circlet_count":0,"master_deck":["Strike_P","Defend_P","Defend_P","Defend_P","Defend_P","Eruption+1","Vigilance","Prostrate","PathToVictory","Worship+1","BattleHymn","WindmillStrike","Consecrate","CarveReality","Wallop","ReachHeaven","Establishment","Protect","Weave"],"relics":["PureWater","Golden Idol","InkBottle","Shovel","Empty Cage"],"acts_visited":["Exordium","TheCity"],"potions_floor_usage":[10,19],"damage_taken":[{"damage":0,"enemies":"Small Slimes","floor":1,"turns":7},{"damage":3,"enemies":"Jaw Worm","floor":3,"turns":4},{"damage":10,"enemies":"Lagavulin","floor":10,"turns":7},{"damage":0,"enemies":"2 Louse","floor":11,"turns":2},{"damage":0,"enemies":"Looter","floor":12,"turns":3},{"damage":8,"enemies":"2 Fungi Beasts","floor":13,"turns":4},{"damage":9,"enemies":"Lots of Slimes","floor":14,"turns":4},{"damage":31,"enemies":"Slime Boss","floor":16,"turns":6},{"damage":32,"enemies":"Spheric Guardian","floor":18,"turns":6},{"damage":26,"enemies":"2 Thieves","floor":19,"turns":4},{"damage":15,"enemies":"Snake Plant","floor":20,"turns":4}],"seed_played":"4212273897793883247","potions_obtained":[{"floor":3,"key":"EssenceOfSteel"},{"floor":18,"key":"BlessingOfTheForge"}],"is_trial":false,"path_per_floor":["M","?","M","T","?","R","$","R","T","E","M","M","M","M","R","B",null,"M","M","M"],"character_chosen":"WATCHER","items_purchased":["BattleHymn"],"campfire_rested":1,"item_purchase_floors":[7],"current_hp_per_floor":[72,54,51,51,51,51,51,51,51,41,41,41,33,24,45,14,72,40,14,0,0],"gold":302,"neow_bonus":"THREE_CARDS","is_daily":false,"chose_seed":false,"campfire_upgraded":2,"win_rate":0.0,"timestamp":1611951028,"path_taken":["M","?","M","?","?","R","$","R","T","E","?","M","M","M","R","BOSS","M","M","M"],"items_purchased_type":["Card"],"build_version":"2020-12-22","purchased_purges":1,"victory":false,"max_hp_per_floor":[72,72,72,72,72,72,72,72,72,72,72,72,72,72,72,72,72,72,72,72,72],"card_choices":[{"not_picked":["CutThroughFate","FollowUp"],"picked":"Prostrate","floor":0},{"not_picked":["SashWhip","FlurryOfBlows"],"picked":"PathToVictory","floor":1},{"not_picked":["Sanctity","CutThroughFate"],"picked":"Worship","floor":3},{"not_picked":["Consecrate","Prostrate"],"picked":"WindmillStrike","floor":10},{"not_picked":["FlyingSleeves","FollowUp"],"picked":"Consecrate","floor":11},{"not_picked":["Vengeance","Prostrate"],"picked":"CarveReality","floor":12},{"not_picked":["CutThroughFate","Prostrate"],"picked":"Wallop","floor":13},{"not_picked":["Scrawl","EmptyFist"],"picked":"ReachHeaven","floor":14},{"not_picked":["Brilliance","Scrawl"],"picked":"Establishment","floor":16},{"not_picked":["SandsOfTime+1","Conclude"],"picked":"Protect","floor":18},{"not_picked":["Vengeance+1","FollowUp"],"picked":"Weave","floor":19}],"player_experience":5513989,"relics_obtained":[{"floor":9,"key":"InkBottle"},{"floor":10,"key":"Shovel"}],"event_choices":[{"damage_healed":0,"gold_gain":0,"player_choice":"Take Damage","damage_taken":18,"relics_obtained":["Golden Idol"],"max_hp_gain":0,"max_hp_loss":0,"event_name":"Golden Idol","floor":2,"gold_loss":0},{"damage_healed":0,"gold_gain":0,"player_choice":"Ignored","damage_taken":0,"max_hp_gain":0,"max_hp_loss":0,"event_name":"Liars Game","floor":5,"gold_loss":0}],"is_beta":false,"boss_relics":[{"not_picked":["Tiny House","Runic Dome"],"picked":"Empty Cage"}],"items_purged_floors":[7],"is_endless":false,"potions_floor_spawned":[3,18],"killed_by":"Snake Plant","ascension_level":1}}