{"host":"omgphoea13lnyb7y","time":1611914502,"event":{"mods":["Aspiration","BaseMod","Better Note","BetterRewards","Colored Map","DeckTracker","Hubris","Minty Spire (QoL Compilation)","StSLib","The Construct","The Cursed","The Jungle","The Necromancer"],"gold_per_floor":[112,112,62,8,28,54,66,100,100,100,131,161,248,273,285,394,406,438,15,114,129,129,129,129,163,163,163,17,45,45,63,63,168,168,183,183,196,123,140,170,170,170,170,170,190,215,215,228,228,228,228,228,6,33,33,33],"floor_reached":55,"language":"ENG","playtime":1843,"items_purged":["Strike_B","Strike_B","Strike_B"],"score":794,"play_id":"8f7f500d-3f70-4109-9e3d-d30f9c64f284","local_time":"20210129020142","is_ascension_mode":true,"campfire_choices":[{"floor":15,"key":"REST"},{"data":"Hologram","floor":23,"key":"SMITH"},{"data":"Zap","floor":27,"key":"SMITH"},{"floor":32,"key":"REST"},{"floor":41,"key":"RECALL"},{"floor":44,"key":"REST"},{"floor":47,"key":"REST"},{"data":"Reboot","floor":49,"key":"SMITH"},{"data":"Conserve Battery","floor":52,"key":"SMITH"}],"circlet_count":0,"master_deck":["Strike_B","Defend_B","Defend_B","Defend_B","Defend_B","Zap+1","Dualcast","Gash","Rebound+1","Skim","Beam Cell+1","Ball Lightning+1","Rebound+1","Seek","Streamline+1","FTL+1","Hologram+1","Beam Cell+1","Streamline+1","Conserve Battery+1","Reboot+1","Barrage+1","Madness","Madness","Go for the Eyes+1","Seek","Deep Breath","Gash+1","Go for the Eyes+1","Go for the Eyes+1"],"relics":["Cracked Core","NeowsBlessing","Molten Egg 2","Mercury Hourglass","hubris:Spice","hubris:Towel","MawBank","hubris:VirtuousBlindfold","aspiration:RitualStick","Matryoshka","hubris:Metronome","Unceasing Top","Calipers","Girya"],"acts_visited":["Exordium","TheCity","TheBeyond","TheEnding"],"potions_floor_usage":[11,12,16,25,50,50,50,53],"damage_taken":[{"damage":0,"enemies":"Small Slimes","floor":1,"turns":1},{"damage":0,"enemies":"Jaw Worm","floor":5,"turns":1},{"damage":0,"enemies":"Gremlin Nob","floor":6,"turns":1},{"damage":6,"enemies":"Cultist","floor":7,"turns":3},{"damage":27,"enemies":"3 Sentries","floor":8,"turns":5},{"damage":18,"enemies":"Gremlin Nob","floor":11,"turns":3},{"damage":0,"enemies":"3 Louse","floor":12,"turns":1},{"damage":0,"enemies":"Large Slime","floor":14,"turns":2},{"damage":36,"enemies":"Hexaghost","floor":16,"turns":6},{"damage":0,"enemies":"Spheric Guardian","floor":18,"turns":3},{"damage":0,"enemies":"Chosen","floor":21,"turns":2},{"damage":15,"enemies":"Gremlin Leader","floor":25,"turns":4},{"damage":19,"enemies":"Slavers","floor":29,"turns":3},{"damage":21,"enemies":"Snake Plant","floor":31,"turns":2},{"damage":2,"enemies":"Champ","floor":33,"turns":5},{"damage":0,"enemies":"3 Shapes","floor":35,"turns":2},{"damage":10,"enemies":"Orb Walker","floor":37,"turns":2},{"damage":4,"enemies":"4 Shapes","floor":39,"turns":3},{"damage":2,"enemies":"Nemesis","floor":40,"turns":3},{"damage":1,"enemies":"3 Darklings","floor":45,"turns":3},{"damage":13,"enemies":"Giant Head","floor":46,"turns":4},{"damage":14,"enemies":"Jaw Worm Horde","floor":48,"turns":3},{"damage":40,"enemies":"Awakened One","floor":50,"turns":7},{"damage":45,"enemies":"Shield and Spear","floor":54,"turns":4},{"damage":19,"enemies":"The Heart","floor":55,"turns":2}],"seed_played":"-3289653599472116149","potions_obtained":[{"floor":6,"key":"PotionOfCapacity"},{"floor":7,"key":"Swift Potion"},{"floor":11,"key":"Explosive Potion"},{"floor":16,"key":"PotionOfCapacity"},{"floor":33,"key":"Strength Potion"},{"floor":35,"key":"BlessingOfTheForge"},{"floor":48,"key":"Fire Potion"}],"is_trial":false,"path_per_floor":["M","?","?","$","M","E","M","E","T","?","E","M","?","M","R","B",null,"M","$","?","M","?","R","?","E","T","R","$","E","$","M","R","B",null,"M","?","M","$","M","E","R","?","T","R","M","E","R","M","R","B",null,"R","$","E","B"],"character_chosen":"DEFECT","items_purchased":["Rebound+1","hubris:Spice","FTL+1","Streamline+1","DuplicationPotion","Fruit Juice"],"campfire_rested":4,"item_purchase_floors":[4,19,19,28,38,53],"current_hp_per_floor":[75,75,75,75,75,75,69,50,50,50,32,32,21,21,45,9,83,83,91,91,91,91,91,73,58,58,58,58,39,39,18,38,36,59,59,52,42,42,38,36,36,36,36,53,52,39,56,42,42,2,59,59,64,19,0,0],"gold":33,"neow_bonus":"THREE_ENEMY_KILL","is_daily":false,"chose_seed":false,"campfire_upgraded":4,"win_rate":0.0,"timestamp":1611914502,"path_taken":["M","?","?","?","?","E","M","E","T","?","E","M","?","M","R","BOSS","M","$","?","M","?","R","?","E","T","R","?","E","?","M","R","BOSS","M","?","M","$","M","E","R","?","T","R","M","E","R","M","R","BOSS","R","$","E","BOSS"],"items_purchased_type":["Card","Relic","Card","Card","Potion","Potion"],"build_version":"2020-12-22","purchased_purges":3,"victory":false,"max_hp_per_floor":[75,75,75,75,75,75,75,83,83,83,83,83,83,83,83,83,83,83,91,91,91,91,91,91,91,83,83,83,67,67,67,67,67,59,59,59,59,59,59,59,59,59,59,59,59,59,59,59,59,59,59,59,64,56,56,56],"card_choices":[{"not_picked":["Leap","aspiration:Polymerization"],"picked":"Gash","floor":1},{"not_picked":["Defragment","Cold Snap+1","Redo"],"picked":"SKIP","floor":5},{"not_picked":["Defragment","Conserve Battery"],"picked":"Skim","floor":6},{"not_picked":["Coolheaded","Sweeping Beam+1"],"picked":"Beam Cell+1","floor":7},{"not_picked":["Streamline+1","Chaos"],"picked":"Ball Lightning+1","floor":8},{"not_picked":["Genetic Algorithm","hubris:DoWhile","Coolheaded"],"picked":"SKIP","floor":11},{"not_picked":["Rebound+1","Turbo","Stack"],"picked":"SKIP","floor":12},{"not_picked":["Turbo","Stack"],"picked":"Rebound+1","floor":12},{"not_picked":["Barrage+1","Steam","Loop"],"picked":"SKIP","floor":14},{"not_picked":["Biased Cognition","Meteor Strike+1"],"picked":"Seek","floor":16},{"not_picked":["Cold Snap+1","Redo"],"picked":"Streamline+1","floor":18},{"not_picked":["Loop","Stack"],"picked":"Hologram","floor":21},{"not_picked":["Self Repair","Genetic Algorithm+1"],"picked":"Beam Cell+1","floor":25},{"not_picked":["Seek","Loop"],"picked":"hubris:SpiceAddiction","floor":29},{"not_picked":["Coolheaded+1","hubris:Ukulele+1"],"picked":"Conserve Battery","floor":31},{"not_picked":["Meteor Strike+1","Biased Cognition"],"picked":"Reboot","floor":33},{"not_picked":["Tempest+1","Steam+1"],"picked":"Barrage+1","floor":35},{"not_picked":["Hologram","Stack"],"picked":"Go for the Eyes+1","floor":37},{"not_picked":["hubris:SpiceAddiction","Coolheaded"],"picked":"Seek","floor":39},{"not_picked":["Fission","Consume","Turbo"],"picked":"SKIP","floor":40},{"not_picked":["Enlightenment","PanicButton"],"picked":"Deep Breath","floor":42},{"not_picked":["Skim+1","Blizzard+1","Tempest+1"],"picked":"SKIP","floor":45},{"not_picked":["Capacitor","Machine Learning"],"picked":"Gash+1","floor":46},{"not_picked":["Cold Snap+1","hubris:Ukulele+1"],"picked":"Go for the Eyes+1","floor":48},{"not_picked":["Meteor Strike+1","Loop+1"],"picked":"Go for the Eyes+1","floor":54}],"player_experience":63792,"relics_obtained":[{"floor":6,"key":"Mercury Hourglass"},{"floor":8,"key":"hubris:Spice"},{"floor":11,"key":"MawBank"},{"floor":25,"key":"Matryoshka"},{"floor":26,"key":"hubris:Spice"},{"floor":26,"key":"hubris:Metronome"},{"floor":29,"key":"hubris:Spice"},{"floor":40,"key":"Unceasing Top"},{"floor":43,"key":"Calipers"},{"floor":43,"key":"Girya"},{"floor":54,"key":"hubris:Spice"}],"event_choices":[{"cards_removed":["Injury"],"damage_healed":0,"gold_gain":0,"player_choice":"Card Removal","damage_taken":0,"max_hp_gain":0,"max_hp_loss":0,"event_name":"The Cleric","floor":3,"gold_loss":50},{"damage_healed":0,"gold_gain":75,"player_choice":"Gather Gold","damage_taken":11,"max_hp_gain":0,"max_hp_loss":0,"event_name":"World of Goop","floor":13,"gold_loss":0},{"damage_healed":0,"gold_gain":99,"player_choice":"Stole From Cult","damage_taken":0,"max_hp_gain":0,"max_hp_loss":0,"event_name":"Nest","floor":20,"gold_loss":0},{"damage_healed":0,"gold_gain":0,"player_choice":"Ignored","damage_taken":0,"max_hp_gain":0,"max_hp_loss":0,"event_name":"Ghosts","floor":22,"gold_loss":0},{"damage_healed":0,"gold_gain":0,"player_choice":"Embrace Madness","damage_taken":7,"max_hp_gain":0,"max_hp_loss":0,"event_name":"Winding Halls","floor":36,"gold_loss":0,"cards_obtained":["Madness","Madness"]},{"damage_healed":0,"gold_gain":0,"player_choice":"Memory 1","damage_taken":0,"max_hp_gain":0,"max_hp_loss":0,"event_name":"SensoryStone","floor":42,"gold_loss":0}],"is_beta":false,"boss_relics":[{"not_picked":["Philosopher\u0027s Stone","aspiration:RunicSpoon"],"picked":"hubris:VirtuousBlindfold"},{"not_picked":["hubris:Spice","construct:ClawGrip"],"picked":"hubris:Spice"}],"items_purged_floors":[19,28,53],"is_endless":false,"potions_floor_spawned":[6,7,11,16,33,35,45,48],"killed_by":"The Heart","ascension_level":1}}