{"host":"juoup3p5tvzzktl5","time":1611890355,"event":{"mods":["ATMod(∞¢Ë™Mod)","Aspiration","BaseMod","Better Vampires","BetterRewards","Colored Map","Colored Powertips","Friendly Minions","GifTheSpireLib","Hermit","Hubris","Infinite Spire","KinomotoSakuraMod(ƒæ÷Æ±æ”£)","Koishi","KomeijiMod","Marisa£®ÏF”Í°°ƒß¿Ì…≥£©","Minty Spire (QoL Compilation)","Quick Restart","Reimu£®≤©¿ˆ¡È√Œ£©","Relic Filter Mod","Reliquary","Replay The Spire","Shop Mod","StSLib","The Administrix","The Alterego","The Bug Knight","The Construct","The Cursed","The Jungle","The Mystic","The Runesmith","The Senshi","Youmu£®ªÍ∆«—˝√Œ£©","Yuyuko"],"gold_per_floor":[117,129,129,147,147,147,176,176,229,274,337,380,380,380,380,479,479,515,605,605,665,727,781,781,834,884,884,920,962,1027,1027,1027,1131,1231,1323,1248,867,1006,1093,1148,1187,1327,1351,1401,1497,1497,1497,1497,1497,1599,1720,1720,1786,1842,1842,1877,1962,2013,2013,2004,2004],"floor_reached":60,"language":"ZHS","playtime":2813,"items_purged":["Defend_R","Defend_R","Strike_R","Strike_R","Strike_R","Carnage+1"],"score":2728,"play_id":"882eab55-4caa-4c32-ae11-d3cbf3e9e533","local_time":"20210129121915","is_ascension_mode":true,"campfire_choices":[{"data":"Fire Breathing","floor":6.0,"key":"SMITH"},{"data":"Offering","floor":8.0,"key":"SMITH"},{"data":"Carnage","floor":13.0,"key":"SMITH"},{"data":"Second Wind","floor":15.0,"key":"SMITH"},{"data":"hubris:StunningStrike","floor":24.0,"key":"SMITH"},{"data":"Feel No Pain","floor":27.0,"key":"SMITH"},{"data":"hubris:InfiniteBlow+39276","floor":32.0,"key":"SMITH"},{"data":"ReplayTheSpireMod:Haul","floor":46.0,"key":"SMITH"},{"floor":49.0,"key":"REST"},{"data":"infinitespire:FutureSight","floor":59.0,"key":"SMITH"}],"circlet_count":0,"master_deck":["AscendersBane","Bash","Massacre","Offering+1","Fire Breathing+1","Carnage+1","Second Wind+1","Feel No Pain+1","Shockwave","hubris:InfiniteBlow+130922","Blood for Blood+1","Havoc+1","Impervious+1","hubris:StunningStrike+1","Fiend Fire","Headbutt","ReplayTheSpireMod:Haul+1","infinitespire:FutureSight+1","infinitespire:UltimateForm"],"relics":["Burning Blood","AT_ATBox","Gremlin Horn","infinitespire:Bottled Soul","AT_MibuBalloonWealth","Astrolabe","infinitespire:Burning Sword","Medical Kit","Bag of Preparation","aspiration:HiddenCompartment","hubris:Towel","Replay:Wanted Poster","infinitespire:CheckeredPen","hubris:SlimyHat","reliquary:RoseTintedGlasses","Bag of Marbles","hubris:Potato","Sozu","Happy Flower","Replay:Grab Bag","infinitespire:Cupcake","SlaversCollar","aspiration:SecretTechniqueScroll","Another Sword","hubris:64BitClover"],"acts_visited":["Exordium","Exordium","TheBeyond","Exordium"],"potions_floor_usage":[],"damage_taken":[{"damage":14.0,"enemies":"Jaw Worm","floor":1.0,"turns":4.0},{"damage":6.0,"enemies":"Cultist","floor":2.0,"turns":3.0},{"damage":6.0,"enemies":"Small Slimes","floor":4.0,"turns":2.0},{"damage":31.0,"enemies":"3 Sentries","floor":7.0,"turns":4.0},{"damage":8.0,"enemies":"Red Slaver","floor":10.0,"turns":2.0},{"damage":0.0,"enemies":"Large Slime","floor":11.0,"turns":4.0},{"damage":6.0,"enemies":"Blue Slaver","floor":12.0,"turns":1.0},{"damage":0.0,"enemies":"Fading Forest","floor":16.0,"turns":1.0},{"damage":0.0,"enemies":"theJungle:GiantWrat","floor":18.0,"turns":1.0},{"damage":11.0,"enemies":"theJungle:MUSHROOMGANG","floor":19.0,"turns":4.0},{"damage":8.0,"enemies":"theJungle:2_Snecko_Cultists","floor":21.0,"turns":1.0},{"damage":7.0,"enemies":"theJungle:2_Flameangoes","floor":22.0,"turns":2.0},{"damage":0.0,"enemies":"Nightmare","floor":23.0,"turns":2.0},{"damage":0.0,"enemies":"theJungle:Cassacara","floor":25.0,"turns":1.0},{"damage":0.0,"enemies":"Snake Plant","floor":28.0,"turns":2.0},{"damage":6.0,"enemies":"theJungle:Lyon","floor":29.0,"turns":2.0},{"damage":0.0,"enemies":"theJungle:2_Snecko_Cultists","floor":30.0,"turns":2.0},{"damage":0.0,"enemies":"theJungle:QueenSpyder","floor":33.0,"turns":2.0},{"damage":6.0,"enemies":"3 Shapes","floor":35.0,"turns":2.0},{"damage":6.0,"enemies":"3 Darklings","floor":38.0,"turns":1.0},{"damage":13.0,"enemies":"Sphere and 2 Shapes","floor":39.0,"turns":1.0},{"damage":6.0,"enemies":"Nemesis","floor":40.0,"turns":1.0},{"damage":7.0,"enemies":"Writhing Mass","floor":41.0,"turns":2.0},{"damage":6.0,"enemies":"3 Darklings","floor":42.0,"turns":1.0},{"damage":0.0,"enemies":"Nightmare","floor":44.0,"turns":1.0},{"damage":22.0,"enemies":"2 Orb Walkers","floor":45.0,"turns":3.0},{"damage":5.0,"enemies":"Replay:Hell Engine","floor":50.0,"turns":2.0},{"damage":0.0,"enemies":"Donu and Deca","floor":51.0,"turns":2.0},{"damage":0.0,"enemies":"2 Louse","floor":53.0,"turns":1.0},{"damage":0.0,"enemies":"Small Slimes","floor":54.0,"turns":1.0},{"damage":0.0,"enemies":"Cultist","floor":56.0,"turns":1.0},{"damage":17.0,"enemies":"3 Louse","floor":57.0,"turns":2.0},{"damage":0.0,"enemies":"Gremlin Nob","floor":58.0,"turns":1.0},{"damage":83,"enemies":"Nightmare_Alpha","floor":60,"turns":2}],"seed_played":"2145184666144228020","potions_obtained":[{"floor":4.0,"key":"DistilledChaos"},{"floor":5.0,"key":"Fruit Juice"},{"floor":5.0,"key":"Block Potion"},{"floor":11.0,"key":"infinitespire:BlackPotion"},{"floor":12.0,"key":"AttackPotion"},{"floor":39.0,"key":"BloodPotion"}],"is_trial":false,"path_per_floor":["M","M","?","M","?","R","E","R","T","M","M","M","R","AVR","R","B",null,"M","M","AVR","M","M","NM","R","E","T","R","M","M","M","?","R","B",null,"M","?","$","M","M","E","M","M","T","NM","?","R","?","AVR","R","B","B",null,"M","M","AVR","M","M","E","R","NM"],"character_chosen":"IRONCLAD","items_purchased":["Gremlin Horn","infinitespire:CheckeredPen"],"campfire_rested":1,"item_purchase_floors":[0,37],"current_hp_per_floor":[48,48,48,48,53,53,28,28,28,26,32,32,32,32,32,38,70,76,71,71,69,68,74,74,80,80,80,80,80,80,80,80,80,80,80,80,80,80,73,73,72,72,72,78,62,62,42,42,66,67,73,78,80,80,80,80,69,75,75,0,0],"gold":2004,"neow_bonus":"","is_daily":false,"chose_seed":false,"campfire_upgraded":9,"win_rate":0.0,"timestamp":1611890355,"path_taken":["M","M","?","?","?","R","E","R","T","?","M","M","R","AVR","R","BOSS","M","?","AVR","M","M","NM","R","E","T","R","M","M","M","?","R","BOSS","M","?","$","M","?","E","M","M","T","NM","?","R","?","AVR","R","BOSS","BOSS","M","M","AVR","M","M","E","R","NM"],"items_purchased_type":["Relic","Relic"],"build_version":"2020-12-22","purchased_purges":6,"victory":false,"max_hp_per_floor":[75,75,75,75,80,80,80,80,80,80,80,80,80,80,80,80,80,80,80,80,80,80,80,80,80,80,80,80,80,80,80,80,80,80,80,80,80,80,80,80,80,80,80,80,80,80,80,80,80,80,80,80,80,80,80,80,80,80,80,80,80],"card_choices":[{"not_picked":["Metallicize","Iron Wave"],"picked":"Massacre","floor":1.0},{"not_picked":["hubris:ReadiedAction","Disarm","ReplayTheSpireMod:Strike From Hell"],"picked":"SKIP","floor":2.0},{"not_picked":["Thunderclap","ReplayTheSpireMod:Stacked"],"picked":"Fire Breathing","floor":4.0},{"not_picked":["Warcry","Iron Wave"],"picked":"Carnage","floor":7.0},{"not_picked":["Armaments","Clash"],"picked":"Second Wind","floor":10.0},{"not_picked":["Perfected Strike","Iron Wave"],"picked":"Feel No Pain","floor":11.0},{"not_picked":["Sword Boomerang","Iron Wave"],"picked":"Shockwave","floor":12.0},{"not_picked":["Barricade","Fiend Fire"],"picked":"hubris:StunningStrike","floor":16.0},{"not_picked":["Sword Boomerang","Perfected Strike+1"],"picked":"Carnage+1","floor":18.0},{"not_picked":["Pummel","Cleave","Run Through"],"picked":"SKIP","floor":19.0},{"not_picked":["ReplayTheSpireMod:Muscle Training","Heavy Blade","Wild Strike"],"picked":"SKIP","floor":21.0},{"not_picked":["Warcry","Berserk","Headbutt"],"picked":"SKIP","floor":22.0},{"not_picked":["Berserk","Carnage","Combust"],"picked":"SKIP","floor":23.0},{"not_picked":["Hemogenesis","AT_IchimonjiDouble","Headbutt"],"picked":"SKIP","floor":25.0},{"not_picked":["Clothesline","Clash","Flame Barrier"],"picked":"SKIP","floor":28.0},{"not_picked":["Replay:Undeath\u0027s Touch+1","Iron Wave","Heavy Blade+1"],"picked":"SKIP","floor":29.0},{"not_picked":["Sword Boomerang","Whirlwind","Shrug It Off"],"picked":"SKIP","floor":30.0},{"not_picked":["Bludgeon","Limit Break"],"picked":"Fiend Fire","floor":33.0},{"not_picked":["ReplayTheSpireMod:Strike From Hell","Dark Embrace"],"picked":"Headbutt","floor":35.0},{"not_picked":["Cleave","Body Slam","Twin Strike+1"],"picked":"SKIP","floor":38.0},{"not_picked":["Thunderclap","Heavy Blade+1","Blood for Blood"],"picked":"SKIP","floor":39.0},{"not_picked":["Blood for Blood","Pummel","Battle Trance"],"picked":"SKIP","floor":40.0},{"not_picked":["True Grit+1","hubris:ReadiedAction","AT_BodySlamDance"],"picked":"SKIP","floor":41.0},{"not_picked":["True Grit","Entrench","Clash"],"picked":"SKIP","floor":42.0},{"not_picked":["infinitespire:Menacing","Replay:Fractal Strike"],"picked":"ReplayTheSpireMod:Haul","floor":44.0},{"not_picked":["AT_IchimonjiDouble","Burning Pact","Clothesline+1"],"picked":"SKIP","floor":44.0},{"not_picked":["infinitespire:NeuralNetwork","infinitespire:SevenWalls"],"picked":"infinitespire:FutureSight","floor":47.0},{"not_picked":["infinitespire:SealOfDarkness+","infinitespire:Fortify"],"picked":"infinitespire:UltimateForm","floor":51.0},{"not_picked":["ReplayTheSpireMod:Limb From Limb","Twin Strike","Shrug It Off"],"picked":"SKIP","floor":53.0},{"not_picked":["Heavy Blade","ReplayTheSpireMod:LeadingStrike","Seeing Red"],"picked":"SKIP","floor":54.0},{"not_picked":["Sever Soul","Warcry","AT_IchimonjiDouble"],"picked":"SKIP","floor":56.0},{"not_picked":["Rupture","AT_DrawKnifeCut","Sentinel"],"picked":"SKIP","floor":57.0},{"not_picked":["Perfected Strike","Wild Strike","Ghostly Armor"],"picked":"SKIP","floor":58.0}],"player_experience":1084117,"relics_obtained":[{"floor":7.0,"key":"infinitespire:Bottled Soul"},{"floor":9.0,"key":"AT_MibuBalloonWealth"},{"floor":23.0,"key":"Bag of Preparation"},{"floor":25.0,"key":"aspiration:HiddenCompartment"},{"floor":40.0,"key":"hubris:SlimyHat"},{"floor":43.0,"key":"reliquary:RoseTintedGlasses"},{"floor":44.0,"key":"Bag of Marbles"},{"floor":45.0,"key":"hubris:Potato"},{"floor":58.0,"key":"hubris:64BitClover"}],"event_choices":[{"damage_healed":0.0,"max_hp_gain":0.0,"max_hp_loss":0.0,"gold_gain":0.0,"event_name":"Match and Keep!","player_choice":"1 cards matched","floor":3.0,"gold_loss":0.0,"damage_taken":0.0,"cards_obtained":["Offering"]},{"damage_healed":0.0,"max_hp_gain":0.0,"max_hp_loss":0.0,"gold_gain":0.0,"event_name":"Lab","player_choice":"Got Potions","floor":5.0,"gold_loss":0.0,"damage_taken":0.0},{"cards_removed":["Defend_R"],"damage_healed":0.0,"max_hp_gain":0.0,"max_hp_loss":0.0,"gold_gain":0.0,"event_name":"Designer","player_choice":"Single Remove","floor":36.0,"gold_loss":75.0,"damage_taken":0.0},{"damage_healed":0.0,"max_hp_gain":0.0,"max_hp_loss":0.0,"gold_gain":0.0,"event_name":"Mysterious Sphere","player_choice":"Fight","floor":45.0,"gold_loss":0.0,"damage_taken":0.0}],"is_beta":false,"boss_relics":[{"not_picked":["aspiration:RandomNobGenerator","Black Blood"],"picked":"infinitespire:Burning Sword"},{"not_picked":["Busted Crown","aspiration:FutureDiary"],"picked":"Replay:Wanted Poster"},{"not_picked":["Cursed Key","Replay:Fungal Core"],"picked":"Replay:Grab Bag"},{"not_picked":["hubris:CrackedHourglass","ChewingGum"],"picked":"infinitespire:Cupcake"},{"not_picked":["Ooze Armor","Philosopher\u0027s Stone"],"picked":"SlaversCollar"},{"not_picked":["hubris:BlackHole","Kintsugi"],"picked":"aspiration:SecretTechniqueScroll"}],"items_purged_floors":[0,14,20,37,48,55],"is_endless":true,"potions_floor_spawned":[4,7,11,12,18,21,23,29,38,39,40,44,45,50,57,58],"killed_by":"Nightmare_Alpha","ascension_level":20}}