{"host":"jlk2k69f9c6o7b3e","time":1611927447,"event":{"mods":["AchievementEnabler","BaseMod","Minty Spire (QoL Compilation)","StSLib"],"gold_per_floor":[117,117,117,127,147,147,164,191,191,211,4,31,68,149,149,328,328,344,382,382,448,489,489,541,541,616,669,669,710,763,113,113,234,234,271,321,340,390,390,441,441,455,455,470,470,525,541,571,571,596,596,596,62,89,89],"floor_reached":56,"language":"ZHS","playtime":3981,"items_purged":["Outmaneuver"],"score":1691,"play_id":"6c9865ff-9f88-4bd3-a05e-c67b55ffac3f","local_time":"20210129213727","is_ascension_mode":true,"campfire_choices":[{"data":"Neutralize","floor":6.0,"key":"SMITH"},{"data":"Terror","floor":15.0,"key":"SMITH"},{"data":"Prepared","floor":23.0,"key":"SMITH"},{"floor":25.0,"key":"RECALL"},{"data":"Concentrate","floor":32.0,"key":"SMITH"},{"data":"A Thousand Cuts","floor":41.0,"key":"SMITH"},{"data":"Secret Weapon","floor":49.0,"key":"SMITH"},{"data":"Master of Strategy","floor":52.0,"key":"SMITH"}],"circlet_count":0,"master_deck":["Strike_G","Strike_G","Strike_G","Strike_G","Strike_G","Defend_G","Defend_G","Defend_G","Defend_G","Defend_G","Survivor","Neutralize+1","Dagger Throw","Escape Plan","Backstab","Terror+1","Eviscerate+1","Concentrate+1","HandOfGreed+1","Prepared+1","Dagger Spray+1","Quick Slash+1","Storm of Steel","Backflip","Writhe","Choke+1","Unload+1","Underhanded Strike+1","Dagger Spray+1","Dagger Throw+1","Finisher+1","Unload+1","Endless Agony+1","Storm of Steel","Skewer+1","Quick Slash+1","Quick Slash+1","A Thousand Cuts+1","Tactician+1","Acrobatics+1","Master of Strategy+1","Secret Weapon+1","Finesse","Reflex+1","Setup","Deep Breath","Dagger Throw+1"],"relics":["Ring of the Snake","NeowsBlessing","Orichalcum","Singing Bowl","Molten Egg 2","Meat on the Bone","InkBottle","Philosopher\u0027s Stone","Boot","Art of War","Shuriken","Strawberry","MutagenicStrength","Lantern","Matryoshka","Ninja Scroll","Black Star","Incense Burner","Bag of Preparation","Toy Ornithopter","Pen Nib","Bronze Scales","Bottled Tornado","CaptainsWheel","Centennial Puzzle","Akabeko","Du-Vu Doll","Bag of Marbles","Oddly Smooth Stone"],"acts_visited":["Exordium","TheCity","TheBeyond","TheEnding"],"potions_floor_usage":[55,55,55],"damage_taken":[{"damage":0.0,"enemies":"Jaw Worm","floor":1.0,"turns":1.0},{"damage":0.0,"enemies":"Cultist","floor":4.0,"turns":1.0},{"damage":0.0,"enemies":"2 Louse","floor":5.0,"turns":1.0},{"damage":0.0,"enemies":"Exordium Wildlife","floor":7.0,"turns":4.0},{"damage":5.0,"enemies":"3 Sentries","floor":8.0,"turns":6.0},{"damage":2.0,"enemies":"3 Louse","floor":10.0,"turns":4.0},{"damage":16.0,"enemies":"Gremlin Nob","floor":12.0,"turns":4.0},{"damage":4.0,"enemies":"Blue Slaver","floor":13.0,"turns":3.0},{"damage":9.0,"enemies":"3 Sentries","floor":14.0,"turns":6.0},{"damage":18.0,"enemies":"Slime Boss","floor":16.0,"turns":12.0},{"damage":0.0,"enemies":"Spheric Guardian","floor":18.0,"turns":3.0},{"damage":0.0,"enemies":"3 Byrds","floor":19.0,"turns":4.0},{"damage":21.0,"enemies":"Centurion and Healer","floor":21.0,"turns":8.0},{"damage":12.0,"enemies":"Snake Plant","floor":22.0,"turns":3.0},{"damage":6.0,"enemies":"Slavers","floor":24.0,"turns":3.0},{"damage":2.0,"enemies":"Gremlin Leader","floor":27.0,"turns":4.0},{"damage":4.0,"enemies":"Snecko","floor":29.0,"turns":3.0},{"damage":10.0,"enemies":"Slavers","floor":30.0,"turns":3.0},{"damage":16.0,"enemies":"Collector","floor":33.0,"turns":3.0},{"damage":0.0,"enemies":"3 Shapes","floor":35.0,"turns":2.0},{"damage":0.0,"enemies":"Mind Bloom Boss Battle","floor":36.0,"turns":1.0},{"damage":0.0,"enemies":"Orb Walker","floor":37.0,"turns":1.0},{"damage":20.0,"enemies":"Reptomancer","floor":40.0,"turns":4.0},{"damage":0.0,"enemies":"Sphere and 2 Shapes","floor":42.0,"turns":1.0},{"damage":0.0,"enemies":"Transient","floor":44.0,"turns":5.0},{"damage":0.0,"enemies":"2 Orb Walkers","floor":46.0,"turns":2.0},{"damage":24.0,"enemies":"4 Shapes","floor":47.0,"turns":1.0},{"damage":12.0,"enemies":"Giant Head","floor":48.0,"turns":3.0},{"damage":0.0,"enemies":"Donu and Deca","floor":50.0,"turns":3.0},{"damage":9.0,"enemies":"Shield and Spear","floor":54.0,"turns":2.0},{"damage":33,"enemies":"The Heart","floor":55,"turns":5}],"seed_played":"4945314539842306806","potions_obtained":[{"floor":3.0,"key":"GamblersBrew"},{"floor":3.0,"key":"Weak Potion"},{"floor":3.0,"key":"BlessingOfTheForge"},{"floor":5.0,"key":"LiquidBronze"},{"floor":12.0,"key":"Fruit Juice"},{"floor":13.0,"key":"SpeedPotion"},{"floor":16.0,"key":"BlessingOfTheForge"},{"floor":18.0,"key":"SteroidPotion"},{"floor":22.0,"key":"Energy Potion"},{"floor":27.0,"key":"DistilledChaos"},{"floor":33.0,"key":"EntropicBrew"},{"floor":37.0,"key":"Weak Potion"},{"floor":42.0,"key":"GhostInAJar"},{"floor":44.0,"key":"Block Potion"},{"floor":48.0,"key":"Energy Potion"},{"floor":54.0,"key":"Dexterity Potion"}],"is_trial":false,"path_per_floor":["M","?","?","M","M","R","M","E","T","M","$","E","M","E","R","B",null,"M","M","?","M","M","R","E","R","T","E","?","M","E","$","R","B",null,"M","?","M","T","?","E","R","M","T","M","?","?","M","E","R","B",null,"R","$","E","B",null],"character_chosen":"THE_SILENT","items_purchased":["Concentrate","HandOfGreed+1","Unload+1","Endless Agony+1","Matryoshka","Ninja Scroll","Du-Vu Doll","Deep Breath","DuplicationPotion"],"campfire_rested":0,"item_purchase_floors":[11,11,31,31,31,31,53,53,53],"current_hp_per_floor":[63,56,56,56,56,56,56,51,51,49,49,33,41,44,44,43,67,67,69,69,48,48,48,42,42,42,47,47,43,45,45,45,41,73,73,73,73,73,73,53,53,53,53,58,48,48,38,38,38,50,77,77,77,73,55],"gold":89,"neow_bonus":"THREE_ENEMY_KILL","is_daily":false,"chose_seed":false,"campfire_upgraded":7,"win_rate":0.0,"timestamp":1611927447,"path_taken":["M","?","?","M","M","R","M","E","T","?","?","E","M","E","R","BOSS","M","M","?","M","M","R","E","R","T","E","?","M","E","?","R","BOSS","M","?","M","?","?","E","R","M","T","?","?","?","M","E","R","BOSS","R","$","E","BOSS"],"items_purchased_type":["Card","Card","Card","Card","Relic","Relic","Relic","Card","Potion"],"build_version":"2020-12-22","purchased_purges":1,"victory":true,"max_hp_per_floor":[70,70,70,70,70,70,70,70,70,70,70,70,70,70,70,75,75,75,77,77,77,77,77,77,77,77,84,84,84,84,84,84,84,84,84,84,84,84,84,84,84,84,84,84,84,84,86,86,86,86,86,86,86,86,86],"card_choices":[{"not_picked":["Outmaneuver","Acrobatics"],"picked":"Dagger Throw","floor":1.0},{"not_picked":["Sucker Punch","Caltrops"],"picked":"Escape Plan","floor":4.0},{"not_picked":["Flying Knee","Deflect"],"picked":"Backstab","floor":5.0},{"not_picked":["Bane","Flying Knee"],"picked":"Outmaneuver","floor":7.0},{"not_picked":["Acrobatics","Corpse Explosion"],"picked":"Terror","floor":8.0},{"not_picked":["Terror","Quick Slash+1"],"picked":"Eviscerate+1","floor":10.0},{"not_picked":["Deadly Poison","Acrobatics"],"picked":"Prepared","floor":12.0},{"not_picked":["Skewer+1","Deadly Poison"],"picked":"Dagger Spray+1","floor":13.0},{"not_picked":["Deadly Poison","Deflect"],"picked":"Quick Slash+1","floor":14.0},{"not_picked":["Doppelganger","Burst"],"picked":"Storm of Steel","floor":16.0},{"not_picked":["Deflect+1","Sucker Punch+1"],"picked":"Backflip","floor":18.0},{"not_picked":["Catalyst+1","Deadly Poison","PiercingWail"],"picked":"Singing Bowl","floor":19.0},{"not_picked":["Bane+1","Bouncing Flask"],"picked":"Choke+1","floor":21.0},{"not_picked":["Bane+1","Backflip"],"picked":"Unload+1","floor":22.0},{"not_picked":["Dodge and Roll","Deflect"],"picked":"Underhanded Strike+1","floor":24.0},{"not_picked":["Outmaneuver+1","Escape Plan"],"picked":"Dagger Spray+1","floor":27.0},{"not_picked":["Masterful Stab+1","Backflip"],"picked":"Dagger Throw+1","floor":29.0},{"not_picked":["Prepared+1","Blur"],"picked":"Finisher+1","floor":30.0},{"not_picked":["Grand Finale+1","Wraith Form v2"],"picked":"Storm of Steel","floor":33.0},{"not_picked":["Catalyst","Crippling Poison"],"picked":"Skewer+1","floor":35.0},{"not_picked":["Cloak And Dagger","Flechettes+1"],"picked":"Quick Slash+1","floor":36.0},{"not_picked":["Dodge and Roll+1","Acrobatics"],"picked":"Quick Slash+1","floor":37.0},{"not_picked":["Choke+1","Outmaneuver"],"picked":"A Thousand Cuts","floor":40.0},{"not_picked":["Deflect+1","Dagger Throw+1"],"picked":"Tactician+1","floor":42.0},{"not_picked":["Blade Dance","Dodge and Roll+1"],"picked":"Acrobatics+1","floor":44.0},{"not_picked":["Bandage Up","Trip"],"picked":"Master of Strategy","floor":45.0},{"not_picked":["Mayhem","Swift Strike+1"],"picked":"Secret Weapon","floor":45.0},{"not_picked":["Enlightenment","Purity"],"picked":"Finesse","floor":45.0},{"not_picked":["Dagger Throw+1","Expertise+1"],"picked":"Reflex+1","floor":46.0},{"not_picked":["Leg Sweep","Noxious Fumes","Bane+1"],"picked":"Singing Bowl","floor":47.0},{"not_picked":["Dodge and Roll","Outmaneuver"],"picked":"Setup","floor":48.0},{"not_picked":["Deadly Poison","Skewer+1"],"picked":"Dagger Throw+1","floor":54.0}],"player_experience":305768,"relics_obtained":[{"floor":8.0,"key":"Singing Bowl"},{"floor":9.0,"key":"Molten Egg 2"},{"floor":12.0,"key":"Meat on the Bone"},{"floor":14.0,"key":"InkBottle"},{"floor":24.0,"key":"Art of War"},{"floor":26.0,"key":"Shuriken"},{"floor":27.0,"key":"Strawberry"},{"floor":30.0,"key":"Lantern"},{"floor":36.0,"key":"Incense Burner"},{"floor":38.0,"key":"Bag of Preparation"},{"floor":40.0,"key":"Toy Ornithopter"},{"floor":40.0,"key":"Pen Nib"},{"floor":43.0,"key":"Bronze Scales"},{"floor":43.0,"key":"Bottled Tornado"},{"floor":46.0,"key":"CaptainsWheel"},{"floor":48.0,"key":"Centennial Puzzle"},{"floor":48.0,"key":"Akabeko"},{"floor":54.0,"key":"Bag of Marbles"},{"floor":54.0,"key":"Oddly Smooth Stone"}],"event_choices":[{"damage_healed":0.0,"max_hp_gain":0.0,"max_hp_loss":0.0,"gold_gain":0.0,"event_name":"Scrap Ooze","player_choice":"Success","floor":2.0,"gold_loss":0.0,"damage_taken":7.0,"relics_obtained":["Orichalcum"]},{"damage_healed":0.0,"max_hp_gain":0.0,"max_hp_loss":0.0,"gold_gain":0.0,"event_name":"Lab","player_choice":"Got Potions","floor":3.0,"gold_loss":0.0,"damage_taken":0.0},{"damage_healed":0.0,"max_hp_gain":0.0,"max_hp_loss":0.0,"gold_gain":0.0,"event_name":"The Mausoleum","player_choice":"Opened","floor":20.0,"gold_loss":0.0,"damage_taken":0.0,"relics_obtained":["Boot"],"cards_obtained":["Writhe"]},{"damage_healed":0.0,"max_hp_gain":0.0,"max_hp_loss":0.0,"gold_gain":0.0,"event_name":"Drug Dealer","player_choice":"Inject Mutagens","floor":28.0,"gold_loss":0.0,"damage_taken":0.0,"relics_obtained":["MutagenicStrength"]},{"damage_healed":0.0,"max_hp_gain":0.0,"max_hp_loss":0.0,"gold_gain":0.0,"event_name":"MindBloom","player_choice":"Fight","floor":36.0,"gold_loss":0.0,"damage_taken":0.0},{"damage_healed":0.0,"max_hp_gain":0.0,"max_hp_loss":0.0,"gold_gain":0.0,"event_name":"The Woman in Blue","player_choice":"Bought 0 Potions","floor":39.0,"gold_loss":0.0,"damage_taken":0.0},{"damage_healed":0.0,"max_hp_gain":0.0,"max_hp_loss":0.0,"gold_gain":0.0,"event_name":"SensoryStone","player_choice":"Memory 3","floor":45.0,"gold_loss":0.0,"damage_taken":10.0},{"damage_healed":0.0,"max_hp_gain":0.0,"max_hp_loss":0.0,"gold_gain":0.0,"event_name":"Mysterious Sphere","player_choice":"Fight","floor":46.0,"gold_loss":0.0,"damage_taken":0.0}],"is_beta":false,"boss_relics":[{"not_picked":["Snecko Eye","Ectoplasm"],"picked":"Philosopher\u0027s Stone"},{"not_picked":["HoveringKite","Astrolabe"],"picked":"Black Star"}],"items_purged_floors":[53],"is_endless":false,"potions_floor_spawned":[5,7,12,13,16,18,22,27,33,37,42,44,48,54],"ascension_level":6}}