{"host":"1a9bbjeis3rg03b1","time":1611892202,"event":{"mods":["BaseMod","FTL Soundtrack","Googly Eyes","Mimic Mod","Minty Spire (QoL Compilation)","Reliquary","Robot Space Explorer","StSLib","The Jungle","everything is the same but u backflip on backflip"],"gold_per_floor":[117,117,117,130,155,190,190,213,259,328,328,96,39,62,62,62,62],"floor_reached":16,"language":"ENG","playtime":854,"items_purged":[],"score":105,"play_id":"70a3e35e-8ddc-4ea7-a471-e2b92d32dd8b","local_time":"20210128205002","is_ascension_mode":true,"campfire_choices":[{"floor":7,"key":"REST"},{"floor":15,"key":"REST"}],"circlet_count":0,"master_deck":["RobotSpaceExplorer:Strike","RobotSpaceExplorer:Strike","RobotSpaceExplorer:Strike","RobotSpaceExplorer:Strike","RobotSpaceExplorer:Defend","RobotSpaceExplorer:Defend","RobotSpaceExplorer:Defend","RobotSpaceExplorer:Scan","RobotSpaceExplorer:MiniLasers","RobotSpaceExplorer:Electropulse","RobotSpaceExplorer:ScrapMissile","RobotSpaceExplorer:FrostMissile","RobotSpaceExplorer:SelfCleaning","RobotSpaceExplorer:ImprovisedAttack","RobotSpaceExplorer:MetalStrike","RobotSpaceExplorer:ShovelStrike","RobotSpaceExplorer:Blaster","RobotSpaceExplorer:JunkDive","RobotSpaceExplorer:FrostMissile","RobotSpaceExplorer:ScrapMissile"],"relics":["RobotSpaceExplorer:RoboCore","Golden Idol","Kunai","Anchor","Boot","reliquary:HotPoker"],"acts_visited":["Exordium"],"potions_floor_usage":[8,10,16],"damage_taken":[{"damage":2,"enemies":"2 Louse","floor":1,"turns":2},{"damage":4,"enemies":"Jaw Worm","floor":4,"turns":2},{"damage":0,"enemies":"Cultist","floor":5,"turns":2},{"damage":14,"enemies":"3 Sentries","floor":6,"turns":8},{"damage":31,"enemies":"Gremlin Gang","floor":8,"turns":4},{"damage":26,"enemies":"Lagavulin Event","floor":10,"turns":5},{"damage":0,"enemies":"2 Fungi Beasts","floor":14,"turns":1},{"damage":13,"enemies":"Hexaghost","floor":16,"turns":10}],"seed_played":"8023866604232990128","potions_obtained":[{"floor":4,"key":"Block Potion"},{"floor":8,"key":"BlessingOfTheForge"},{"floor":10,"key":"DuplicationPotion"}],"is_trial":false,"path_per_floor":["M","?","?","M","M","E","R","M","T","?","T","$","?","M","R","B"],"character_chosen":"RobotSpaceExplorer","items_purchased":["RobotSpaceExplorer:Blaster","RobotSpaceExplorer:JunkDive","RobotSpaceExplorer:FrostMissile"],"campfire_rested":2,"item_purchase_floors":[12,12,12],"current_hp_per_floor":[73,55,55,51,51,37,59,28,28,2,2,2,2,2,24,11,11],"gold":62,"neow_bonus":"THREE_CARDS","is_daily":false,"chose_seed":false,"campfire_upgraded":0,"win_rate":0.0,"timestamp":1611892202,"path_taken":["M","?","?","?","?","E","R","M","T","?","?","$","?","M","R","BOSS"],"items_purchased_type":["Card","Card","Card"],"build_version":"2020-12-22","purchased_purges":0,"victory":false,"max_hp_per_floor":[75,75,75,75,75,75,75,75,75,75,75,75,75,75,75,75,75],"card_choices":[{"not_picked":["RobotSpaceExplorer:Pulsar","RobotSpaceExplorer:GlueShot"],"picked":"RobotSpaceExplorer:Electropulse","floor":0},{"not_picked":["RobotSpaceExplorer:GlueShot","RobotSpaceExplorer:Pulsar"],"picked":"RobotSpaceExplorer:ScrapMissile","floor":1},{"not_picked":["RobotSpaceExplorer:SlimeMissile","RobotSpaceExplorer:SurgingStrike"],"picked":"RobotSpaceExplorer:FrostMissile","floor":4},{"not_picked":["RobotSpaceExplorer:ToxicBomb","RobotSpaceExplorer:LaserBurst"],"picked":"RobotSpaceExplorer:SelfCleaning","floor":5},{"not_picked":["RobotSpaceExplorer:Scanner","RobotSpaceExplorer:GearShield"],"picked":"RobotSpaceExplorer:ImprovisedAttack","floor":6},{"not_picked":["RobotSpaceExplorer:GlueShot","RobotSpaceExplorer:Counterblock"],"picked":"RobotSpaceExplorer:MetalStrike","floor":8},{"not_picked":["RobotSpaceExplorer:FreezingShield","RobotSpaceExplorer:StarDust"],"picked":"RobotSpaceExplorer:ShovelStrike","floor":10},{"not_picked":["RobotSpaceExplorer:RigExplosive","RobotSpaceExplorer:Electropulse"],"picked":"RobotSpaceExplorer:ScrapMissile","floor":14}],"player_experience":647320,"relics_obtained":[{"floor":6,"key":"Kunai"},{"floor":10,"key":"Anchor"},{"floor":11,"key":"Boot"}],"event_choices":[{"damage_healed":0,"gold_gain":0,"player_choice":"Take Damage","damage_taken":18,"relics_obtained":["Golden Idol"],"max_hp_gain":0,"max_hp_loss":0,"event_name":"Golden Idol","floor":2,"gold_loss":0},{"cards_removed":["RobotSpaceExplorer:Defend"],"damage_healed":0,"gold_gain":0,"player_choice":"Purged","damage_taken":0,"max_hp_gain":0,"max_hp_loss":0,"event_name":"Purifier","floor":3,"gold_loss":0},{"damage_healed":0,"gold_gain":0,"player_choice":"Searched \u00271\u0027 times","damage_taken":0,"max_hp_gain":0,"max_hp_loss":0,"event_name":"Dead Adventurer","floor":10,"gold_loss":0},{"damage_healed":0,"gold_gain":0,"player_choice":"Paid Gold","damage_taken":0,"relics_obtained":["reliquary:HotPoker"],"max_hp_gain":0,"max_hp_loss":0,"event_name":"WeMeetAgain","floor":13,"gold_loss":57}],"is_beta":false,"boss_relics":[],"items_purged_floors":[],"is_endless":false,"potions_floor_spawned":[4,8,10],"killed_by":"Hexaghost","ascension_level":1}}