{"host":"l5zfpd2l2htson6l","time":1611948690,"event":{"mods":["AchievementEnabler","BaseMod","Colored Map","Colored Powertips","Minty Spire (QoL Compilation)","Permanent Neow","Quick Restart","Rare Cards Sparkle","Relic Stats","SuperFastMode"],"gold_per_floor":[364,439,21,38,38,77,77,108,179,198,214,214,235,273,273,402,402,415,433,319,342,441,474,495,508,532,567,567,608,165,186,186,310,310,333,333,333,349,211,211,236,236,236,269,290,306,337,351,351,351,351,351,5,38,38],"floor_reached":56,"language":"ENG","playtime":6521,"items_purged":["Defend_R","Normality","Regret","Parasite"],"score":1932,"play_id":"e54ca316-6c71-43ee-b15e-c5bc770bc65e","local_time":"20210129113130","is_ascension_mode":true,"campfire_choices":[{"data":"Twin Strike","floor":7.0,"key":"SMITH"},{"data":"Wild Strike","floor":12.0,"key":"SMITH"},{"data":"Bash","floor":15.0,"key":"SMITH"},{"data":"Uppercut","floor":28.0,"key":"SMITH"},{"data":"Flame Barrier","floor":32.0,"key":"SMITH"},{"data":"Pommel Strike","floor":40.0,"key":"SMITH"},{"floor":42.0,"key":"RECALL"},{"data":"Disarm","floor":49.0,"key":"SMITH"},{"data":"Secret Technique","floor":52.0,"key":"SMITH"}],"circlet_count":0,"master_deck":["AscendersBane","Strike_R","Strike_R","Strike_R","Strike_R","Strike_R","Defend_R","Defend_R","Defend_R","Bash+1","Twin Strike+1","Wild Strike+1","Spot Weakness","Thunderclap","Pommel Strike+1","Flame Barrier+1","Reaper","Blood for Blood","Feed","Uppercut+1","Iron Wave+1","Reaper","Inflame","Inflame","Shrug It Off","Burning Pact","Evolve","Secret Technique+1","Bloodletting","Limit Break","Whirlwind+1","Heavy Blade","Dual Wield","Disarm+1","Shockwave","Parasite","Shrug It Off","Headbutt+1"],"relics":["Burning Blood","StrikeDummy","Golden Idol","Lantern","Eternal Feather","Potion Belt","Cursed Key","Shovel","Mango","Vajra","Darkstone Periapt","Bag of Preparation","Membership Card","Regal Pillow","Coffee Dripper","Self Forming Clay","Sling","Singing Bowl","Smiling Mask","Frozen Eye","Toy Ornithopter","Boot","Blue Candle"],"acts_visited":["Exordium","TheCity","TheBeyond","TheEnding"],"potions_floor_usage":[55,55,55],"damage_taken":[{"damage":10.0,"enemies":"Cultist","floor":1.0,"turns":5.0},{"damage":7.0,"enemies":"Small Slimes","floor":4.0,"turns":3.0},{"damage":10.0,"enemies":"Lagavulin","floor":6.0,"turns":3.0},{"damage":35.0,"enemies":"3 Sentries","floor":8.0,"turns":8.0},{"damage":7.0,"enemies":"Jaw Worm","floor":10.0,"turns":2.0},{"damage":10.0,"enemies":"Lots of Slimes","floor":11.0,"turns":3.0},{"damage":0.0,"enemies":"Large Slime","floor":13.0,"turns":3.0},{"damage":8.0,"enemies":"Gremlin Nob","floor":14.0,"turns":3.0},{"damage":1.0,"enemies":"Slime Boss","floor":16.0,"turns":6.0},{"damage":11.0,"enemies":"Spheric Guardian","floor":18.0,"turns":3.0},{"damage":11.0,"enemies":"2 Thieves","floor":19.0,"turns":2.0},{"damage":19.0,"enemies":"Snake Plant","floor":21.0,"turns":3.0},{"damage":21.0,"enemies":"Gremlin Leader","floor":23.0,"turns":6.0},{"damage":8.0,"enemies":"Cultist and Chosen","floor":24.0,"turns":4.0},{"damage":18.0,"enemies":"Snecko","floor":25.0,"turns":3.0},{"damage":16.0,"enemies":"Book of Stabbing","floor":27.0,"turns":3.0},{"damage":65.0,"enemies":"Gremlin Leader","floor":29.0,"turns":8.0},{"damage":23.0,"enemies":"Centurion and Healer","floor":31.0,"turns":7.0},{"damage":95.0,"enemies":"Automaton","floor":33.0,"turns":10.0},{"damage":28.0,"enemies":"3 Darklings","floor":35.0,"turns":5.0},{"damage":11.0,"enemies":"Orb Walker","floor":38.0,"turns":2.0},{"damage":48.0,"enemies":"Writhing Mass","floor":41.0,"turns":8.0},{"damage":9.0,"enemies":"Nemesis","floor":44.0,"turns":6.0},{"damage":25.0,"enemies":"Transient","floor":45.0,"turns":5.0},{"damage":43.0,"enemies":"3 Darklings","floor":46.0,"turns":9.0},{"damage":73.0,"enemies":"Giant Head","floor":47.0,"turns":8.0},{"damage":78.0,"enemies":"Writhing Mass","floor":48.0,"turns":14.0},{"damage":156.0,"enemies":"Awakened One","floor":50.0,"turns":11.0},{"damage":3.0,"enemies":"Shield and Spear","floor":54.0,"turns":1.0},{"damage":159,"enemies":"The Heart","floor":55,"turns":10}],"seed_played":"4226631612507938737","potions_obtained":[{"floor":6.0,"key":"Regen Potion"},{"floor":11.0,"key":"BloodPotion"},{"floor":13.0,"key":"Regen Potion"},{"floor":16.0,"key":"Weak Potion"},{"floor":18.0,"key":"Fire Potion"},{"floor":21.0,"key":"AttackPotion"},{"floor":29.0,"key":"Strength Potion"},{"floor":31.0,"key":"FearPotion"},{"floor":35.0,"key":"DuplicationPotion"},{"floor":44.0,"key":"Weak Potion"},{"floor":46.0,"key":"CultistPotion"},{"floor":54.0,"key":"LiquidMemories"}],"is_trial":false,"path_per_floor":["M","?","$","M","?","E","R","E","T","M","M","R","M","E","R","B",null,"M","M","?","M","?","E","M","M","T","E","R","E","$","M","R","B",null,"M","?","T","M","$","R","M","R","T","E","M","M","E","M","R","B",null,"R","$","E","B",null],"character_chosen":"IRONCLAD","items_purchased":["StrikeDummy","SneckoOil","Membership Card","Burning Pact","Evolve","Regal Pillow","Secret Technique","Sling","Shrug It Off","Frozen Eye","Toy Ornithopter","SneckoOil","Boot"],"campfire_rested":0,"item_purchase_floors":[3,3,30,30,30,30,30,39,53,53,53,53,53],"current_hp_per_floor":[68,57,57,56,56,52,52,38,38,37,33,42,48,50,59,64,66,63,61,61,48,48,65,71,65,65,58,73,47,47,69,84,28,79,97,97,103,101,101,108,109,114,114,113,94,118,84,67,88,13,100,121,121,126,126],"gold":38,"neow_bonus":"TWO_FIFTY_GOLD","is_daily":false,"chose_seed":false,"campfire_upgraded":8,"win_rate":0.0,"timestamp":1611948690,"path_taken":["M","?","$","M","?","E","R","E","T","M","M","R","M","E","R","BOSS","M","M","?","?","?","E","M","M","T","E","R","E","$","M","R","BOSS","M","?","?","M","$","R","M","R","T","E","?","M","E","M","R","BOSS","R","$","E","BOSS"],"items_purchased_type":["Relic","Potion","Relic","Card","Card","Relic","Card","Relic","Card","Relic","Relic","Potion","Relic"],"build_version":"2020-12-22","purchased_purges":4,"victory":true,"max_hp_per_floor":[72,72,72,72,67,67,67,67,67,67,67,67,67,67,67,67,67,67,70,70,70,70,84,87,87,87,90,90,93,93,96,96,96,96,99,99,105,108,108,108,114,114,114,116,116,119,121,129,129,129,129,129,126,126,126],"relic_stats":{"Darkstone Periapt":18,"Regal Pillow":0,"Singing Bowl":6,"counters":[30,164],"Golden Idol":221,"Self Forming Clay":[297],"Blue Candle":[0],"Eternal Feather":102,"Bag of Preparation":[26],"Cursed Key":2,"Smiling Mask":25,"Boot":[0],"Burning Blood":171,"Shovel":0,"obtain_stats":[{"Potion Belt":14,"Darkstone Periapt":27,"Lantern":6,"Regal Pillow":30,"Singing Bowl":44,"Golden Idol":5,"Self Forming Clay":37,"Blue Candle":54,"Vajra":26,"Eternal Feather":8,"Mango":23,"Bag of Preparation":29,"Cursed Key":17,"Sling":39,"Smiling Mask":47,"Boot":53,"Burning Blood":0,"Frozen Eye":53,"Shovel":20,"Coffee Dripper":34,"Membership Card":30,"StrikeDummy":3,"Toy Ornithopter":53},{"Potion Belt":8,"Darkstone Periapt":16,"Lantern":3,"Regal Pillow":17,"Singing Bowl":23,"Golden Idol":2,"Self Forming Clay":20,"Blue Candle":29,"Vajra":15,"Eternal Feather":4,"Mango":13,"Bag of Preparation":17,"Cursed Key":9,"Sling":21,"Smiling Mask":26,"Boot":28,"Burning Blood":0,"Frozen Eye":28,"Shovel":11,"Coffee Dripper":19,"Membership Card":17,"StrikeDummy":1,"Toy Ornithopter":28},{"Potion Belt":30,"Darkstone Periapt":60,"Lantern":11,"Regal Pillow":68,"Singing Bowl":106,"Golden Idol":8,"Self Forming Clay":90,"Blue Candle":154,"Vajra":57,"Eternal Feather":19,"Mango":50,"Bag of Preparation":68,"Cursed Key":36,"Sling":92,"Smiling Mask":128,"Boot":153,"Burning Blood":0,"Frozen Eye":153,"Shovel":41,"Coffee Dripper":85,"Membership Card":68,"StrikeDummy":5,"Toy Ornithopter":153}],"Toy Ornithopter":15},"card_choices":[{"not_picked":["Sword Boomerang","Perfected Strike"],"picked":"Twin Strike","floor":1.0},{"not_picked":["Sword Boomerang","Power Through"],"picked":"Wild Strike","floor":4.0},{"not_picked":["Dropkick","True Grit"],"picked":"Spot Weakness","floor":6.0},{"not_picked":["Reckless Charge","Armaments"],"picked":"Thunderclap","floor":8.0},{"not_picked":["Body Slam","Intimidate"],"picked":"Pommel Strike","floor":10.0},{"not_picked":["Shrug It Off","Warcry"],"picked":"Flame Barrier","floor":11.0},{"not_picked":["Anger","Clothesline"],"picked":"Reaper","floor":13.0},{"not_picked":["Infernal Blade","Warcry"],"picked":"Blood for Blood","floor":14.0},{"not_picked":["Limit Break","Reaper"],"picked":"Feed","floor":16.0},{"not_picked":["Warcry","Twin Strike"],"picked":"Uppercut","floor":18.0},{"not_picked":["Anger","Havoc+1"],"picked":"Iron Wave+1","floor":19.0},{"not_picked":["Body Slam","Dropkick","Pommel Strike"],"picked":"SKIP","floor":21.0},{"not_picked":["Demon Form","Clash"],"picked":"Reaper","floor":23.0},{"not_picked":["Reckless Charge","Anger"],"picked":"Inflame","floor":24.0},{"not_picked":["Clash","Body Slam","Wild Strike"],"picked":"SKIP","floor":25.0},{"not_picked":["Iron Wave","Barricade"],"picked":"Inflame","floor":27.0},{"not_picked":["Wild Strike","Feel No Pain"],"picked":"Shrug It Off","floor":29.0},{"not_picked":["Cleave","Anger"],"picked":"Bloodletting","floor":31.0},{"not_picked":["Reaper","Fiend Fire"],"picked":"Limit Break","floor":33.0},{"not_picked":["Pommel Strike+1","Fire Breathing"],"picked":"Whirlwind+1","floor":35.0},{"not_picked":["Metallicize","Anger"],"picked":"Heavy Blade","floor":38.0},{"not_picked":["Anger","Twin Strike+1"],"picked":"Dual Wield","floor":41.0},{"not_picked":["Uppercut","Reckless Charge","Sever Soul"],"picked":"Singing Bowl","floor":44.0},{"not_picked":["Pommel Strike","Wild Strike"],"picked":"Disarm","floor":45.0},{"not_picked":["Berserk","Ghostly Armor"],"picked":"Shockwave","floor":46.0},{"not_picked":["Shockwave","Flex","Body Slam"],"picked":"Singing Bowl","floor":47.0},{"not_picked":["Blood for Blood","Reckless Charge","Fire Breathing"],"picked":"Singing Bowl","floor":48.0},{"not_picked":["Wild Strike+1","Flex"],"picked":"Headbutt+1","floor":54.0}],"player_experience":760030,"relics_obtained":[{"floor":6.0,"key":"Lantern"},{"floor":8.0,"key":"Eternal Feather"},{"floor":14.0,"key":"Potion Belt"},{"floor":23.0,"key":"Mango"},{"floor":26.0,"key":"Vajra"},{"floor":27.0,"key":"Darkstone Periapt"},{"floor":29.0,"key":"Bag of Preparation"},{"floor":37.0,"key":"Self Forming Clay"},{"floor":44.0,"key":"Singing Bowl"},{"floor":47.0,"key":"Smiling Mask"},{"floor":54.0,"key":"Blue Candle"}],"event_choices":[{"damage_healed":0.0,"max_hp_gain":0.0,"max_hp_loss":0.0,"gold_gain":75.0,"event_name":"World of Goop","player_choice":"Gather Gold","floor":2.0,"gold_loss":0.0,"damage_taken":11.0},{"damage_healed":0.0,"max_hp_gain":0.0,"max_hp_loss":5.0,"gold_gain":0.0,"event_name":"Golden Idol","player_choice":"Lose Max HP","floor":5.0,"gold_loss":0.0,"damage_taken":0.0,"relics_obtained":["Golden Idol"]},{"damage_healed":0.0,"max_hp_gain":0.0,"max_hp_loss":0.0,"gold_gain":0.0,"event_name":"WeMeetAgain","player_choice":"Paid Gold","floor":20.0,"gold_loss":114.0,"damage_taken":0.0,"relics_obtained":["Shovel"]},{"damage_healed":0.0,"max_hp_gain":0.0,"max_hp_loss":0.0,"gold_gain":99.0,"event_name":"Nest","player_choice":"Stole From Cult","floor":22.0,"gold_loss":0.0,"damage_taken":0.0},{"damage_healed":0.0,"max_hp_gain":0.0,"max_hp_loss":0.0,"gold_gain":0.0,"event_name":"Tomb of Lord Red Mask","player_choice":"Ignored","floor":36.0,"gold_loss":0.0,"damage_taken":0.0}],"is_beta":false,"boss_relics":[{"not_picked":["Black Star","Empty Cage"],"picked":"Cursed Key"},{"not_picked":["Runic Dome","SacredBark"],"picked":"Coffee Dripper"}],"items_purged_floors":[3,30,39,53],"is_endless":false,"potions_floor_spawned":[6,11,13,16,18,21,29,31,35,44,46,47,54],"ascension_level":12}}