{"host":"4kmvpqjeiacgn1pr","time":1611878604,"event":{"mods":["AchievementEnabler","BaseMod","Better Altar","Better Match","Better Note","Better Sensory Stone","Better Skull","Better Third Choice","Colored Map","Colored Powertips","Curses Come First","Highlight Path","Hubris","Infinite Spire","Minty Spire (QoL Compilation)","Permanent Neow","Quick Restart","Rare Cards Sparkle","Replay The Spire","Spicy Shops","StSLib","The Jungle"],"gold_per_floor":[114,131,131,131,155,190,190,234,234,234,234],"floor_reached":10,"language":"ENG","playtime":518,"items_purged":[],"score":114,"play_id":"90dea391-c1c9-4ea2-8c0f-3b03125052e3","local_time":"20210128190324","is_ascension_mode":true,"campfire_choices":[],"circlet_count":0,"master_deck":["AscendersBane","Strike_G","Strike_G","Strike_G","Strike_G","Strike_G","Defend_G","Defend_G","Defend_G","Defend_G","Defend_G","Survivor","Neutralize","Shame","Apotheosis","Backstab","Underhanded Strike","ReplayTheSpireMod:Speed Training","ReplayTheSpireMod:Tripwire","Blade Dance"],"relics":["Ring of the Snake","Omamori","CeramicFish","Nunchaku","hubris:AncientText","Potion Belt","infinitespire:WardingShard"],"acts_visited":["Exordium"],"potions_floor_usage":[6,8,10],"damage_taken":[{"damage":4,"enemies":"2 Louse","floor":1,"turns":3},{"damage":0,"enemies":"Jaw Worm","floor":2,"turns":5},{"damage":0,"enemies":"Cultist","floor":5,"turns":4},{"damage":14,"enemies":"Lagavulin","floor":6,"turns":7},{"damage":19,"enemies":"3 Sentries","floor":8,"turns":9},{"damage":9,"enemies":"Lagavulin","floor":10,"turns":5}],"seed_played":"-6108999442745738882","potions_obtained":[{"floor":2,"key":"Poison Potion"},{"floor":6,"key":"Explosive Potion"},{"floor":8,"key":"Weak Potion"}],"is_trial":false,"path_per_floor":["M","M","?","T","M","E","T","E","T","E"],"character_chosen":"THE_SILENT","items_purchased":[],"campfire_rested":0,"item_purchase_floors":[],"current_hp_per_floor":[59,59,41,41,41,27,27,8,8,0,0],"gold":234,"neow_bonus":"RANDOM_COLORLESS_2","is_daily":false,"chose_seed":false,"campfire_upgraded":0,"win_rate":0.0,"timestamp":1611878604,"path_taken":["M","M","?","?","?","E","?","E","T","E"],"items_purchased_type":[],"build_version":"2020-12-22","purchased_purges":0,"victory":false,"max_hp_per_floor":[70,70,70,70,70,70,70,70,70,70,70],"card_choices":[{"not_picked":["Metamorphosis","Midas Touch"],"picked":"Apotheosis","floor":0},{"not_picked":["Dagger Throw","Bane"],"picked":"Backstab","floor":1},{"not_picked":["PiercingWail","Prepared"],"picked":"Underhanded Strike","floor":2},{"not_picked":["hubris:TrickCloak","Dash"],"picked":"ReplayTheSpireMod:Speed Training","floor":5},{"not_picked":["Heel Hook","Doppelganger"],"picked":"ReplayTheSpireMod:Tripwire","floor":6},{"not_picked":["Deflect","Caltrops"],"picked":"Blade Dance","floor":8}],"player_experience":374108,"relics_obtained":[{"floor":4,"key":"CeramicFish"},{"floor":6,"key":"Nunchaku"},{"floor":7,"key":"hubris:AncientText"},{"floor":8,"key":"Potion Belt"},{"floor":9,"key":"infinitespire:WardingShard"}],"event_choices":[{"damage_healed":0,"gold_gain":0,"player_choice":"Relic ","damage_taken":18,"max_hp_gain":0,"max_hp_loss":0,"event_name":"betterThird:BetterScrap","floor":3,"gold_loss":0,"cards_obtained":["Replay:Vibes"]}],"is_beta":false,"boss_relics":[],"items_purged_floors":[],"is_endless":false,"potions_floor_spawned":[2,6,8],"killed_by":"Lagavulin","ascension_level":10}}