{"host":"6rz02yiipefhcw4r","time":1611922087,"event":{"mods":["2.2 Compatiblity","BaseMod","Block Reminder","Colored Map","Curses Come First","DeckTracker","Googly Eyes","Minty Spire (QoL Compilation)","Quick Restart","Rare Cards Sparkle","StSLib"],"gold_per_floor":[16,36,47,61,61,93,93,110,137,137,194,220,231,102,102,102,102],"floor_reached":16,"language":"ENG","playtime":760,"items_purged":["Strike_R"],"score":224,"play_id":"06befc4d-386f-4d96-a9ab-69193821e926","local_time":"20210129100807","is_ascension_mode":true,"campfire_choices":[{"data":"The Bomb","floor":7,"key":"SMITH"},{"data":"Metallicize","floor":10,"key":"SMITH"},{"floor":15,"key":"REST"}],"circlet_count":0,"master_deck":["AscendersBane","Strike_R","Strike_R","Strike_R","Defend_R","Defend_R","Defend_R","Defend_R","Bash","The Bomb+1","Metallicize+1","Shrug It Off","Headbutt","Warcry","Headbutt","Shockwave","True Grit","Flame Barrier"],"relics":["Burning Blood","Bag of Marbles","Centennial Puzzle","Dream Catcher","Oddly Smooth Stone"],"acts_visited":["Exordium"],"potions_floor_usage":[11,16],"damage_taken":[{"damage":1,"enemies":"Cultist","floor":1,"turns":4},{"damage":9,"enemies":"Jaw Worm","floor":2,"turns":6},{"damage":5,"enemies":"Small Slimes","floor":3,"turns":4},{"damage":8,"enemies":"Exordium Wildlife","floor":4,"turns":4},{"damage":16,"enemies":"3 Sentries","floor":6,"turns":4},{"damage":6,"enemies":"3 Louse","floor":8,"turns":4},{"damage":17,"enemies":"3 Sentries","floor":11,"turns":4},{"damage":8,"enemies":"Gremlin Nob","floor":12,"turns":3},{"damage":11,"enemies":"Blue Slaver","floor":13,"turns":3},{"damage":69,"enemies":"Slime Boss","floor":16,"turns":9}],"seed_played":"6099147277338436240","potions_obtained":[{"floor":1,"key":"SneckoOil"},{"floor":2,"key":"ColorlessPotion"},{"floor":4,"key":"SkillPotion"},{"floor":13,"key":"GamblersBrew"}],"is_trial":false,"path_per_floor":["M","M","M","M","?","E","R","M","T","R","?","E","M","$","R","B"],"character_chosen":"IRONCLAD","items_purchased":["True Grit"],"campfire_rested":1,"item_purchase_floors":[14],"current_hp_per_floor":[73,70,71,69,62,52,52,52,52,52,41,39,34,34,56,0,0],"gold":102,"neow_bonus":"RANDOM_COLORLESS_2","is_daily":false,"chose_seed":false,"campfire_upgraded":2,"win_rate":0.0,"timestamp":1611922087,"path_taken":["M","M","M","M","?","E","R","M","T","R","?","E","M","$","R","BOSS"],"items_purchased_type":["Card"],"build_version":"2020-12-22","purchased_purges":1,"victory":false,"max_hp_per_floor":[75,75,75,75,75,75,75,75,75,75,75,75,75,75,75,75,75],"card_choices":[{"not_picked":["Panache","Thinking Ahead"],"picked":"The Bomb","floor":0},{"not_picked":["Anger","Power Through"],"picked":"Metallicize","floor":1},{"not_picked":["Clothesline","Rampage"],"picked":"Shrug It Off","floor":2},{"not_picked":["Warcry","Reckless Charge"],"picked":"Headbutt","floor":3},{"not_picked":["Clash","True Grit"],"picked":"Warcry","floor":4},{"not_picked":["Dual Wield","Fiend Fire"],"picked":"Headbutt","floor":6},{"not_picked":["Twin Strike","Thunderclap","Bloodletting"],"picked":"SKIP","floor":8},{"not_picked":["Thunderclap","Heavy Blade"],"picked":"Shockwave","floor":12},{"not_picked":["Flex","Perfected Strike","Second Wind"],"picked":"SKIP","floor":13},{"not_picked":["Reaper","Spot Weakness"],"picked":"Flame Barrier","floor":15}],"player_experience":758841,"relics_obtained":[{"floor":6,"key":"Bag of Marbles"},{"floor":9,"key":"Centennial Puzzle"},{"floor":11,"key":"Dream Catcher"},{"floor":12,"key":"Oddly Smooth Stone"}],"event_choices":[{"cards_removed":["Strike_R"],"damage_healed":0,"gold_gain":0,"player_choice":"Card Removal","damage_taken":7,"max_hp_gain":0,"max_hp_loss":0,"event_name":"Golden Wing","floor":5,"gold_loss":0},{"damage_healed":0,"gold_gain":0,"player_choice":"Searched \u00271\u0027 times","damage_taken":0,"max_hp_gain":0,"max_hp_loss":0,"event_name":"Dead Adventurer","floor":11,"gold_loss":0}],"is_beta":false,"boss_relics":[],"items_purged_floors":[14],"is_endless":false,"potions_floor_spawned":[1,2,4,13],"killed_by":"Slime Boss","ascension_level":20}}