{"host":"Aki","time":1611889832,"event":{"mods":["ATMod(°¢èªMod)","BaseMod","Challenge The Spire","Custom Start","DeckTracker","Minty Spire (QoL Compilation)","Quick Restart","StSLib"],"gold_per_floor":[115,115,132,142,142,154,154,188,215,240,33,47,57,68,68,168,168,185,202,202,202,202,202],"floor_reached":22,"language":"ZHS","playtime":677,"items_purged":["Strike_B"],"score":260,"play_id":"f0c40bbe-e711-44fd-bdac-4752cc44eba0","local_time":"20210129111032","is_ascension_mode":true,"campfire_choices":[{"data":"Streamline","floor":7.0,"key":"SMITH"},{"data":"Coolheaded","floor":15,"key":"SMITH"}],"circlet_count":0,"master_deck":["Strike_B","Strike_B","Defend_B","Defend_B","Defend_B","Zap","Dualcast","AT_DarkMatter","Coolheaded+1","Streamline+1","Hologram","Cold Snap+1"],"relics":["AT_ATBox","SlaversCollar","AT_BellDemon","Potion Belt","MawBank","TheAbacus","Fusion Hammer","AT_ImmortalShieldbow"],"acts_visited":["Exordium","TheCity"],"potions_floor_usage":[12,13,16,18],"damage_taken":[{"damage":3.0,"enemies":"Jaw Worm","floor":1.0,"turns":3.0},{"damage":3.0,"enemies":"Small Slimes","floor":3.0,"turns":5.0},{"damage":0.0,"enemies":"Cultist","floor":4.0,"turns":4.0},{"damage":13.0,"enemies":"Red Slaver","floor":6.0,"turns":2.0},{"damage":23.0,"enemies":"Gremlin Nob","floor":8.0,"turns":4.0},{"damage":13,"enemies":"Lagavulin","floor":10,"turns":6},{"damage":10,"enemies":"3 Louse","floor":12,"turns":3},{"damage":0,"enemies":"2 Fungi Beasts","floor":13,"turns":3},{"damage":3,"enemies":"Large Slime","floor":14,"turns":5},{"damage":0,"enemies":"The Guardian","floor":16,"turns":8},{"damage":21,"enemies":"3 Byrds","floor":18,"turns":5},{"damage":43,"enemies":"2 Thieves","floor":19,"turns":4},{"damage":0,"enemies":"Chosen and Byrds","floor":22,"turns":1}],"seed_played":"5131793571653419695","potions_obtained":[{"floor":4.0,"key":"Energy Potion"},{"floor":6.0,"key":"PotionOfCapacity"},{"floor":10,"key":"Swift Potion"},{"floor":14,"key":"GamblersBrew"},{"floor":16,"key":"Energy Potion"},{"floor":18,"key":"FairyPotion"}],"is_trial":false,"path_per_floor":["M","?","M","M","?","M","R","E","T","E","$","M","M","M","R","B",null,"M","M","?","?","M"],"character_chosen":"DEFECT","items_purchased":["TheAbacus"],"campfire_rested":0,"item_purchase_floors":[11],"current_hp_per_floor":[72,77,74,74,67,54,54,31,31,18,18,8,8,5,5,5,80,59,16,16,16,16,16],"gold":202,"neow_bonus":"BOSS_RELIC","is_daily":false,"chose_seed":false,"campfire_upgraded":2,"win_rate":0.0,"timestamp":1611889832,"path_taken":["M","?","M","M","?","M","R","E","T","E","$","M","M","M","R","BOSS","M","M","?","?","M"],"items_purchased_type":["Relic"],"build_version":"2020-12-18","purchased_purges":1,"victory":false,"max_hp_per_floor":[75,80,80,80,80,80,80,80,80,80,80,80,80,80,80,80,80,80,80,80,80,80,80],"card_choices":[{"not_picked":["Melter","Static Discharge"],"picked":"Coolheaded","floor":1.0},{"not_picked":["Stack","Go for the Eyes","Compile Driver"],"picked":"SKIP","floor":3.0},{"not_picked":["Hologram","Beam Cell"],"picked":"Streamline","floor":4.0},{"not_picked":["Gash","Consume","Heatsinks"],"picked":"SKIP","floor":6.0},{"not_picked":["Compile Driver","Skim"],"picked":"Hologram","floor":8.0},{"not_picked":["Scrape","Multi-Cast","Blizzard"],"picked":"SKIP","floor":10},{"not_picked":["Leap","Gash","Streamline"],"picked":"SKIP","floor":12},{"not_picked":["Compile Driver","Ball Lightning","Reinforced Body"],"picked":"SKIP","floor":13},{"not_picked":["Gash","Rebound","Ball Lightning"],"picked":"SKIP","floor":14},{"not_picked":["Beam Cell","Go for the Eyes","Conserve Battery"],"picked":"SKIP","floor":18},{"not_picked":["Heatsinks","Force Field"],"picked":"Cold Snap+1","floor":19}],"player_experience":11613,"relics_obtained":[{"floor":8.0,"key":"AT_BellDemon"},{"floor":9.0,"key":"Potion Belt"},{"floor":10,"key":"MawBank"},{"floor":19,"key":"AT_ImmortalShieldbow"}],"event_choices":[{"damage_healed":0.0,"max_hp_gain":5.0,"max_hp_loss":0.0,"gold_gain":0.0,"event_name":"Big Fish","player_choice":"Donut","floor":2.0,"gold_loss":0.0,"damage_taken":0.0},{"cards_removed":["Defend_B"],"damage_healed":0.0,"max_hp_gain":0.0,"max_hp_loss":0.0,"gold_gain":0.0,"event_name":"Golden Wing","player_choice":"Card Removal","floor":5.0,"gold_loss":0.0,"damage_taken":7.0},{"damage_healed":0,"gold_gain":0,"player_choice":"Ignored","damage_taken":0,"max_hp_gain":0,"max_hp_loss":0,"event_name":"Vampires","floor":20,"gold_loss":0},{"cards_removed":["Strike_B"],"damage_healed":0,"gold_gain":0,"player_choice":"Offered Basic","damage_taken":0,"max_hp_gain":0,"max_hp_loss":0,"event_name":"Bonfire Elementals","floor":21,"gold_loss":0}],"is_beta":true,"boss_relics":[{"not_picked":["SacredBark","Busted Crown"],"picked":"Fusion Hammer"}],"items_purged_floors":[11],"is_endless":false,"potions_floor_spawned":[4,6,10,14,16,18],"killed_by":"Chosen and Byrds","ascension_level":1}}