{"host":"6xsbn6ynqlzwllfm","time":1611930354,"event":{"mods":["2.2 Compatiblity","BaseMod","Bestiary","Colored Map","Colored Powertips","Curses Come First","Highlight Path","Keyboard Shortcuts","Minty Spire (QoL Compilation)","Relic Stats","Slay the Relics Exporter","StSLib","SuperFastMode"],"gold_per_floor":[110,110,110,128,55,85,85,120,120,146,49,74,74,89,89,192,192,205,205,231,231,248,248,281,281,281,314,334,334,354,370,370,465,465,481,481,481,233,233,233,261,261,330,342,342,342,342],"floor_reached":46,"language":"ENG","playtime":1921,"items_purged":["Defend_P","Defend_P"],"score":1243,"play_id":"c22f1144-8484-42f5-83f4-e3a66e5747d8","local_time":"20210129092554","is_ascension_mode":true,"campfire_choices":[{"data":"TalkToTheHand","floor":7,"key":"SMITH"},{"data":"Prostrate","floor":15,"key":"SMITH"},{"floor":23,"key":"REST"},{"floor":25,"key":"REST"},{"floor":32,"key":"REST"},{"data":"TalkToTheHand","floor":40,"key":"SMITH"},{"floor":42,"key":"REST"},{"floor":45,"key":"RECALL"}],"circlet_count":0,"master_deck":["AscendersBane","Strike_P","Strike_P","Defend_P","Defend_P","Eruption","Vigilance","TalkToTheHand+1","LikeWater","TalkToTheHand+1","Tantrum+1","Consecrate","EmptyFist","Prostrate+1","Brilliance","Protect+1","SandsOfTime+1","Worship","TalkToTheHand+1","Protect+1","Swivel+1","WaveOfTheHand+1"],"relics":["Runic Pyramid","Pear","Lantern","StrikeDummy","Anchor","Damaru","Snecko Eye","Nilry\u0027s Codex","Red Mask","Molten Egg 2","Nunchaku","Toy Ornithopter","Kunai","Torii","Empty Cage","Medical Kit","Eternal Feather"],"acts_visited":["Exordium","TheCity","TheBeyond"],"potions_floor_usage":[8,16,20,30,33,36,44],"damage_taken":[{"damage":0,"enemies":"Cultist","floor":1,"turns":2},{"damage":8,"enemies":"Jaw Worm","floor":4,"turns":3},{"damage":4,"enemies":"Lagavulin","floor":6,"turns":10},{"damage":0,"enemies":"Gremlin Nob","floor":8,"turns":2},{"damage":13,"enemies":"3 Sentries","floor":10,"turns":6},{"damage":0,"enemies":"Small Slimes","floor":14,"turns":3},{"damage":0,"enemies":"The Guardian","floor":16,"turns":6},{"damage":6,"enemies":"Chosen","floor":18,"turns":3},{"damage":36,"enemies":"Masked Bandits","floor":20,"turns":4},{"damage":5,"enemies":"2 Thieves","floor":22,"turns":3},{"damage":13,"enemies":"Gremlin Leader","floor":24,"turns":5},{"damage":29,"enemies":"Book of Stabbing","floor":27,"turns":7},{"damage":3,"enemies":"Snecko","floor":28,"turns":4},{"damage":1,"enemies":"Centurion and Healer","floor":30,"turns":4},{"damage":0,"enemies":"Cultist and Chosen","floor":31,"turns":3},{"damage":0,"enemies":"Collector","floor":33,"turns":3},{"damage":0,"enemies":"3 Shapes","floor":35,"turns":3},{"damage":20,"enemies":"3 Darklings","floor":36,"turns":5},{"damage":31,"enemies":"Reptomancer","floor":41,"turns":5},{"damage":11,"enemies":"Spire Growth","floor":44,"turns":4},{"damage":101,"enemies":"Giant Head","floor":46,"turns":9}],"seed_played":"-4888863886058558324","potions_obtained":[{"floor":1,"key":"SneckoOil"},{"floor":6,"key":"AttackPotion"},{"floor":18,"key":"Fire Potion"},{"floor":27,"key":"BottledMiracle"},{"floor":31,"key":"SneckoOil"},{"floor":33,"key":"SmokeBomb"},{"floor":41,"key":"SneckoOil"}],"is_trial":false,"path_per_floor":["M","$","?","M","$","E","R","E","T","E","$","T","?","M","R","B",null,"M","?","?","T","M","R","E","R","T","E","M","?","M","M","R","B",null,"M","M","?","$","?","R","E","R","T","M","R","E"],"character_chosen":"WATCHER","items_purchased":["TalkToTheHand","EmptyFist","Medical Kit"],"campfire_rested":4,"item_purchase_floors":[5,11,38],"current_hp_per_floor":[65,65,70,62,62,68,68,68,68,55,55,55,55,55,55,55,79,73,57,21,21,16,42,29,55,55,26,23,23,27,27,53,58,80,80,65,65,65,65,65,34,70,70,64,76,0,0],"gold":342,"neow_bonus":"BOSS_RELIC","is_daily":false,"chose_seed":false,"campfire_upgraded":3,"win_rate":0.0,"timestamp":1611930354,"path_taken":["M","?","?","M","$","E","R","E","T","E","$","?","?","M","R","BOSS","M","?","?","?","M","R","E","R","T","E","M","?","?","M","R","BOSS","M","M","?","$","?","R","E","R","T","M","R","E"],"items_purchased_type":["Card","Card","Relic"],"build_version":"2020-12-22","purchased_purges":2,"victory":false,"max_hp_per_floor":[72,72,77,77,77,87,87,87,87,87,87,87,87,87,87,87,87,87,87,87,87,87,87,87,87,87,87,87,87,87,87,87,87,87,87,87,83,83,83,83,83,83,83,83,83,83,83],"relic_stats":{"Nunchaku":[10],"Torii":5,"counters":[21,94],"Snecko Eye":[79,86,68,77],"Eternal Feather":24,"Kunai":[14],"Medical Kit":[0],"obtain_stats":[{"Lantern":8,"Pear":6,"Torii":29,"Nilry\u0027s Codex":19,"Damaru":12,"Eternal Feather":41,"Empty Cage":34,"Medical Kit":38,"Anchor":10,"Nunchaku":24,"Snecko Eye":17,"Molten Egg 2":21,"Red Mask":20,"Kunai":27,"PureWater":0,"StrikeDummy":9,"Toy Ornithopter":26,"Runic Pyramid":0},{"Lantern":4,"Pear":3,"Torii":13,"Nilry\u0027s Codex":8,"Damaru":5,"Eternal Feather":19,"Empty Cage":16,"Medical Kit":18,"Anchor":5,"Nunchaku":11,"Snecko Eye":7,"Molten Egg 2":9,"Red Mask":9,"Kunai":12,"PureWater":0,"StrikeDummy":4,"Toy Ornithopter":11,"Runic Pyramid":0},{"Lantern":17,"Pear":15,"Torii":58,"Nilry\u0027s Codex":35,"Damaru":23,"Eternal Feather":81,"Empty Cage":68,"Medical Kit":76,"Anchor":23,"Nunchaku":47,"Snecko Eye":32,"Molten Egg 2":39,"Red Mask":39,"Kunai":54,"PureWater":0,"StrikeDummy":17,"Toy Ornithopter":47,"Runic Pyramid":0}],"Toy Ornithopter":20},"card_choices":[{"not_picked":["BowlingBash","Evaluate"],"picked":"TalkToTheHand","floor":1},{"not_picked":["SashWhip","Swivel"],"picked":"LikeWater","floor":4},{"not_picked":["EmptyBody","CrushJoints"],"picked":"Tantrum","floor":6},{"not_picked":["BowlingBash","Crescendo"],"picked":"Consecrate","floor":8},{"not_picked":["WindmillStrike","CutThroughFate"],"picked":"FollowUp","floor":10},{"not_picked":["ClearTheMind","Sanctity"],"picked":"Prostrate","floor":14},{"not_picked":["Judgement","Scrawl"],"picked":"Brilliance","floor":16},{"not_picked":["Prostrate","Vengeance"],"picked":"Protect+1","floor":18},{"not_picked":["Crescendo+1","Consecrate+1","ClearTheMind"],"picked":"SKIP","floor":24},{"not_picked":["DeusExMachina","SignatureMove+1"],"picked":"SandsOfTime+1","floor":27},{"not_picked":["CrushJoints+1","Weave+1"],"picked":"Worship","floor":28},{"not_picked":["Prostrate+1","Pray"],"picked":"TalkToTheHand+1","floor":30},{"not_picked":["WreathOfFlame","JustLucky+1"],"picked":"Protect+1","floor":35},{"not_picked":["Prostrate","ReachHeaven+1"],"picked":"Swivel+1","floor":41},{"not_picked":["JustLucky+1","WaveOfTheHand+1","CrushJoints+1"],"picked":"SKIP","floor":44},{"not_picked":["JustLucky+1","CrushJoints+1"],"picked":"WaveOfTheHand+1","floor":44}],"player_experience":1212467,"relics_obtained":[{"floor":6,"key":"Pear"},{"floor":8,"key":"Lantern"},{"floor":9,"key":"StrikeDummy"},{"floor":10,"key":"Anchor"},{"floor":12,"key":"Damaru"},{"floor":19,"key":"Nilry\u0027s Codex"},{"floor":20,"key":"Red Mask"},{"floor":21,"key":"Molten Egg 2"},{"floor":24,"key":"Nunchaku"},{"floor":26,"key":"Toy Ornithopter"},{"floor":27,"key":"Kunai"},{"floor":41,"key":"Eternal Feather"}],"event_choices":[{"damage_healed":0,"gold_gain":0,"player_choice":"Donut","damage_taken":0,"max_hp_gain":5,"max_hp_loss":0,"event_name":"Big Fish","floor":3,"gold_loss":0},{"damage_healed":0,"gold_gain":0,"player_choice":"Grow","damage_taken":0,"max_hp_gain":0,"max_hp_loss":0,"event_name":"Living Wall","floor":13,"gold_loss":0,"cards_upgraded":["Tantrum"]},{"damage_healed":0,"gold_gain":0,"player_choice":"Obtained Book","damage_taken":16,"max_hp_gain":0,"max_hp_loss":0,"event_name":"Cursed Tome","floor":19,"gold_loss":0},{"damage_healed":0,"gold_gain":0,"player_choice":"Fought Bandits","damage_taken":0,"max_hp_gain":0,"max_hp_loss":0,"event_name":"Masked Bandits","floor":20,"gold_loss":0},{"cards_removed":["FollowUp"],"damage_healed":0,"gold_gain":0,"player_choice":"Gave Card","damage_taken":0,"relics_obtained":["Torii"],"max_hp_gain":0,"max_hp_loss":0,"event_name":"WeMeetAgain","floor":29,"gold_loss":0},{"damage_healed":0,"gold_gain":0,"player_choice":"Max HP","damage_taken":0,"max_hp_gain":0,"max_hp_loss":4,"event_name":"Winding Halls","floor":37,"gold_loss":0},{"damage_healed":0,"gold_gain":0,"player_choice":"0 cards matched","damage_taken":0,"max_hp_gain":0,"max_hp_loss":0,"event_name":"Match and Keep!","floor":39,"gold_loss":0,"cards_obtained":[]}],"is_beta":false,"boss_relics":[{"not_picked":["Runic Dome","Velvet Choker"],"picked":"Snecko Eye"},{"not_picked":["SlaversCollar","Calling Bell"],"picked":"Empty Cage"}],"items_purged_floors":[11,38],"is_endless":false,"potions_floor_spawned":[1,6,18,27,31,33,36,41],"killed_by":"Giant Head","ascension_level":11}}