{"host":"3y2rtlgteqp2nuo3","time":1611882065,"event":{"mods":["2.2 Compatiblity","AchievementEnabler","BaseMod","Colored Map","DeckTracker","Highlight Path","Keyboard Shortcuts","Minty Spire (QoL Compilation)","Permanent Neow","Quick Restart","StSLib","SuperFastMode","everything is the same but u backflip on backflip"],"gold_per_floor":[367,209,224,224,149,193,193,208,208,244,265,265,265],"floor_reached":12,"language":"KOR","playtime":285,"items_purged":["Strike_G"],"score":158,"play_id":"efbaa0e9-a7a7-43b7-a3cf-1105a9d298d2","local_time":"20210129100105","is_ascension_mode":true,"campfire_choices":[{"floor":7.0,"key":"REST"}],"circlet_count":0,"master_deck":["AscendersBane","Strike_G","Strike_G","Strike_G","Defend_G","Defend_G","Defend_G","Defend_G","Defend_G","Survivor","Neutralize","Catalyst+1","Crippling Poison","Deadly Poison+1","Injury","Escape Plan","Backflip","Dagger Throw","Dagger Spray"],"relics":["Ring of the Snake","Golden Idol","Letter Opener","Paper Crane","War Paint"],"acts_visited":["Exordium"],"potions_floor_usage":[11,11,11],"damage_taken":[{"damage":5.0,"enemies":"Jaw Worm","floor":1.0,"turns":7.0},{"damage":1.0,"enemies":"Small Slimes","floor":3.0,"turns":5.0},{"damage":23.0,"enemies":"Gremlin Nob","floor":6.0,"turns":5.0},{"damage":0.0,"enemies":"2 Louse","floor":8.0,"turns":3.0},{"damage":11.0,"enemies":"Lagavulin","floor":10.0,"turns":6.0},{"damage":12,"enemies":"Large Slime","floor":11,"turns":8},{"damage":12,"enemies":"3 Sentries","floor":12,"turns":2}],"seed_played":"-9120280549061779818","potions_obtained":[{"floor":1.0,"key":"EntropicBrew"},{"floor":3.0,"key":"SteroidPotion"}],"is_trial":false,"path_per_floor":["M","$","M","?","?","E","R","M","T","E","M","E"],"character_chosen":"THE_SILENT","items_purchased":["Crippling Poison"],"campfire_rested":1,"item_purchase_floors":[2],"current_hp_per_floor":[39,39,38,38,38,15,34,34,34,23,11,0,0],"gold":265,"neow_bonus":"TWO_FIFTY_GOLD","is_daily":false,"chose_seed":false,"campfire_upgraded":0,"win_rate":0.0,"timestamp":1611882065,"path_taken":["M","$","M","?","?","E","R","M","T","E","M","E"],"items_purchased_type":["Card"],"build_version":"2020-12-22","purchased_purges":1,"victory":false,"max_hp_per_floor":[66,66,66,66,66,66,66,66,66,66,66,66,66],"card_choices":[{"not_picked":["Choke","Acrobatics"],"picked":"Catalyst","floor":1.0},{"not_picked":["Underhanded Strike","Poisoned Stab"],"picked":"Deadly Poison","floor":3.0},{"not_picked":["Storm of Steel","Masterful Stab"],"picked":"Escape Plan","floor":6.0},{"not_picked":["Well Laid Plans","Footwork"],"picked":"Backflip","floor":8.0},{"not_picked":["Endless Agony","Predator"],"picked":"Dagger Throw","floor":10.0},{"not_picked":["Underhanded Strike","Deflect"],"picked":"Dagger Spray","floor":11}],"player_experience":725315,"relics_obtained":[{"floor":6.0,"key":"Letter Opener"},{"floor":9.0,"key":"Paper Crane"},{"floor":10.0,"key":"War Paint"}],"event_choices":[{"damage_healed":0.0,"max_hp_gain":0.0,"max_hp_loss":0.0,"gold_gain":0.0,"event_name":"Golden Idol","player_choice":"Take Wound","floor":4.0,"gold_loss":0.0,"damage_taken":0.0,"relics_obtained":["Golden Idol"],"cards_obtained":["Injury"]},{"cards_removed":["Strike_G"],"damage_healed":0.0,"max_hp_gain":0.0,"max_hp_loss":0.0,"gold_gain":0.0,"event_name":"The Cleric","player_choice":"Card Removal","floor":5.0,"gold_loss":75.0,"damage_taken":0.0}],"is_beta":false,"boss_relics":[],"items_purged_floors":[2],"is_endless":false,"potions_floor_spawned":[1,3],"killed_by":"3 Sentries","ascension_level":16}}