{"host":"z16h96csw6gsetxl","time":1611930314,"event":{"mods":["BaseMod","Minty Spire (QoL Compilation)"],"gold_per_floor":[112,112,112,127,45,72,72,103,150,2,21,86,86,261,261,261,261],"floor_reached":16,"language":"ZHS","playtime":542,"items_purged":[],"score":131,"play_id":"51df989c-d8dd-4423-82e9-5afc3e73216f","local_time":"20210129222514","is_ascension_mode":false,"campfire_choices":[{"data":"Pray","floor":13,"key":"SMITH"},{"floor":15,"key":"REST"}],"circlet_count":0,"master_deck":["Strike_P","Strike_P","Strike_P","Defend_P","Defend_P","Defend_P","Eruption","Vigilance","Halt","Omniscience","Collect","Pray+1","TalkToTheHand","SandsOfTime","Halt","Prostrate"],"relics":["PureWater","NeowsBlessing","Omamori","Tiny Chest","Potion Belt","Lee\u0027s Waffle","Matryoshka"],"acts_visited":["Exordium"],"potions_floor_usage":[8],"damage_taken":[{"damage":0,"enemies":"Jaw Worm","floor":1,"turns":1},{"damage":0,"enemies":"2 Louse","floor":4,"turns":1},{"damage":0,"enemies":"Lagavulin","floor":6,"turns":1},{"damage":38,"enemies":"3 Sentries","floor":8,"turns":6},{"damage":0,"enemies":"Small Slimes","floor":11,"turns":3},{"damage":52,"enemies":"Gremlin Nob","floor":12,"turns":4},{"damage":24,"enemies":"The Guardian","floor":16,"turns":5}],"seed_played":"-5779238166083463091","potions_obtained":[{"floor":1,"key":"Explosive Potion"}],"is_trial":false,"path_per_floor":["M","?","?","M","$","E","$","E","T","$","M","?","R","?","R","B"],"character_chosen":"WATCHER","items_purchased":["Pray","Lee\u0027s Waffle"],"campfire_rested":1,"item_purchase_floors":[5,10],"current_hp_per_floor":[72,65,65,65,65,65,65,27,27,79,79,27,27,27,50,26,26],"gold":261,"neow_bonus":"THREE_ENEMY_KILL","is_daily":false,"chose_seed":false,"campfire_upgraded":1,"win_rate":0.0,"timestamp":1611930314,"path_taken":["M","?","?","M","$","E","$","E","T","$","M","?","R","?","R","BOSS"],"items_purchased_type":["Card","Relic"],"build_version":"2020-12-22","purchased_purges":0,"victory":false,"max_hp_per_floor":[72,72,72,72,72,72,72,72,72,79,79,79,79,79,79,79,79],"card_choices":[{"not_picked":["Sanctity","EmptyFist"],"picked":"Halt","floor":1},{"not_picked":["JustLucky","CrushJoints"],"picked":"Collect","floor":4},{"not_picked":["EmptyMind","CrushJoints"],"picked":"TalkToTheHand","floor":6},{"not_picked":["PathToVictory","ClearTheMind"],"picked":"SandsOfTime","floor":8},{"not_picked":["SashWhip","EmptyFist"],"picked":"Halt","floor":11},{"not_picked":["DeceiveReality","ClearTheMind"],"picked":"Prostrate","floor":12}],"player_experience":66300,"relics_obtained":[{"floor":6,"key":"Omamori"},{"floor":8,"key":"Tiny Chest"},{"floor":9,"key":"Potion Belt"},{"floor":12,"key":"Matryoshka"}],"event_choices":[{"cards_removed":["Defend_P"],"damage_healed":0,"gold_gain":0,"player_choice":"Card Removal","damage_taken":7,"max_hp_gain":0,"max_hp_loss":0,"event_name":"Golden Wing","floor":2,"gold_loss":0},{"damage_healed":0,"gold_gain":0,"cards_transformed":["Strike_P"],"player_choice":"Change","damage_taken":0,"max_hp_gain":0,"max_hp_loss":0,"event_name":"Living Wall","floor":3,"gold_loss":0,"cards_obtained":["Omniscience"]},{"damage_healed":0,"gold_gain":30,"player_choice":"Searched \u00273\u0027 times","damage_taken":0,"max_hp_gain":0,"max_hp_loss":0,"event_name":"Dead Adventurer","floor":12,"gold_loss":0},{"damage_healed":0,"gold_gain":175,"player_choice":"AGREE","damage_taken":0,"max_hp_gain":0,"max_hp_loss":0,"event_name":"Liars Game","floor":14,"gold_loss":0,"cards_obtained":["Doubt"]}],"is_beta":false,"boss_relics":[],"items_purged_floors":[],"is_endless":false,"potions_floor_spawned":[1],"killed_by":"The Guardian","ascension_level":0}}