{"host":"drjz7zl15rqtgg20","time":1611931517,"event":{"mods":["BaseMod","Colored Map","Downfall","Minty Spire (QoL Compilation)","StSLib"],"gold_per_floor":[99,119,119,137,156,56,56,83,83,83,96,96,196,17,35,131,131,31,49,49,49,49,34,102,122,142,170,70,85,85,99,113,113,113,113],"floor_reached":33,"language":"ENG","playtime":1856,"items_purged":["hexamod:Strike"],"score":292,"play_id":"203f7fbc-7e63-4953-b21f-07e393fb1926","local_time":"20210129094517","is_ascension_mode":false,"campfire_choices":[{"floor":1,"key":"RECALL"},{"data":"hexamod:FastForward","floor":6,"key":"SMITH"},{"data":"hexamod:SwordOfDarkness","floor":10,"key":"SMITH"},{"data":"hexamod:ThermalTransfer","floor":12,"key":"SMITH"},{"data":"Deep Breath","floor":18,"key":"SMITH"},{"data":"hexamod:HeatShield","floor":28,"key":"SMITH"},{"data":"hexamod:TimeWarp","floor":30,"key":"SMITH"}],"circlet_count":0,"master_deck":["hexamod:Strike","hexamod:Strike","hexamod:Strike","hexamod:Defend","hexamod:Defend","hexamod:Defend","hexamod:Defend","hexamod:Sear","hexamod:Float","hexamod:FastForward+1","hexamod:SwordOfDarkness+1","hexamod:StepThrough+1","hexamod:ThermalTransfer+1","hexamod:PhantomCloak","Deep Breath+1","hexamod:DynamicBlow","hexamod:TimeWarp+1","hexamod:GhostOfSpireFuture+1","hexamod:FirstSeal","hexamod:FlamesFromBeyond","hexamod:EmpoweredFlame","hexamod:HeatShield+1","hexamod:RainOfEmbers+1"],"relics":["hexamod:SpiritBrand","downfall:HeartBlessingRed","TungstenRod","Busted Crown","downfall:HeartBlessingBlue","hexamod:InflammatoryLetter","Vajra","downfall:HeartBlessingGreen"],"acts_visited":["Exordium","TheCity"],"potions_floor_usage":[8,27],"damage_taken":[{"damage":0,"enemies":"Small Slimes","floor":2,"turns":4},{"damage":6,"enemies":"Jaw Worm","floor":4,"turns":3},{"damage":0,"enemies":"Cultist","floor":5,"turns":3},{"damage":27,"enemies":"Gremlin Nob","floor":8,"turns":4},{"damage":3,"enemies":"3 Louse","floor":11,"turns":3},{"damage":0,"enemies":"downfall:FleeingMerchant","floor":14,"turns":4},{"damage":0,"enemies":"Exordium Wildlife","floor":15,"turns":4},{"damage":34,"enemies":"DF_ARCHETYPE_STREAMLINE","floor":16,"turns":11},{"damage":0,"enemies":"Chosen","floor":19,"turns":3},{"damage":0,"enemies":"downfall:FleeingMerchant","floor":23,"turns":4},{"damage":1,"enemies":"Shell Parasite","floor":25,"turns":3},{"damage":14,"enemies":"Snake Plant","floor":26,"turns":3},{"damage":41,"enemies":"Gremlin Leader","floor":27,"turns":8},{"damage":19,"enemies":"Centurion and Healer","floor":29,"turns":5},{"damage":0,"enemies":"3 Cultists","floor":31,"turns":4},{"damage":8,"enemies":"Snake Plant","floor":32,"turns":3},{"damage":42,"enemies":"SI_MIRROR_ARCHETYPE","floor":33,"turns":8}],"seed_played":"3833276485490285217","potions_obtained":[{"floor":2,"key":"hexamod:EctoCoolerPotion"},{"floor":8,"key":"CultistPotion"},{"floor":11,"key":"Fire Potion"},{"floor":25,"key":"SteroidPotion"},{"floor":31,"key":"DistilledChaos"}],"is_trial":false,"path_per_floor":["R","M","?","M","M","R","T","E","?","R","M","R","?","$","M","B",null,"R","M","?","?","?","$","T","M","M","E","R","M","R","M","M","B"],"character_chosen":"THE_SPIRIT","items_purchased":["Deep Breath"],"campfire_rested":0,"item_purchase_floors":[14],"current_hp_per_floor":[77,77,82,76,76,76,76,49,49,49,46,46,46,46,46,12,82,92,92,86,69,69,76,76,82,75,41,41,29,29,36,35,0,0,0],"gold":113,"neow_bonus":"TEN_PERCENT_HP_BONUS","is_daily":false,"chose_seed":false,"campfire_upgraded":6,"win_rate":0.0,"timestamp":1611931517,"path_taken":["R","M","?","M","M","R","T","E","?","R","?","R","?","$","M","BOSS","R","M","?","?","?","$","T","M","M","E","R","M","R","M","M","BOSS"],"items_purchased_type":["Card"],"build_version":"2020-12-22","purchased_purges":1,"victory":false,"max_hp_per_floor":[77,77,82,82,82,82,82,82,82,82,82,82,82,82,82,82,82,92,92,92,97,97,97,97,97,97,97,97,97,97,97,97,97,97,97],"card_choices":[{"not_picked":["hexamod:FourthSeal","hexamod:SwordOfDarkness"],"picked":"hexamod:FastForward","floor":2},{"not_picked":["hexamod:HeatCrush","hexamod:PhantomFireball"],"picked":"hexamod:SwordOfDarkness","floor":4},{"not_picked":["hexamod:RainOfEmbers","hexamod:HeatShield","hexamod:GhostLash"],"picked":"SKIP","floor":5},{"not_picked":["hexamod:BurningTouch","hexamod:FlamesFromBeyond"],"picked":"hexamod:StepThrough","floor":8},{"not_picked":["hexamod:BurningTouch","hexamod:SuperheatedStrike"],"picked":"hexamod:ThermalTransfer","floor":11},{"not_picked":["hexamod:Firestarter","hexamod:UnleashSpirits"],"picked":"hexamod:PhantomCloak","floor":14},{"not_picked":["hexamod:BacktrackSmack","hexamod:HauntingEcho"],"picked":"hexamod:DynamicBlow","floor":15},{"not_picked":["hexamod:Toasty","hexamod:GiftsFromTheDead"],"picked":"hexamod:TimeWarp","floor":16},{"not_picked":[],"picked":"hexamod:GhostOfSpireFuture+1","floor":19},{"not_picked":["hexamod:RetreatToShadows+1"],"picked":"SKIP","floor":23},{"not_picked":[],"picked":"hexamod:FlamesFromBeyond","floor":25},{"not_picked":[],"picked":"hexamod:EmpoweredFlame","floor":26},{"not_picked":[],"picked":"hexamod:HeatShield","floor":27},{"not_picked":[],"picked":"hexamod:RainOfEmbers+1","floor":29},{"not_picked":["hexamod:SpectralAdrenaline"],"picked":"SKIP","floor":31},{"not_picked":["hexamod:Hexaguard"],"picked":"SKIP","floor":32}],"player_experience":622776,"relics_obtained":[{"floor":8,"key":"TungstenRod"},{"floor":24,"key":"hexamod:InflammatoryLetter"},{"floor":27,"key":"Vajra"}],"event_choices":[{"damage_healed":0,"gold_gain":0,"player_choice":"Donut","damage_taken":0,"max_hp_gain":5,"max_hp_loss":0,"event_name":"Big Fish","floor":3,"gold_loss":0},{"damage_healed":0,"gold_gain":0,"player_choice":"Forge","damage_taken":0,"max_hp_gain":0,"max_hp_loss":0,"event_name":"Accursed Blacksmith","floor":9,"gold_loss":0,"cards_upgraded":["hexamod:StepThrough"]},{"damage_healed":0,"gold_gain":0,"player_choice":"Ignored","damage_taken":0,"max_hp_gain":0,"max_hp_loss":0,"event_name":"NoteForYourself","floor":22,"gold_loss":0}],"is_beta":false,"boss_relics":[{"not_picked":["Velvet Choker","Black Star"],"picked":"Busted Crown"}],"items_purged_floors":[14],"is_endless":false,"potions_floor_spawned":[2,8,11,25,31],"killed_by":"SI_MIRROR_ARCHETYPE","ascension_level":0}}