{"host":"zsnmfqgcm92hlreo","time":1611964469,"event":{"mods":["AchievementEnabler","BaseMod","Bestiary","Block Reminder","Colored Powertips","Minty Spire (QoL Compilation)","Permanent Neow","Quick Restart","Relic Stats","Weighted Paths"],"gold_per_floor":[115,134,134,134,209,236,236,270,270,63,76,92,92,92],"floor_reached":13,"language":"ENG","playtime":418,"items_purged":[],"score":186,"play_id":"a4bbc864-272c-4a60-95f2-91dce434deb8","local_time":"20210129175429","is_ascension_mode":true,"campfire_choices":[{"floor":7.0,"key":"REST"}],"circlet_count":0,"master_deck":["AscendersBane","Strike_G","Strike_G","Strike_G","Strike_G","Strike_G","Defend_G","Defend_G","Defend_G","Defend_G","Defend_G","Survivor","Neutralize","All Out Attack","Choke","Finisher","Riddle With Holes","PiercingWail"],"relics":["Snecko Eye","Torii","Blood Vial","The Courier","Bag of Marbles"],"acts_visited":["Exordium"],"potions_floor_usage":[],"damage_taken":[{"damage":12.0,"enemies":"Jaw Worm","floor":1.0,"turns":6.0},{"damage":0.0,"enemies":"2 Louse","floor":2.0,"turns":2.0},{"damage":8.0,"enemies":"Gremlin Nob","floor":6.0,"turns":3.0},{"damage":27,"enemies":"Lagavulin","floor":8,"turns":7},{"damage":0,"enemies":"Small Slimes","floor":11,"turns":1},{"damage":0,"enemies":"Blue Slaver","floor":12,"turns":2},{"damage":55,"enemies":"Gremlin Nob","floor":13,"turns":4}],"seed_played":"8980532886213948718","potions_obtained":[{"floor":1.0,"key":"PowerPotion"},{"floor":2.0,"key":"Poison Potion"}],"is_trial":false,"path_per_floor":["M","M","?","?","?","E","R","E","T","$","M","M","E"],"character_chosen":"THE_SILENT","items_purchased":["Riddle With Holes","Bag of Marbles"],"campfire_rested":1,"item_purchase_floors":[10,10],"current_hp_per_floor":[47,47,47,52,41,33,54,27,27,27,29,31,0,0],"gold":92,"neow_bonus":"BOSS_RELIC","is_daily":false,"chose_seed":false,"campfire_upgraded":0,"win_rate":0.0,"timestamp":1611964469,"path_taken":["M","M","?","?","?","E","R","E","T","?","M","M","E"],"items_purchased_type":["Card","Relic"],"build_version":"2020-12-22","purchased_purges":0,"victory":false,"max_hp_per_floor":[66,66,66,71,71,71,71,71,71,71,71,71,71,71],"relic_stats":{"Blood Vial":6,"Torii":5,"counters":[7,25],"Snecko Eye":[47,43,45,35],"obtain_stats":[{"Blood Vial":8,"Torii":6,"Snecko Eye":0,"The Courier":9,"Bag of Marbles":10,"Ring of the Snake":0},{"Blood Vial":4,"Torii":3,"Snecko Eye":0,"The Courier":4,"Bag of Marbles":4,"Ring of the Snake":0},{"Blood Vial":18,"Torii":11,"Snecko Eye":0,"The Courier":18,"Bag of Marbles":18,"Ring of the Snake":0}]},"card_choices":[{"not_picked":["Reflex","Dagger Spray"],"picked":"All Out Attack","floor":1.0},{"not_picked":["Backflip","Backstab"],"picked":"Choke","floor":2.0},{"not_picked":["Deadly Poison","Grand Finale","Flying Knee"],"picked":"SKIP","floor":6.0},{"not_picked":["All Out Attack","Calculated Gamble"],"picked":"Finisher","floor":8},{"not_picked":["Dodge and Roll","Heel Hook","Backstab"],"picked":"SKIP","floor":11},{"not_picked":["Bane","Dodge and Roll"],"picked":"PiercingWail","floor":12}],"player_experience":944941,"relics_obtained":[{"floor":6.0,"key":"Torii"},{"floor":8,"key":"Blood Vial"},{"floor":9,"key":"The Courier"}],"event_choices":[{"damage_healed":0.0,"max_hp_gain":0.0,"max_hp_loss":0.0,"gold_gain":0.0,"event_name":"Shining Light","player_choice":"Ignored","floor":3.0,"gold_loss":0.0,"damage_taken":0.0},{"damage_healed":0.0,"max_hp_gain":5.0,"max_hp_loss":0.0,"gold_gain":0.0,"event_name":"Big Fish","player_choice":"Donut","floor":4.0,"gold_loss":0.0,"damage_taken":0.0},{"damage_healed":0.0,"max_hp_gain":0.0,"max_hp_loss":0.0,"gold_gain":75.0,"event_name":"World of Goop","player_choice":"Gather Gold","floor":5.0,"gold_loss":0.0,"damage_taken":11.0}],"is_beta":false,"boss_relics":[],"items_purged_floors":[],"is_endless":false,"potions_floor_spawned":[1,2],"killed_by":"Gremlin Nob","ascension_level":20}}