{"host":"y3h3n3f7seyagppx","time":1611949548,"event":{"mods":["AlwaysNeverKeys","BaseMod","Better Vampires","Colored Powertips","DeckTracker","Emptier Cage","Minty Spire (QoL Compilation)","Permanent Neow","Quick Restart","Rare Cards Sparkle","Relic Sorter","Relic Stats","StSLib","Transform Curses"],"gold_per_floor":[19,19,29,29,40,74,74,106,133,164,164,195,195,63,63,159,159,184,26,69,92,108,139,164,164,190,2,45,45,65,96,96,186,186,204,220,244,244,268,304,304,345,345,345,364,364,403,64,64,64,64,64,64,19,50,50],"floor_reached":57,"language":"ENG","playtime":22215,"items_purged":["Strike_R","Normality"],"score":3027,"play_id":"29c3aadb-8507-490e-ab94-597a70c8fb7d","local_time":"20210129144548","is_ascension_mode":true,"campfire_choices":[{"floor":7.0,"key":"REST"},{"data":"Hemokinesis","floor":15.0,"key":"SMITH"},{"floor":25.0,"key":"REST"},{"data":"Mayhem","floor":32,"key":"SMITH"},{"data":"Power Through","floor":41,"key":"SMITH"},{"data":"Impervious","floor":44,"key":"SMITH"},{"data":"Shrug It Off","floor":46,"key":"SMITH"},{"data":"Corruption","floor":49,"key":"SMITH"},{"data":"Barricade","floor":53,"key":"SMITH"}],"circlet_count":0,"master_deck":["AscendersBane","Strike_R","Strike_R","Defend_R","Defend_R+1","Defend_R","Bash+1","Mayhem+1","Barricade+1","Hemokinesis+1","Armaments+1","Pommel Strike+1","Shrug It Off+1","Shrug It Off","Feed","Twin Strike+1","Evolve","Spot Weakness","Flame Barrier","Power Through+1","Battle Trance+1","Feed","Impervious+1","Parasite","Disarm+1","Feel No Pain+1","Corruption+1","Evolve+1"],"relics":["Burning Blood","War Paint","Pen Nib","Art of War","Toy Ornithopter","Golden Idol","Whetstone","Runic Dome","ClockworkSouvenir","Red Mask","Oddly Smooth Stone","Blood Vial","Membership Card","Bird Faced Urn","Charon\u0027s Ashes","Cursed Key","Nunchaku","The Courier","Red Skull","Dream Catcher","Happy Flower","Dead Branch","Pantograph","Akabeko"],"acts_visited":["Exordium","TheCity","TheBeyond","TheEnding"],"potions_floor_usage":[28,31,45,56,56],"damage_taken":[{"damage":9.0,"enemies":"Small Slimes","floor":1.0,"turns":5.0},{"damage":4.0,"enemies":"2 Louse","floor":3.0,"turns":4.0},{"damage":7.0,"enemies":"Cultist","floor":5.0,"turns":4.0},{"damage":29.0,"enemies":"3 Sentries","floor":6.0,"turns":11.0},{"damage":31.0,"enemies":"Gremlin Nob","floor":8.0,"turns":4.0},{"damage":6.0,"enemies":"Lagavulin","floor":10.0,"turns":7.0},{"damage":17.0,"enemies":"Gremlin Nob","floor":12.0,"turns":4.0},{"damage":2.0,"enemies":"The Guardian","floor":16.0,"turns":14.0},{"damage":13.0,"enemies":"Shell Parasite","floor":18.0,"turns":7.0},{"damage":4.0,"enemies":"Masked Bandits","floor":20.0,"turns":4.0},{"damage":2.0,"enemies":"Spheric Guardian","floor":21.0,"turns":5.0},{"damage":27.0,"enemies":"Snecko","floor":22.0,"turns":5.0},{"damage":31.0,"enemies":"Gremlin Leader","floor":23.0,"turns":7.0},{"damage":8.0,"enemies":"Cultist and Chosen","floor":24.0,"turns":7.0},{"damage":16,"enemies":"Slavers","floor":28,"turns":5},{"damage":32,"enemies":"Shelled Parasite and Fungi","floor":30,"turns":5},{"damage":12,"enemies":"Book of Stabbing","floor":31,"turns":6},{"damage":6,"enemies":"Champ","floor":33,"turns":18},{"damage":28,"enemies":"3 Darklings","floor":35,"turns":8},{"damage":0,"enemies":"Orb Walker","floor":36,"turns":3},{"damage":24,"enemies":"Maw","floor":37,"turns":9},{"damage":44,"enemies":"Writhing Mass","floor":39,"turns":7},{"damage":2,"enemies":"Nemesis","floor":40,"turns":13},{"damage":26,"enemies":"Reptomancer","floor":42,"turns":10},{"damage":17,"enemies":"4 Shapes","floor":45,"turns":2},{"damage":13,"enemies":"Nemesis","floor":47,"turns":11},{"damage":6,"enemies":"Donu and Deca","floor":50,"turns":4},{"damage":8,"enemies":"Time Eater","floor":51,"turns":9},{"damage":28,"enemies":"Shield and Spear","floor":55,"turns":6},{"damage":23,"enemies":"The Heart","floor":56,"turns":9}],"seed_played":"-851229076072545422","potions_obtained":[{"floor":1.0,"key":"Swift Potion"},{"floor":4.0,"key":"ColorlessPotion"},{"floor":5.0,"key":"Block Potion"},{"floor":8.0,"key":"Block Potion"},{"floor":10.0,"key":"FearPotion"},{"floor":20.0,"key":"CultistPotion"},{"floor":21.0,"key":"AttackPotion"},{"floor":30,"key":"SkillPotion"},{"floor":33,"key":"SkillPotion"},{"floor":35,"key":"Dexterity Potion"}],"is_trial":false,"path_per_floor":["M","?","M","?","M","E","R","E","T","E","?","E","?","$","R","B",null,"M","$","?","M","M","E","M","R","T","$","E","?","M","E","R","B",null,"M","M","M","?","M","E","R","E","T","R","M","R","E","$","R","B","B",null,"R","$","E","B",null],"character_chosen":"IRONCLAD","items_purchased":["Swift Potion","ClockworkSouvenir","Membership Card","Fire Potion","Happy Flower","Dead Branch","Pantograph","BloodPotion","SpeedPotion"],"campfire_rested":2,"item_purchase_floors":[14,19,27,27,48,48,48,54,54],"current_hp_per_floor":[65,65,67,67,66,43,65,40,40,40,40,39,39,39,39,43,62,55,55,60,68,47,27,29,52,52,52,52,52,35,45,45,53,79,65,78,68,68,40,52,52,42,42,42,48,48,51,51,51,96,108,108,108,108,104,108],"gold":50,"neow_bonus":"RANDOM_COLORLESS_2","is_daily":false,"chose_seed":false,"campfire_upgraded":7,"win_rate":0.0,"timestamp":1611949548,"path_taken":["M","?","M","?","?","E","R","E","T","E","?","E","?","$","R","BOSS","M","?","?","M","M","E","M","R","T","$","E","?","M","E","R","BOSS","M","M","?","?","M","E","R","E","T","R","M","R","E","$","R","BOSS","BOSS","R","$","E","BOSS"],"items_purchased_type":["Potion","Relic","Relic","Potion","Relic","Relic","Relic","Potion","Potion"],"build_version":"2020-12-22","purchased_purges":2,"victory":true,"max_hp_per_floor":[75,75,75,75,75,75,75,75,75,75,68,68,68,68,68,68,68,68,68,71,75,75,75,79,79,79,79,82,82,85,88,88,88,88,88,91,91,91,95,95,95,95,95,95,101,101,101,101,101,105,108,108,108,108,108,108],"relic_stats":{"Happy Flower":[9],"counters":[30,213],"Golden Idol":201,"Dead Branch":[104],"Pen Nib":[28],"Charon\u0027s Ashes":[425],"Whetstone":["Bash","Pommel Strike"],"War Paint":["Defend_R","Armaments"],"Cursed Key":1,"Burning Blood":176,"Blood Vial":26,"Nunchaku":[10],"Dream Catcher":0,"Bird Faced Urn":[108],"Pantograph":38,"Art of War":[55],"obtain_stats":[{"Happy Flower":48,"Golden Idol":11,"Dead Branch":48,"Oddly Smooth Stone":23,"Pen Nib":8,"Charon\u0027s Ashes":31,"The Courier":42,"Whetstone":12,"War Paint":6,"Cursed Key":34,"Burning Blood":0,"Akabeko":55,"ClockworkSouvenir":19,"Blood Vial":26,"Runic Dome":17,"Nunchaku":40,"Dream Catcher":47,"Bird Faced Urn":28,"Pantograph":48,"Art of War":9,"Red Mask":20,"Membership Card":27,"Toy Ornithopter":10,"Red Skull":43},{"Happy Flower":26,"Golden Idol":6,"Dead Branch":26,"Oddly Smooth Stone":13,"Pen Nib":5,"Charon\u0027s Ashes":17,"The Courier":24,"Whetstone":7,"War Paint":4,"Cursed Key":18,"Burning Blood":0,"Akabeko":29,"ClockworkSouvenir":9,"Blood Vial":14,"Runic Dome":8,"Nunchaku":23,"Dream Catcher":26,"Bird Faced Urn":15,"Pantograph":26,"Art of War":5,"Red Mask":10,"Membership Card":14,"Toy Ornithopter":6,"Red Skull":24},{"Happy Flower":185,"Golden Idol":35,"Dead Branch":185,"Oddly Smooth Stone":81,"Pen Nib":28,"Charon\u0027s Ashes":104,"The Courier":172,"Whetstone":39,"War Paint":24,"Cursed Key":122,"Burning Blood":0,"Akabeko":204,"ClockworkSouvenir":60,"Blood Vial":88,"Runic Dome":53,"Nunchaku":162,"Dream Catcher":185,"Bird Faced Urn":93,"Pantograph":185,"Art of War":28,"Red Mask":64,"Membership Card":88,"Toy Ornithopter":35,"Red Skull":172}],"Toy Ornithopter":30},"card_choices":[{"not_picked":["Chrysalis","Magnetism"],"picked":"Mayhem","floor":0.0},{"not_picked":["Flex","Rage","Second Wind"],"picked":"SKIP","floor":1.0},{"not_picked":["Power Through","Infernal Blade"],"picked":"Hemokinesis","floor":3.0},{"not_picked":["Perfected Strike","Hemokinesis","Evolve"],"picked":"SKIP","floor":5.0},{"not_picked":["Perfected Strike","Hemokinesis","Evolve"],"picked":"SKIP","floor":5.0},{"not_picked":["Flex","Twin Strike"],"picked":"Armaments","floor":6.0},{"not_picked":["Pummel","Iron Wave"],"picked":"Pommel Strike","floor":8.0},{"not_picked":["Clothesline","Warcry"],"picked":"Shrug It Off","floor":10.0},{"not_picked":["Warcry","Reckless Charge","Havoc"],"picked":"SKIP","floor":12.0},{"not_picked":["Bludgeon","Demon Form"],"picked":"Feed","floor":16.0},{"not_picked":["Warcry","Rage"],"picked":"Twin Strike+1","floor":18.0},{"not_picked":["Ghostly Armor","Power Through"],"picked":"Evolve","floor":20.0},{"not_picked":["Clash+1","Anger","Perfected Strike+1"],"picked":"SKIP","floor":21.0},{"not_picked":["Clash+1","Anger","Perfected Strike+1"],"picked":"SKIP","floor":21.0},{"not_picked":["Inflame","Thunderclap"],"picked":"Spot Weakness","floor":22.0},{"not_picked":["Hemokinesis","Fire Breathing","Sentinel"],"picked":"SKIP","floor":23.0},{"not_picked":["Wild Strike","Reckless Charge"],"picked":"Flame Barrier","floor":24.0},{"not_picked":["Double Tap","Flame Barrier","Clothesline"],"picked":"SKIP","floor":28},{"not_picked":["Double Tap","Flame Barrier","Clothesline"],"picked":"SKIP","floor":28},{"not_picked":["Pommel Strike","True Grit"],"picked":"Battle Trance+1","floor":30},{"not_picked":["Fire Breathing","Warcry","Dropkick+1"],"picked":"SKIP","floor":31},{"not_picked":["Demon Form","Bludgeon"],"picked":"Feed","floor":33},{"not_picked":["Iron Wave","True Grit","Anger"],"picked":"SKIP","floor":35},{"not_picked":["Whirlwind","Perfected Strike","Twin Strike"],"picked":"SKIP","floor":36},{"not_picked":["Reckless Charge","Havoc+1"],"picked":"Impervious","floor":37},{"not_picked":["Armaments","Searing Blow"],"picked":"Disarm+1","floor":39},{"not_picked":["Armaments","Clash+1"],"picked":"Feel No Pain+1","floor":40},{"not_picked":["Cleave","Anger+1","Headbutt"],"picked":"SKIP","floor":42},{"not_picked":["Twin Strike","Combust","Infernal Blade"],"picked":"SKIP","floor":45},{"not_picked":["Heavy Blade","Pommel Strike"],"picked":"Corruption","floor":47},{"not_picked":["Dropkick","Armaments"],"picked":"Evolve+1","floor":55}],"player_experience":21758370,"relics_obtained":[{"floor":6.0,"key":"War Paint"},{"floor":8.0,"key":"Pen Nib"},{"floor":9.0,"key":"Art of War"},{"floor":10.0,"key":"Toy Ornithopter"},{"floor":12.0,"key":"Whetstone"},{"floor":20.0,"key":"Red Mask"},{"floor":23.0,"key":"Oddly Smooth Stone"},{"floor":26.0,"key":"Blood Vial"},{"floor":28,"key":"Bird Faced Urn"},{"floor":31,"key":"Charon\u0027s Ashes"},{"floor":40,"key":"Nunchaku"},{"floor":42,"key":"The Courier"},{"floor":43,"key":"Red Skull"},{"floor":47,"key":"Dream Catcher"},{"floor":55,"key":"Akabeko"}],"event_choices":[{"damage_healed":0.0,"max_hp_gain":0.0,"max_hp_loss":0.0,"gold_gain":0.0,"cards_transformed":["Strike_R"],"event_name":"Living Wall","player_choice":"Change","floor":2.0,"gold_loss":0.0,"damage_taken":0.0,"cards_obtained":["Barricade"]},{"damage_healed":0.0,"max_hp_gain":0.0,"max_hp_loss":0.0,"gold_gain":0.0,"event_name":"Lab","player_choice":"Got Potions","floor":4.0,"gold_loss":0.0,"damage_taken":0.0},{"damage_healed":0.0,"max_hp_gain":0.0,"max_hp_loss":7.0,"gold_gain":0.0,"event_name":"Golden Idol","player_choice":"Lose Max HP","floor":11.0,"gold_loss":0.0,"damage_taken":0.0,"relics_obtained":["Golden Idol"]},{"damage_healed":0.0,"max_hp_gain":0.0,"max_hp_loss":0.0,"gold_gain":0.0,"event_name":"Match and Keep!","player_choice":"1 cards matched","floor":13.0,"gold_loss":0.0,"damage_taken":0.0,"cards_obtained":["Shrug It Off"]},{"damage_healed":0.0,"max_hp_gain":0.0,"max_hp_loss":0.0,"gold_gain":0.0,"event_name":"Masked Bandits","player_choice":"Fought Bandits","floor":20.0,"gold_loss":0.0,"damage_taken":0.0},{"damage_healed":0,"gold_gain":0,"cards_transformed":["Strike_R"],"player_choice":"Transformed","damage_taken":0,"max_hp_gain":0,"max_hp_loss":0,"event_name":"Transmorgrifier","floor":29,"gold_loss":0,"cards_obtained":["Power Through"]},{"cards_removed":["Defend_R"],"damage_healed":0,"gold_gain":0,"player_choice":"Removed Skill","damage_taken":0,"max_hp_gain":0,"max_hp_loss":0,"event_name":"Falling","floor":38,"gold_loss":0}],"is_beta":false,"boss_relics":[{"not_picked":["Runic Cube","Black Star"],"picked":"Runic Dome"},{"not_picked":["Calling Bell","Pandora\u0027s Box"],"picked":"Cursed Key"}],"items_purged_floors":[14,48],"is_endless":false,"potions_floor_spawned":[1,5,8,10,20,21,22,30,33,35,37,55],"ascension_level":20}}