{"host":"l84l8xigz5v5foa2","time":1611885135,"event":{"mods":["2.2 Compatiblity","AchievementEnabler","BaseMod","Better Note","Better Vampires","Card Filter","Colored Map","DeckTracker","Downfall","Gremlin Skip","Highlight Path","Keyboard Shortcuts","Minty Spire (QoL Compilation)","Permanent Neow","Quick Restart","Relic Filter","Relic Stats","StSLib","SuperFastMode","Transform Curses","Unknown Chances"],"gold_per_floor":[217,231,250,94,94,120,136,155,155,155,230,230,12,26,26,103,103,115,130,130,39,51,82,82,101,101,101,121,121,121],"floor_reached":29,"language":"ENG","playtime":1380,"items_purged":["Strike_P","Defend_P","Strike_P"],"score":474,"play_id":"09c0f200-bf18-42e3-86aa-80740a32864d","local_time":"20210129105215","is_ascension_mode":true,"campfire_choices":[{"data":"Eruption","floor":10.0,"key":"SMITH"},{"data":"Perseverance","floor":15.0,"key":"SMITH"},{"data":"ClearTheMind","floor":24.0,"key":"SMITH"},{"data":"Omniscience","floor":27.0,"key":"SMITH"}],"circlet_count":0,"master_deck":["AscendersBane","Strike_P","Defend_P","Defend_P","Defend_P","Eruption+1","Vigilance","Indignation","ClearTheMind+1","EmptyFist","Adaptation+1","MentalFortress","Perseverance+1","Omniscience+1","FollowUp","SashWhip+1","Halt","Consecrate","MentalFortress","Perseverance+1","InnerPeace+1"],"relics":["PureWater","Toy Ornithopter","Meat on the Bone","Membership Card","expansioncontent:StudyCardRelic","CaptainsWheel","Toxic Egg 2"],"acts_visited":["Exordium","TheCity"],"potions_floor_usage":[],"damage_taken":[{"damage":7.0,"enemies":"Small Slimes","floor":1.0,"turns":5.0},{"damage":2.0,"enemies":"Jaw Worm","floor":2.0,"turns":3.0},{"damage":6.0,"enemies":"Cultist","floor":3.0,"turns":4.0},{"damage":9.0,"enemies":"2 Fungi Beasts","floor":7.0,"turns":3.0},{"damage":8.0,"enemies":"Blue Slaver","floor":8.0,"turns":4.0},{"damage":0.0,"enemies":"Large Slime","floor":14.0,"turns":5.0},{"damage":2.0,"enemies":"Hexaghost","floor":16.0,"turns":8.0},{"damage":0.0,"enemies":"Spheric Guardian","floor":18.0,"turns":3.0},{"damage":0.0,"enemies":"Chosen","floor":19.0,"turns":3.0},{"damage":4.0,"enemies":"Shelled Parasite and Fungi","floor":22.0,"turns":3.0},{"damage":52.0,"enemies":"Book of Stabbing","floor":23.0,"turns":7.0},{"damage":0.0,"enemies":"Cultist and Chosen","floor":25.0,"turns":6.0},{"damage":4.0,"enemies":"Snake Plant","floor":28.0,"turns":3.0},{"damage":62,"enemies":"Chosen and Byrds","floor":29,"turns":6}],"seed_played":"2838869563732802633","potions_obtained":[{"floor":1.0,"key":"Ambrosia"},{"floor":14.0,"key":"LiquidMemories"},{"floor":18.0,"key":"AttackPotion"},{"floor":23.0,"key":"EssenceOfSteel"}],"is_trial":false,"path_per_floor":["M","M","M","$","?","T","M","M","T","R","?","?","$","M","R","B",null,"M","M","?","$","M","E","R","M","T","R","M","M"],"character_chosen":"WATCHER","items_purchased":["Adaptation","Membership Card","Halt"],"campfire_rested":0,"item_purchase_floors":[4,13,21],"current_hp_per_floor":[54,52,46,46,51,51,42,34,34,34,23,16,16,28,28,48,67,67,67,67,67,63,28,28,40,40,40,41,0,0],"gold":121,"neow_bonus":"HUNDRED_GOLD","is_daily":false,"chose_seed":false,"campfire_upgraded":4,"win_rate":0.0,"timestamp":1611885135,"path_taken":["M","M","M","$","?","?","?","M","T","R","?","?","$","M","R","BOSS","M","M","?","?","M","E","R","M","T","R","M","?"],"items_purchased_type":["Card","Relic","Card"],"build_version":"2020-12-22","purchased_purges":3,"victory":false,"max_hp_per_floor":[68,68,68,68,73,73,73,73,73,73,73,73,73,73,73,73,73,73,73,73,73,73,73,73,73,73,73,73,73,73],"relic_stats":{"counters":[14,63],"obtain_stats":[{"CaptainsWheel":23,"expansioncontent:StudyCardRelic":17,"Membership Card":13,"PureWater":0,"Toxic Egg 2":26,"Toy Ornithopter":6,"Meat on the Bone":9},{"CaptainsWheel":11,"expansioncontent:StudyCardRelic":7,"Membership Card":5,"PureWater":0,"Toxic Egg 2":12,"Toy Ornithopter":3,"Meat on the Bone":5},{"CaptainsWheel":48,"expansioncontent:StudyCardRelic":32,"Membership Card":19,"PureWater":0,"Toxic Egg 2":54,"Toy Ornithopter":12,"Meat on the Bone":19}],"Toy Ornithopter":20,"Meat on the Bone":48},"card_choices":[{"not_picked":["Conclude","EmptyFist"],"picked":"Indignation","floor":1.0},{"not_picked":["EmptyFist","CutThroughFate"],"picked":"ClearTheMind","floor":2.0},{"not_picked":["Crescendo","Prostrate"],"picked":"EmptyFist","floor":3.0},{"not_picked":["Consecrate","ClearTheMind","EmptyBody"],"picked":"SKIP","floor":7.0},{"not_picked":["FlyingSleeves","CutThroughFate"],"picked":"MentalFortress","floor":8.0},{"not_picked":["JustLucky","PathToVictory"],"picked":"Perseverance","floor":14.0},{"not_picked":["Establishment","DevaForm"],"picked":"Omniscience","floor":16.0},{"not_picked":["ThirdEye","Worship"],"picked":"FollowUp","floor":18.0},{"not_picked":["ThirdEye","Sanctity"],"picked":"SashWhip+1","floor":19.0},{"not_picked":["CutThroughFate","Prostrate+1"],"picked":"Consecrate","floor":22.0},{"not_picked":["CutThroughFate","Protect"],"picked":"MentalFortress","floor":23.0},{"not_picked":["Crescendo","Protect"],"picked":"Perseverance+1","floor":25.0},{"not_picked":["FearNoEvil","CutThroughFate"],"picked":"InnerPeace+1","floor":28.0}],"player_experience":3476294,"relics_obtained":[{"floor":6.0,"key":"Toy Ornithopter"},{"floor":9.0,"key":"Meat on the Bone"},{"floor":23.0,"key":"CaptainsWheel"},{"floor":26.0,"key":"Toxic Egg 2"}],"event_choices":[{"damage_healed":0.0,"max_hp_gain":5.0,"max_hp_loss":0.0,"gold_gain":0.0,"event_name":"Big Fish","player_choice":"Donut","floor":5.0,"gold_loss":0.0,"damage_taken":0.0},{"damage_healed":0.0,"max_hp_gain":0.0,"max_hp_loss":0.0,"gold_gain":75.0,"event_name":"World of Goop","player_choice":"Gather Gold","floor":11.0,"gold_loss":0.0,"damage_taken":11.0},{"cards_removed":["Strike_P"],"damage_healed":0.0,"max_hp_gain":0.0,"max_hp_loss":0.0,"gold_gain":0.0,"event_name":"Golden Wing","player_choice":"Card Removal","floor":12.0,"gold_loss":0.0,"damage_taken":7.0},{"damage_healed":0.0,"max_hp_gain":0.0,"max_hp_loss":0.0,"gold_gain":0.0,"event_name":"Upgrade Shrine","player_choice":"Upgraded","floor":20.0,"gold_loss":0.0,"damage_taken":0.0,"cards_upgraded":["Adaptation"]}],"is_beta":false,"boss_relics":[{"not_picked":["Busted Crown","Fusion Hammer"],"picked":"expansioncontent:StudyCardRelic"}],"items_purged_floors":[4,13,21],"is_endless":false,"potions_floor_spawned":[1,14,18,23],"killed_by":"Chosen and Byrds","ascension_level":20}}