{"host":"3a1ypf1irl30q4k8","time":1611923120,"event":{"mods":["AchievementEnabler","BaseMod","Bestiary","Colored Map","Minty Spire (QoL Compilation)","Relic Stats"],"gold_per_floor":[51,101,141,171,71,71,155,155,180,180,180,239,305,340,340,463,463,506,506,569,584,38,38,73,91,117,117,117,144,243,284,284,381,381,398,398,412,412,412,412,412],"floor_reached":40,"language":"ENG","playtime":2079,"items_purged":["Strike_R"],"score":611,"play_id":"32855ccd-5d6d-4628-8872-d1ea3bb84370","local_time":"20210129122520","is_ascension_mode":true,"campfire_choices":[{"data":"HandOfGreed","floor":6.0,"key":"SMITH"},{"data":"Clothesline","floor":8.0,"key":"SMITH"},{"data":"Hemokinesis","floor":10.0,"key":"SMITH"},{"data":"Whirlwind","floor":15.0,"key":"SMITH"},{"data":"Cleave","floor":23.0,"key":"SMITH"},{"floor":32.0,"key":"REST"}],"circlet_count":0,"master_deck":["Strike_R+1","Strike_R+1","Strike_R+1","Strike_R+1","Defend_R+1","Defend_R+1","Defend_R+1","Defend_R+1","Bash","HandOfGreed+1","Headbutt","Hemokinesis+1","Disarm+1","Shrug It Off","Clothesline+1","Warcry","Whirlwind+1","Rupture","Cleave+1","Double Tap","Blood for Blood+1","Seeing Red","Battle Trance","Writhe","Bloodletting","Combust+1","Spot Weakness+1","Brutality","Flame Barrier+1","Bandage Up","Finesse","Flash of Steel"],"relics":["Burning Blood","War Paint","Bag of Marbles","Velvet Choker","Shuriken","Oddly Smooth Stone","Chemical X","Dream Catcher","Anchor","MealTicket","Happy Flower","Cursed Key"],"acts_visited":["Exordium","TheCity","TheBeyond"],"potions_floor_usage":[39],"damage_taken":[{"damage":4.0,"enemies":"2 Louse","floor":1.0,"turns":5.0},{"damage":0.0,"enemies":"Small Slimes","floor":2.0,"turns":3.0},{"damage":6.0,"enemies":"Jaw Worm","floor":3.0,"turns":3.0},{"damage":10.0,"enemies":"Blue Slaver","floor":4.0,"turns":4.0},{"damage":24.0,"enemies":"3 Sentries","floor":7.0,"turns":5.0},{"damage":20.0,"enemies":"Lagavulin","floor":12.0,"turns":7.0},{"damage":3.0,"enemies":"Large Slime","floor":13.0,"turns":5.0},{"damage":8.0,"enemies":"2 Fungi Beasts","floor":14.0,"turns":4.0},{"damage":2.0,"enemies":"Slime Boss","floor":16.0,"turns":8.0},{"damage":14.0,"enemies":"Shell Parasite","floor":18.0,"turns":4.0},{"damage":16.0,"enemies":"2 Thieves","floor":20.0,"turns":3.0},{"damage":23.0,"enemies":"Snecko","floor":21.0,"turns":4.0},{"damage":16.0,"enemies":"Gremlin Leader","floor":24.0,"turns":4.0},{"damage":2.0,"enemies":"Snake Plant","floor":25.0,"turns":2.0},{"damage":16.0,"enemies":"Slavers","floor":29.0,"turns":3.0},{"damage":0.0,"enemies":"Cultist and Chosen","floor":31.0,"turns":4.0},{"damage":41.0,"enemies":"Collector","floor":33.0,"turns":6.0},{"damage":0.0,"enemies":"Orb Walker","floor":35.0,"turns":2.0},{"damage":3,"enemies":"3 Darklings","floor":37,"turns":2},{"damage":0,"enemies":"Jaw Worm Horde","floor":39,"turns":1},{"damage":80,"enemies":"Reptomancer","floor":40,"turns":4}],"seed_played":"-7363560159201272565","potions_obtained":[{"floor":2.0,"key":"BloodPotion"},{"floor":4.0,"key":"SpeedPotion"},{"floor":7.0,"key":"Explosive Potion"},{"floor":13.0,"key":"Strength Potion"},{"floor":16.0,"key":"DistilledChaos"},{"floor":18.0,"key":"Swift Potion"},{"floor":20.0,"key":"GamblersBrew"},{"floor":29.0,"key":"SmokeBomb"},{"floor":33.0,"key":"ColorlessPotion"}],"is_trial":false,"path_per_floor":["M","M","M","M","$","R","E","R","T","R","?","E","M","M","R","B",null,"M","?","M","M","$","R","E","M","T","?","?","E","?","M","R","B",null,"M","?","M","?","M","E"],"character_chosen":"IRONCLAD","items_purchased":["Clothesline","Shuriken","Oddly Smooth Stone","Chemical X"],"campfire_rested":1,"item_purchase_floors":[5,22,22,22],"current_hp_per_floor":[80,80,80,76,76,76,58,58,58,58,58,60,63,61,61,65,80,72,72,62,45,45,45,35,39,39,39,39,29,29,35,59,24,80,80,70,73,73,76,0,0],"gold":412,"neow_bonus":"RANDOM_COLORLESS_2","is_daily":false,"chose_seed":false,"campfire_upgraded":5,"win_rate":0.0,"timestamp":1611923120,"path_taken":["M","M","M","M","$","R","E","R","T","R","?","E","M","M","R","BOSS","M","?","M","M","$","R","E","M","T","?","?","E","?","M","R","BOSS","M","?","M","?","M","E"],"items_purchased_type":["Card","Relic","Relic","Relic"],"build_version":"2020-12-22","purchased_purges":1,"victory":false,"max_hp_per_floor":[80,80,80,80,80,80,80,80,80,80,80,80,80,80,80,80,80,80,80,80,80,80,80,80,80,80,80,80,80,80,80,80,80,80,80,80,80,76,76,76,76],"relic_stats":{"Dream Catcher":1,"Happy Flower":[6],"counters":[21,83],"Shuriken":[7],"MealTicket":0,"Chemical X":[10],"War Paint":["Disarm","Defend_R"],"Cursed Key":0,"obtain_stats":[{"Dream Catcher":24,"Anchor":26,"Happy Flower":29,"Shuriken":22,"Velvet Choker":17,"Oddly Smooth Stone":22,"MealTicket":27,"Bag of Marbles":12,"Chemical X":22,"War Paint":7,"Cursed Key":34,"Burning Blood":0},{"Dream Catcher":13,"Anchor":14,"Happy Flower":15,"Shuriken":12,"Velvet Choker":9,"Oddly Smooth Stone":12,"MealTicket":14,"Bag of Marbles":6,"Chemical X":12,"War Paint":5,"Cursed Key":17,"Burning Blood":0},{"Dream Catcher":59,"Anchor":61,"Happy Flower":64,"Shuriken":55,"Velvet Choker":44,"Oddly Smooth Stone":55,"MealTicket":61,"Bag of Marbles":27,"Chemical X":55,"War Paint":20,"Cursed Key":74,"Burning Blood":0}],"Burning Blood":103},"card_choices":[{"not_picked":["Sadistic Nature","Secret Technique"],"picked":"HandOfGreed","floor":0.0},{"not_picked":["Sword Boomerang","Feel No Pain"],"picked":"Headbutt","floor":1.0},{"not_picked":["Fire Breathing","Dark Embrace"],"picked":"Hemokinesis","floor":2.0},{"not_picked":["Flex","Hemokinesis"],"picked":"Disarm","floor":3.0},{"not_picked":["Clash","Clothesline"],"picked":"Shrug It Off","floor":4.0},{"not_picked":["Demon Form","Body Slam"],"picked":"Warcry","floor":7.0},{"not_picked":["Rage","Burning Pact"],"picked":"Whirlwind","floor":12.0},{"not_picked":["Power Through","Warcry"],"picked":"Rupture","floor":13.0},{"not_picked":["Perfected Strike","Reckless Charge"],"picked":"Cleave","floor":14.0},{"not_picked":["Exhume","Brutality"],"picked":"Double Tap","floor":16.0},{"not_picked":["Thunderclap","Inflame"],"picked":"Blood for Blood+1","floor":18.0},{"not_picked":["Sword Boomerang+1","Heavy Blade+1","Perfected Strike+1"],"picked":"SKIP","floor":20.0},{"not_picked":["Shrug It Off","Wild Strike"],"picked":"Seeing Red","floor":21.0},{"not_picked":["Searing Blow","Inflame"],"picked":"Battle Trance","floor":24.0},{"not_picked":["Headbutt","Clothesline","Shrug It Off"],"picked":"SKIP","floor":25.0},{"not_picked":["Pummel","Infernal Blade"],"picked":"Bloodletting","floor":29.0},{"not_picked":["True Grit","Warcry"],"picked":"Combust+1","floor":31.0},{"not_picked":["Dropkick+1","Demon Form"],"picked":"Spot Weakness+1","floor":32.0},{"not_picked":["Double Tap","Juggernaut"],"picked":"Brutality","floor":33.0},{"not_picked":["Thunderclap","Anger"],"picked":"Flame Barrier+1","floor":35},{"not_picked":["Jack Of All Trades","Trip"],"picked":"Bandage Up","floor":36},{"not_picked":["Chrysalis","Madness"],"picked":"Finesse","floor":36},{"not_picked":["Transmutation","Dramatic Entrance"],"picked":"Flash of Steel","floor":36},{"not_picked":["Entrench+1","Combust+1","Armaments+1"],"picked":"SKIP","floor":37}],"player_experience":1242511,"relics_obtained":[{"floor":7.0,"key":"War Paint"},{"floor":12.0,"key":"Bag of Marbles"},{"floor":24.0,"key":"Dream Catcher"},{"floor":26.0,"key":"Anchor"},{"floor":29.0,"key":"Happy Flower"}],"event_choices":[{"damage_healed":0.0,"max_hp_gain":0.0,"max_hp_loss":0.0,"gold_gain":0.0,"event_name":"Shining Light","player_choice":"Ignored","floor":11.0,"gold_loss":0.0,"damage_taken":0.0},{"damage_healed":0.0,"max_hp_gain":0.0,"max_hp_loss":0.0,"gold_gain":0.0,"event_name":"Ghosts","player_choice":"Ignored","floor":19.0,"gold_loss":0.0,"damage_taken":0.0},{"damage_healed":0.0,"max_hp_gain":0.0,"max_hp_loss":0.0,"gold_gain":0.0,"event_name":"The Mausoleum","player_choice":"Opened","floor":27.0,"gold_loss":0.0,"damage_taken":0.0,"relics_obtained":["MealTicket"],"cards_obtained":["Writhe"]},{"damage_healed":0.0,"max_hp_gain":0.0,"max_hp_loss":0.0,"gold_gain":0.0,"event_name":"Back to Basics","player_choice":"Simplicity","floor":28.0,"gold_loss":0.0,"damage_taken":0.0,"cards_upgraded":["Strike_R","Strike_R","Strike_R","Strike_R","Defend_R","Defend_R","Defend_R"]},{"damage_healed":0.0,"max_hp_gain":0.0,"max_hp_loss":0.0,"gold_gain":99.0,"event_name":"Nest","player_choice":"Stole From Cult","floor":30.0,"gold_loss":0.0,"damage_taken":0.0},{"damage_healed":0,"gold_gain":0,"player_choice":"Memory 3","damage_taken":10,"max_hp_gain":0,"max_hp_loss":0,"event_name":"SensoryStone","floor":36,"gold_loss":0},{"damage_healed":0,"gold_gain":0,"player_choice":"Max HP","damage_taken":0,"max_hp_gain":0,"max_hp_loss":4,"event_name":"Winding Halls","floor":38,"gold_loss":0}],"is_beta":false,"boss_relics":[{"not_picked":["Astrolabe","Calling Bell"],"picked":"Velvet Choker"},{"not_picked":["Coffee Dripper","Sozu"],"picked":"Cursed Key"}],"items_purged_floors":[5],"is_endless":false,"potions_floor_spawned":[2,4,7,13,16,18,20,29,33,39],"killed_by":"Reptomancer","ascension_level":4}}