{"host":"28p8ce41sjwa6lzf","time":1611954810,"event":{"mods":["BaseMod","Bestiary","Colored Map","Colored Powertips","Dark Map","Highlight Path","Minty Spire (QoL Compilation)","Permanent Neow","Quick Restart","Random Character Button","Rare Cards Sparkle","Relic Stats","StSLib","Unceasing Turn Reminder"],"gold_per_floor":[117,131,146,164,181,209,209,234,259,60,60,60,91,105,105,181,181,192,192,7,7,7,7,42,42,65,92,106,123,156,156,156,229,229,247,80,80,80,99,113,113,146,224,224,224,235,249,249,249,249,249],"floor_reached":50,"language":"ENG","playtime":2189,"items_purged":["Strike_P","Decay","Consecrate"],"score":1421,"play_id":"e6d41925-c43b-4c74-ac1b-dede9e61e298","local_time":"20210129151330","is_ascension_mode":true,"campfire_choices":[{"floor":7.0,"key":"REST"},{"floor":11.0,"key":"RECALL"},{"floor":15.0,"key":"REST"}],"circlet_count":0,"master_deck":["AscendersBane","Defend_P","Defend_P","Defend_P","Defend_P","Eruption","Vigilance","BowlingBash","FlurryOfBlows","DeusExMachina","CutThroughFate","WindmillStrike","Study","TalkToTheHand","InnerPeace","Ragnarok","TalkToTheHand","Conclude","DeusExMachina","EmptyFist+1","FlurryOfBlows","ThirdEye","CarveReality","FlyingSleeves","Shame","Evaluate+1","Protect","Wallop","WheelKick","Scrawl","SandsOfTime","Decay","ThirdEye","Scrawl","InnerPeace","WheelKick"],"relics":["Fusion Hammer","Shuriken","Boot","Toy Ornithopter","Bag of Preparation","Coffee Dripper","Regal Pillow","Anchor","Potion Belt","Du-Vu Doll","Ginger","Snecko Eye","Oddly Smooth Stone"],"acts_visited":["Exordium","TheCity","TheBeyond"],"potions_floor_usage":[24,27],"damage_taken":[{"damage":0.0,"enemies":"Cultist","floor":1.0,"turns":3.0},{"damage":0.0,"enemies":"2 Louse","floor":2.0,"turns":2.0},{"damage":7.0,"enemies":"Jaw Worm","floor":3.0,"turns":3.0},{"damage":8.0,"enemies":"Exordium Wildlife","floor":4.0,"turns":3.0},{"damage":4.0,"enemies":"2 Fungi Beasts","floor":5.0,"turns":2.0},{"damage":0.0,"enemies":"3 Sentries","floor":6.0,"turns":6.0},{"damage":0.0,"enemies":"Lagavulin","floor":8.0,"turns":4.0},{"damage":0.0,"enemies":"3 Sentries","floor":13.0,"turns":2.0},{"damage":0.0,"enemies":"Lots of Slimes","floor":14.0,"turns":2.0},{"damage":0.0,"enemies":"The Guardian","floor":16.0,"turns":6.0},{"damage":14.0,"enemies":"Shell Parasite","floor":18.0,"turns":4.0},{"damage":16,"enemies":"Book of Stabbing","floor":24,"turns":5},{"damage":8,"enemies":"Slavers","floor":27,"turns":3},{"damage":0,"enemies":"3 Byrds","floor":28,"turns":2},{"damage":0,"enemies":"Cultist and Chosen","floor":29,"turns":3},{"damage":0,"enemies":"Book of Stabbing","floor":30,"turns":2},{"damage":38,"enemies":"Champ","floor":33,"turns":6},{"damage":43,"enemies":"3 Darklings","floor":35,"turns":6},{"damage":0,"enemies":"3 Shapes","floor":39,"turns":3},{"damage":0,"enemies":"Sphere and 2 Shapes","floor":40,"turns":2},{"damage":32,"enemies":"Giant Head","floor":42,"turns":5},{"damage":0,"enemies":"Transient","floor":46,"turns":6},{"damage":0,"enemies":"Jaw Worm Horde","floor":47,"turns":3},{"damage":20,"enemies":"Awakened One","floor":50,"turns":3}],"seed_played":"-2091851915543346179","potions_obtained":[{"floor":5.0,"key":"StancePotion"},{"floor":8.0,"key":"BlessingOfTheForge"},{"floor":13.0,"key":"SteroidPotion"},{"floor":14.0,"key":"Dexterity Potion"},{"floor":16.0,"key":"BottledMiracle"},{"floor":18.0,"key":"Swift Potion"},{"floor":24,"key":"StancePotion"},{"floor":27,"key":"FairyPotion"},{"floor":33,"key":"Weak Potion"},{"floor":35,"key":"FearPotion"},{"floor":42,"key":"Block Potion"}],"is_trial":false,"path_per_floor":["M","M","M","M","M","E","R","E","T","$","R","?","E","M","R","B",null,"M","?","$","?","?","R","E","R","T","E","M","M","E","?","R","B",null,"M","$","?","$","M","M","R","E","T","?","?","M","M","?","R","B"],"character_chosen":"WATCHER","items_purchased":["TalkToTheHand","InnerPeace","FlurryOfBlows","ThirdEye","SandsOfTime"],"campfire_rested":2,"item_purchase_floors":[10,10,20,20,36],"current_hp_per_floor":[61,61,54,46,42,42,62,62,62,62,62,62,67,68,68,68,68,54,54,54,54,54,54,43,43,43,40,40,40,40,40,40,2,52,9,9,9,9,9,9,9,20,20,20,20,20,20,20,20,0,0],"gold":249,"neow_bonus":"BOSS_RELIC","is_daily":false,"chose_seed":false,"campfire_upgraded":0,"win_rate":0.0,"timestamp":1611954810,"path_taken":["M","M","M","M","M","E","R","E","T","$","R","?","E","?","R","BOSS","M","?","$","?","?","R","E","R","T","E","M","?","E","?","R","BOSS","M","$","?","$","?","M","R","E","T","?","?","M","M","?","R","BOSS"],"items_purchased_type":["Card","Card","Card","Card","Card"],"build_version":"2020-12-22","purchased_purges":3,"victory":false,"max_hp_per_floor":[68,68,68,68,68,68,68,68,68,68,68,68,68,68,68,68,68,68,68,68,68,68,68,68,68,68,68,68,68,68,68,68,68,68,68,68,68,68,68,68,68,68,68,68,68,68,68,68,68,68,68],"relic_stats":{"Regal Pillow":0,"counters":[24,86],"Shuriken":[53],"Snecko Eye":[40,58,51,53],"Bag of Preparation":[35],"Ginger":[3],"Boot":[22],"obtain_stats":[{"Potion Belt":26,"Regal Pillow":22,"Oddly Smooth Stone":42,"Bag of Preparation":13,"Ginger":30,"Boot":8,"Du-Vu Doll":27,"Anchor":24,"Shuriken":6,"Snecko Eye":34,"Fusion Hammer":0,"Coffee Dripper":17,"PureWater":0,"Toy Ornithopter":9},{"Potion Belt":12,"Regal Pillow":11,"Oddly Smooth Stone":21,"Bag of Preparation":8,"Ginger":16,"Boot":7,"Du-Vu Doll":13,"Anchor":12,"Shuriken":6,"Snecko Eye":17,"Fusion Hammer":0,"Coffee Dripper":10,"PureWater":0,"Toy Ornithopter":7},{"Potion Belt":42,"Regal Pillow":37,"Oddly Smooth Stone":74,"Bag of Preparation":25,"Ginger":52,"Boot":23,"Du-Vu Doll":45,"Anchor":42,"Shuriken":19,"Snecko Eye":58,"Fusion Hammer":0,"Coffee Dripper":33,"PureWater":0,"Toy Ornithopter":23}],"Toy Ornithopter":16},"card_choices":[{"not_picked":["EmptyBody","MentalFortress"],"picked":"BowlingBash","floor":1.0},{"not_picked":["SignatureMove","Halt"],"picked":"FlurryOfBlows","floor":2.0},{"not_picked":["Evaluate","Consecrate"],"picked":"Adaptation","floor":3.0},{"not_picked":["Crescendo","FlurryOfBlows"],"picked":"DeusExMachina","floor":4.0},{"not_picked":["Meditate","Weave"],"picked":"CutThroughFate","floor":5.0},{"not_picked":["Worship","DeceiveReality"],"picked":"WindmillStrike","floor":6.0},{"not_picked":["CrushJoints","ForeignInfluence"],"picked":"Study","floor":8.0},{"not_picked":["DeceiveReality","Swivel"],"picked":"TalkToTheHand","floor":13.0},{"not_picked":["SashWhip","FollowUp"],"picked":"Conclude","floor":14.0},{"not_picked":["Devotion","Omniscience"],"picked":"DeusExMachina","floor":16.0},{"not_picked":["SignatureMove","FlurryOfBlows"],"picked":"EmptyFist+1","floor":18.0},{"not_picked":["BowlingBash","Crescendo"],"picked":"Evaluate+1","floor":24},{"not_picked":["Conclude","CrushJoints"],"picked":"Consecrate","floor":27},{"not_picked":["FollowUp","CrushJoints"],"picked":"Protect","floor":28},{"not_picked":["FollowUp","BattleHymn"],"picked":"Wallop","floor":29},{"not_picked":["EmptyMind+1","Indignation"],"picked":"WheelKick","floor":30},{"not_picked":["Ragnarok","LessonLearned"],"picked":"Scrawl","floor":33},{"not_picked":["BowlingBash","EmptyMind","ClearTheMind"],"picked":"SKIP","floor":35},{"not_picked":["CarveReality","FollowUp","Consecrate+1"],"picked":"SKIP","floor":39},{"not_picked":["Conclude","DeceiveReality+1"],"picked":"ThirdEye","floor":40},{"not_picked":["WindmillStrike","CrushJoints"],"picked":"Scrawl","floor":42},{"not_picked":["Evaluate","Conclude"],"picked":"InnerPeace","floor":46},{"not_picked":["SignatureMove","Wireheading"],"picked":"WheelKick","floor":47}],"player_experience":1202345,"relics_obtained":[{"floor":6.0,"key":"Shuriken"},{"floor":8.0,"key":"Boot"},{"floor":9.0,"key":"Toy Ornithopter"},{"floor":13.0,"key":"Bag of Preparation"},{"floor":24,"key":"Anchor"},{"floor":26,"key":"Potion Belt"},{"floor":27,"key":"Du-Vu Doll"},{"floor":30,"key":"Ginger"},{"floor":42,"key":"Oddly Smooth Stone"}],"event_choices":[{"damage_healed":0.0,"max_hp_gain":0.0,"max_hp_loss":0.0,"gold_gain":0.0,"cards_transformed":["Strike_P"],"event_name":"Transmorgrifier","player_choice":"Transformed","floor":12.0,"gold_loss":0.0,"damage_taken":0.0,"cards_obtained":["Ragnarok"]},{"damage_healed":0.0,"max_hp_gain":0.0,"max_hp_loss":0.0,"gold_gain":0.0,"event_name":"Forgotten Altar","player_choice":"Smashed Altar","floor":19.0,"gold_loss":0.0,"damage_taken":0.0,"cards_obtained":["Decay"]},{"damage_healed":0.0,"max_hp_gain":0.0,"max_hp_loss":0.0,"gold_gain":0.0,"cards_transformed":["Strike_P","Strike_P"],"event_name":"Drug Dealer","player_choice":"Became Test Subject","floor":21.0,"gold_loss":0.0,"damage_taken":0.0,"cards_obtained":["CarveReality","FlyingSleeves"]},{"damage_healed":0.0,"max_hp_gain":0.0,"max_hp_loss":0.0,"gold_gain":0.0,"event_name":"Addict","player_choice":"Stole Relic","floor":22.0,"gold_loss":0.0,"damage_taken":0.0,"relics_obtained":["Regal Pillow"],"cards_obtained":["Shame"]},{"damage_healed":0,"gold_gain":0,"player_choice":"Ignored","damage_taken":0,"max_hp_gain":0,"max_hp_loss":0,"event_name":"Ghosts","floor":31,"gold_loss":0},{"damage_healed":0,"gold_gain":0,"player_choice":"Cursed","damage_taken":0,"max_hp_gain":0,"max_hp_loss":0,"event_name":"Wheel of Change","floor":37,"gold_loss":0,"cards_obtained":["Decay"]},{"cards_removed":["Adaptation"],"damage_healed":0,"gold_gain":0,"player_choice":"Removed Power","damage_taken":0,"max_hp_gain":0,"max_hp_loss":0,"event_name":"Falling","floor":44,"gold_loss":0},{"damage_healed":0,"gold_gain":0,"player_choice":"Ignored","damage_taken":0,"max_hp_gain":0,"max_hp_loss":0,"event_name":"Tomb of Lord Red Mask","floor":45,"gold_loss":0},{"damage_healed":0,"gold_gain":0,"player_choice":"Memory 1","damage_taken":0,"max_hp_gain":0,"max_hp_loss":0,"event_name":"SensoryStone","floor":48,"gold_loss":0}],"is_beta":false,"boss_relics":[{"not_picked":["Velvet Choker","Ectoplasm"],"picked":"Coffee Dripper"},{"not_picked":["Philosopher\u0027s Stone","Astrolabe"],"picked":"Snecko Eye"}],"items_purged_floors":[10,20,36],"is_endless":false,"potions_floor_spawned":[5,8,13,14,16,18,24,27,33,35,42,46],"killed_by":"Awakened One","ascension_level":20}}