{"host":"ow66nzv2xecjoor3","time":1611883853,"event":{"mods":["BaseMod","Bestiary","Block Reminder","Colored Powertips","Curses Come First","Highlight Path","Keyboard Shortcuts","Minty Spire (QoL Compilation)","Permanent Neow","Relic Stats","StSLib","UnlockEverythingMod"],"gold_per_floor":[110,35,35,49,65,65,104,104,104,145,38,73,73,89,89,182,182,207,107,107,107,131,172,195,195,195,209,209,240,256,296,296,394,394,414,414,434,450,481,524,524,555,603,642,642,681,702,721,721,721,721,721,721,18,58,58,58],"floor_reached":56,"language":"ENG","playtime":3271,"items_purged":["Strike_R","Strike_R","Strike_R"],"score":2186,"play_id":"4c66ea9a-e314-4ade-beba-0b33445e9651","local_time":"20210128193053","is_ascension_mode":true,"campfire_choices":[{"data":"Uppercut","floor":6.0,"key":"SMITH"},{"floor":8.0,"key":"REST"},{"data":"Whirlwind","floor":15.0,"key":"SMITH"},{"data":"Offering","floor":25.0,"key":"SMITH"},{"floor":32.0,"key":"REST"},{"floor":49.0,"key":"RECALL"},{"floor":53.0,"key":"REST"}],"circlet_count":0,"master_deck":["AscendersBane","Strike_R","Defend_R","Defend_R","Defend_R","Defend_R","Bash","Whirlwind+1","Uppercut+1","Impervious","Shrug It Off","Offering+1","Shrug It Off","Burning Pact","Corruption","Shockwave","Pommel Strike+1","Reaper","Demon Form","Reaper","Sword Boomerang+1","Violence","Dark Shackles","Clumsy","True Grit+1","Warcry+1","Battle Trance+1","Evolve","Shrug It Off+1","Apotheosis+1","Intimidate+1","Madness+1","Double Tap+1"],"relics":["Cursed Key","Golden Idol","Regal Pillow","Pen Nib","Mercury Hourglass","Vajra","Sozu","Orichalcum","Happy Flower","Gremlin Horn","Black Star","Unceasing Top","Darkstone Periapt","StrikeDummy","Art of War","Bronze Scales","Toxic Egg 2","Smiling Mask","Nunchaku","Lantern","Shuriken","Bag of Preparation","Anchor"],"acts_visited":["Exordium","TheCity","TheBeyond","TheEnding"],"potions_floor_usage":[56,56],"damage_taken":[{"damage":1.0,"enemies":"Cultist","floor":1.0,"turns":3.0},{"damage":0.0,"enemies":"Small Slimes","floor":4.0,"turns":3.0},{"damage":9.0,"enemies":"2 Louse","floor":5.0,"turns":2.0},{"damage":25.0,"enemies":"3 Sentries","floor":7.0,"turns":6.0},{"damage":8.0,"enemies":"Gremlin Nob","floor":10.0,"turns":3.0},{"damage":0.0,"enemies":"3 Sentries","floor":12.0,"turns":2.0},{"damage":0.0,"enemies":"2 Fungi Beasts","floor":14.0,"turns":3.0},{"damage":12.0,"enemies":"The Guardian","floor":16.0,"turns":10.0},{"damage":6.0,"enemies":"Chosen","floor":18.0,"turns":3.0},{"damage":6.0,"enemies":"Shell Parasite","floor":22.0,"turns":2.0},{"damage":0.0,"enemies":"Gremlin Leader","floor":23.0,"turns":3.0},{"damage":6.0,"enemies":"3 Cultists","floor":24.0,"turns":1.0},{"damage":0.0,"enemies":"Centurion and Healer","floor":27.0,"turns":3.0},{"damage":4.0,"enemies":"Book of Stabbing","floor":29.0,"turns":4.0},{"damage":6.0,"enemies":"Shelled Parasite and Fungi","floor":30.0,"turns":3.0},{"damage":0.0,"enemies":"Slavers","floor":31.0,"turns":1.0},{"damage":17.0,"enemies":"Automaton","floor":33.0,"turns":6.0},{"damage":50.0,"enemies":"3 Shapes","floor":35.0,"turns":14.0},{"damage":0.0,"enemies":"3 Darklings","floor":37.0,"turns":2.0},{"damage":19.0,"enemies":"4 Shapes","floor":38.0,"turns":11.0},{"damage":0.0,"enemies":"Mind Bloom Boss Battle","floor":39.0,"turns":2.0},{"damage":9.0,"enemies":"Reptomancer","floor":40.0,"turns":4.0},{"damage":34.0,"enemies":"Nemesis","floor":42.0,"turns":5.0},{"damage":40.0,"enemies":"Reptomancer","floor":44.0,"turns":5.0},{"damage":22.0,"enemies":"Nemesis","floor":46.0,"turns":7.0},{"damage":1.0,"enemies":"Spire Growth","floor":47.0,"turns":3.0},{"damage":4.0,"enemies":"Transient","floor":48.0,"turns":6.0},{"damage":50.0,"enemies":"Time Eater","floor":50.0,"turns":6.0},{"damage":45.0,"enemies":"Awakened One","floor":51.0,"turns":14.0},{"damage":63.0,"enemies":"Shield and Spear","floor":55.0,"turns":5.0},{"damage":82,"enemies":"The Heart","floor":56,"turns":6}],"seed_played":"-7235581706011035164","potions_obtained":[{"floor":4.0,"key":"Strength Potion"},{"floor":10.0,"key":"Strength Potion"},{"floor":14.0,"key":"LiquidBronze"}],"is_trial":false,"path_per_floor":["M","$","?","M","M","R","E","R","T","E","$","E","?","M","R","B",null,"M","$","?","$","M","E","M","R","T","M","T","E","M","E","R","B",null,"M","?","M","M","?","E","?","E","T","E","?","E","M","M","R","B","B",null,"R","$","E","B"],"character_chosen":"IRONCLAD","items_purchased":["SteroidPotion","Shrug It Off","Shrug It Off+1","Apotheosis+1","Shuriken","Intimidate+1","Madness+1"],"campfire_rested":3,"item_purchase_floors":[11,11,54,54,54,54,54],"current_hp_per_floor":[67,67,41,41,32,32,7,44,44,36,36,36,31,31,31,19,61,55,55,55,55,49,49,43,43,43,43,43,39,33,33,70,53,70,29,75,75,70,70,75,65,58,64,81,81,70,79,81,81,31,17,65,81,81,81,0,0],"gold":58,"neow_bonus":"BOSS_RELIC","is_daily":false,"chose_seed":false,"campfire_upgraded":3,"win_rate":0.0,"timestamp":1611883853,"path_taken":["M","?","?","M","M","R","E","R","T","E","$","E","?","M","R","BOSS","M","$","?","$","M","E","?","R","T","M","?","E","?","E","R","BOSS","M","?","?","M","?","E","?","E","T","E","?","E","M","M","R","BOSS","BOSS","R","$","E","BOSS"],"items_purchased_type":["Potion","Card","Card","Card","Relic","Card","Card"],"build_version":"2020-12-22","purchased_purges":3,"victory":false,"max_hp_per_floor":[75,75,75,75,75,75,75,75,75,75,75,75,75,75,75,75,75,75,75,75,75,75,75,75,75,75,75,75,75,75,75,75,75,75,75,75,75,75,75,75,75,75,81,81,81,81,81,81,81,81,81,81,81,81,81,81,81],"relic_stats":{"Darkstone Periapt":6,"Regal Pillow":30,"Happy Flower":[33],"Gremlin Horn":[23,24],"counters":[31,147],"Golden Idol":217,"Pen Nib":[19],"Bag of Preparation":[2],"Orichalcum":[198],"Cursed Key":1,"Smiling Mask":75,"Mercury Hourglass":[537],"Sozu":11,"Nunchaku":[7],"Shuriken":[4],"Bronze Scales":[271],"Black Star":5,"Art of War":[9],"obtain_stats":[{"Darkstone Periapt":40,"Regal Pillow":7,"Lantern":46,"Happy Flower":29,"Gremlin Horn":31,"Golden Idol":3,"Vajra":13,"Pen Nib":10,"Bag of Preparation":55,"Orichalcum":23,"Cursed Key":0,"Smiling Mask":44,"Burning Blood":0,"Mercury Hourglass":12,"Sozu":17,"Nunchaku":46,"Anchor":55,"Shuriken":54,"Bronze Scales":42,"Black Star":34,"Art of War":42,"Toxic Egg 2":44,"StrikeDummy":40,"Unceasing Top":39},{"Darkstone Periapt":22,"Regal Pillow":4,"Lantern":25,"Happy Flower":14,"Gremlin Horn":16,"Golden Idol":1,"Vajra":6,"Pen Nib":5,"Bag of Preparation":30,"Orichalcum":11,"Cursed Key":0,"Smiling Mask":24,"Burning Blood":0,"Mercury Hourglass":6,"Sozu":8,"Nunchaku":25,"Anchor":30,"Shuriken":29,"Bronze Scales":23,"Black Star":17,"Art of War":23,"Toxic Egg 2":24,"StrikeDummy":22,"Unceasing Top":21},{"Darkstone Periapt":90,"Regal Pillow":14,"Lantern":107,"Happy Flower":48,"Gremlin Horn":52,"Golden Idol":3,"Vajra":19,"Pen Nib":17,"Bag of Preparation":141,"Orichalcum":40,"Cursed Key":0,"Smiling Mask":100,"Burning Blood":0,"Mercury Hourglass":19,"Sozu":32,"Nunchaku":107,"Anchor":141,"Shuriken":136,"Bronze Scales":95,"Black Star":58,"Art of War":95,"Toxic Egg 2":100,"StrikeDummy":90,"Unceasing Top":86}],"Unceasing Top":[3]},"card_choices":[{"not_picked":["Headbutt","Disarm"],"picked":"Whirlwind","floor":1.0},{"not_picked":["Body Slam","Perfected Strike"],"picked":"Headbutt","floor":4.0},{"not_picked":["Flex","Anger"],"picked":"Uppercut","floor":5.0},{"not_picked":["Cleave","Berserk"],"picked":"Blood for Blood","floor":7.0},{"not_picked":["Disarm","Dark Embrace"],"picked":"Impervious","floor":10.0},{"not_picked":["Pummel","Clash","Berserk"],"picked":"SKIP","floor":12.0},{"not_picked":["Body Slam","Dark Embrace","Blood for Blood"],"picked":"SKIP","floor":14.0},{"not_picked":["Limit Break","Brutality"],"picked":"Offering","floor":16.0},{"not_picked":["Perfected Strike+1","Anger+1"],"picked":"Shrug It Off","floor":18.0},{"not_picked":["Anger","Cleave"],"picked":"Burning Pact","floor":22.0},{"not_picked":["Heavy Blade","Sentinel"],"picked":"Corruption","floor":23.0},{"not_picked":["Thunderclap","Sever Soul"],"picked":"Shockwave","floor":24.0},{"not_picked":["Anger","Ghostly Armor","Cleave"],"picked":"SKIP","floor":27.0},{"not_picked":["Hemokinesis","Clothesline"],"picked":"Pommel Strike+1","floor":29.0},{"not_picked":["Rupture","Infernal Blade","Twin Strike"],"picked":"SKIP","floor":30.0},{"not_picked":["Feel No Pain","Rage"],"picked":"Reaper","floor":31.0},{"not_picked":["Exhume","Barricade"],"picked":"Demon Form","floor":33.0},{"not_picked":["Headbutt+1","Heavy Blade","Body Slam"],"picked":"SKIP","floor":35.0},{"not_picked":["Clash","Fire Breathing","Flex+1"],"picked":"SKIP","floor":37.0},{"not_picked":["Pommel Strike","Havoc","Carnage+1"],"picked":"SKIP","floor":38.0},{"not_picked":["Cleave","Sword Boomerang"],"picked":"Reaper","floor":39.0},{"not_picked":["Iron Wave","Rupture"],"picked":"Sword Boomerang+1","floor":40.0},{"not_picked":["Enlightenment","Metamorphosis"],"picked":"Violence","floor":41.0},{"not_picked":["Chrysalis","Enlightenment"],"picked":"Dark Shackles","floor":41.0},{"not_picked":["Rupture","Twin Strike","Pommel Strike"],"picked":"SKIP","floor":42.0},{"not_picked":["Anger+1","Metallicize+1"],"picked":"True Grit+1","floor":44.0},{"not_picked":["Clash","Clothesline"],"picked":"Warcry+1","floor":46.0},{"not_picked":["Wild Strike","Clothesline"],"picked":"Battle Trance+1","floor":47.0},{"not_picked":["Clash","Havoc+1"],"picked":"Evolve","floor":48.0},{"not_picked":["Spot Weakness+1","Shockwave+1"],"picked":"Double Tap+1","floor":55.0}],"player_experience":2758701,"relics_obtained":[{"floor":7.0,"key":"Regal Pillow"},{"floor":10.0,"key":"Pen Nib"},{"floor":12.0,"key":"Mercury Hourglass"},{"floor":23.0,"key":"Orichalcum"},{"floor":29.0,"key":"Happy Flower"},{"floor":31.0,"key":"Gremlin Horn"},{"floor":39.0,"key":"Unceasing Top"},{"floor":40.0,"key":"Darkstone Periapt"},{"floor":40.0,"key":"StrikeDummy"},{"floor":42.0,"key":"Art of War"},{"floor":42.0,"key":"Bronze Scales"},{"floor":44.0,"key":"Toxic Egg 2"},{"floor":44.0,"key":"Smiling Mask"},{"floor":46.0,"key":"Nunchaku"},{"floor":46.0,"key":"Lantern"},{"floor":55.0,"key":"Bag of Preparation"},{"floor":55.0,"key":"Anchor"}],"event_choices":[{"damage_healed":0.0,"max_hp_gain":0.0,"max_hp_loss":0.0,"gold_gain":0.0,"event_name":"Golden Idol","player_choice":"Take Damage","floor":3.0,"gold_loss":0.0,"damage_taken":26.0,"relics_obtained":["Golden Idol"]},{"damage_healed":0.0,"max_hp_gain":0.0,"max_hp_loss":0.0,"gold_gain":0.0,"event_name":"Scrap Ooze","player_choice":"Success","floor":13.0,"gold_loss":0.0,"damage_taken":5.0,"relics_obtained":["Vajra"]},{"cards_removed":["Strike_R"],"damage_healed":0.0,"max_hp_gain":0.0,"max_hp_loss":0.0,"gold_gain":0.0,"event_name":"Purifier","player_choice":"Purged","floor":20.0,"gold_loss":0.0,"damage_taken":0.0},{"cards_removed":["Blood for Blood"],"damage_healed":46.0,"max_hp_gain":0.0,"max_hp_loss":0.0,"gold_gain":0.0,"event_name":"Bonfire Elementals","player_choice":"Offered Uncommon","floor":36.0,"gold_loss":0.0,"damage_taken":0.0},{"damage_healed":0.0,"max_hp_gain":0.0,"max_hp_loss":0.0,"gold_gain":0.0,"event_name":"MindBloom","player_choice":"Fight","floor":39.0,"gold_loss":0.0,"damage_taken":0.0},{"damage_healed":0.0,"max_hp_gain":0.0,"max_hp_loss":0.0,"gold_gain":0.0,"event_name":"SensoryStone","player_choice":"Memory 3","floor":41.0,"gold_loss":0.0,"damage_taken":10.0},{"cards_removed":["Headbutt"],"damage_healed":0.0,"max_hp_gain":0.0,"max_hp_loss":0.0,"gold_gain":0.0,"event_name":"Falling","player_choice":"Removed Attack","floor":45.0,"gold_loss":0.0,"damage_taken":0.0}],"is_beta":false,"boss_relics":[{"not_picked":["Fusion Hammer","Astrolabe"],"picked":"Sozu"},{"not_picked":["Runic Dome","SlaversCollar"],"picked":"Black Star"}],"items_purged_floors":[2,19,54],"is_endless":false,"potions_floor_spawned":[4,10,14,16,22,24,27,31,33,37,39,40,46,47,48],"killed_by":"The Heart","ascension_level":20}}