{"host":"mnpd8gh7cwxsn5kh","time":1611921254,"event":{"mods":["BaseMod","Bestiary","Block Reminder","Colored Map","Colored Powertips","Highlight Path","Minty Spire (QoL Compilation)","Relic Sorter","Relic Stats"],"gold_per_floor":[217,292,292,132,132,132,83,123,172,172,172,172,188,226,226,226,226],"floor_reached":16,"language":"ENG","playtime":1029,"items_purged":[],"score":130,"play_id":"0c949a09-59c0-44f8-84c5-f3f7d06a9c0b","local_time":"20210129125414","is_ascension_mode":true,"campfire_choices":[{"data":"Bash","floor":6,"key":"SMITH"},{"data":"Corruption","floor":10,"key":"SMITH"},{"data":"Iron Wave","floor":12,"key":"SMITH"},{"data":"Twin Strike","floor":15,"key":"SMITH"}],"circlet_count":0,"master_deck":["Strike_R","Strike_R","Strike_R","Strike_R","Strike_R","Defend_R","Defend_R","Defend_R","Defend_R","Bash+1","Anger+1","Offering","Iron Wave+1","Corruption+1","Twin Strike+1","Clothesline"],"relics":["Burning Blood","Golden Idol","Art of War","Oddly Smooth Stone","Strawberry"],"acts_visited":["Exordium"],"potions_floor_usage":[],"damage_taken":[{"damage":4,"enemies":"Small Slimes","floor":1,"turns":5},{"damage":32,"enemies":"Gremlin Nob","floor":8,"turns":4},{"damage":0,"enemies":"Jaw Worm","floor":13,"turns":3},{"damage":26,"enemies":"3 Sentries","floor":14,"turns":8},{"damage":48,"enemies":"Hexaghost","floor":16,"turns":7}],"seed_played":"9150042586890071113","potions_obtained":[{"floor":14,"key":"Energy Potion"}],"is_trial":false,"path_per_floor":["M","?","?","$","?","R","$","E","T","R","?","R","M","E","R","B"],"character_chosen":"IRONCLAD","items_purchased":["Offering","Iron Wave"],"campfire_rested":0,"item_purchase_floors":[4,7],"current_hp_per_floor":[80,69,69,69,69,69,69,43,43,43,48,48,54,41,41,0,0],"gold":226,"neow_bonus":"HUNDRED_GOLD","is_daily":false,"chose_seed":false,"campfire_upgraded":4,"win_rate":0.0,"timestamp":1611921254,"path_taken":["M","?","?","$","?","R","$","E","T","R","?","R","?","E","R","BOSS"],"items_purchased_type":["Card","Card"],"build_version":"2020-12-22","purchased_purges":0,"victory":false,"max_hp_per_floor":[80,80,74,74,74,74,74,74,74,74,79,79,79,86,86,86,86],"relic_stats":{"counters":[5,27],"Golden Idol":19,"Art of War":[0],"obtain_stats":[{"Golden Idol":3,"Strawberry":14,"Oddly Smooth Stone":9,"Art of War":8,"Burning Blood":0},{"Golden Idol":1,"Strawberry":4,"Oddly Smooth Stone":2,"Art of War":2,"Burning Blood":0},{"Golden Idol":5,"Strawberry":20,"Oddly Smooth Stone":9,"Art of War":9,"Burning Blood":0}],"Burning Blood":22},"card_choices":[{"not_picked":["Sword Boomerang","True Grit"],"picked":"Anger","floor":1},{"not_picked":["Heavy Blade","Sword Boomerang"],"picked":"Corruption","floor":8},{"not_picked":["Dropkick","Pummel"],"picked":"Twin Strike","floor":13},{"not_picked":["Sword Boomerang","True Grit"],"picked":"Clothesline","floor":14}],"player_experience":168472,"relics_obtained":[{"floor":8,"key":"Art of War"},{"floor":9,"key":"Oddly Smooth Stone"},{"floor":14,"key":"Strawberry"}],"event_choices":[{"damage_healed":0,"gold_gain":75,"player_choice":"Gather Gold","damage_taken":11,"max_hp_gain":0,"max_hp_loss":0,"event_name":"World of Goop","floor":2,"gold_loss":0},{"damage_healed":0,"gold_gain":0,"player_choice":"Lose Max HP","damage_taken":0,"relics_obtained":["Golden Idol"],"max_hp_gain":0,"max_hp_loss":6,"event_name":"Golden Idol","floor":3,"gold_loss":0},{"damage_healed":0,"gold_gain":0,"player_choice":"Grow","damage_taken":0,"max_hp_gain":0,"max_hp_loss":0,"event_name":"Living Wall","floor":5,"gold_loss":0,"cards_upgraded":["Anger"]},{"damage_healed":0,"gold_gain":0,"player_choice":"Donut","damage_taken":0,"max_hp_gain":5,"max_hp_loss":0,"event_name":"Big Fish","floor":11,"gold_loss":0}],"is_beta":false,"boss_relics":[],"items_purged_floors":[],"is_endless":false,"potions_floor_spawned":[14],"killed_by":"Hexaghost","ascension_level":5}}