{"host":"309yqw9tjbxpv1z4","time":1611883696,"event":{"mods":["AchievementEnabler","BaseMod","Beaked The Cultist","BetterRewards","Downfall","Duelist Mod","GifTheSpireLib","Infinite Spire","Minty Spire (QoL Compilation)","READ ME - Guardian Mod","StSLib","The Cursed","The Hierophant","The IronCluck","The Necromancer","The Senshi"],"gold_per_floor":[110,35,35,110,120,147,147,161,161,161,16,16,34,34,34,130,130,144,144,144,243,319,319,58,58,81,99,99,99,23,40,40,40,40],"floor_reached":33,"language":"SPA","playtime":11053,"items_purged":[],"score":239,"play_id":"061f8880-59cb-448a-81b5-d1eeedd02d3d","local_time":"20210128202816","is_ascension_mode":false,"campfire_choices":[{"floor":7.0,"key":"REST"},{"floor":12.0,"key":"REST"},{"floor":15.0,"key":"REST"},{"data":"Hellfire","floor":23.0,"key":"SMITH"},{"data":"Death_Knell","floor":25,"key":"SMITH"},{"data":"Finger_Of_Death","floor":29,"key":"SMITH"},{"floor":32,"key":"REST"}],"circlet_count":0,"master_deck":["Strike_W","Strike_W","Strike_W","Strike_W","Defend_W","Defend_W","Defend_W","Defend_W","Negative_Energy_Arrows","Bone_Wall","Negative_Energy_Sphere","Finger_Of_Death+1","Bone_Spikes","Negative_Energy_Mist","Negative_Energy_Javelin","Bone_Armor","Bone_Spikes","Hellfire+1","Flesh_Made_Foul","Bone_Shift","Death_Knell+1","Toxic_Smoke_Screen","Summon_Undead_Army","Consume_Illness"],"relics":["Vampire_Amulet","Tiny Chest","Torii","Unceasing Top","Anchor","Ancient Tea Set","SlaversCollar","Gremlin Horn","Bottled Flame","Toy Ornithopter","theSenshi:SailorFukuRelic","infinitespire:BottledMercury"],"acts_visited":[],"potions_floor_usage":[33,33],"damage_taken":[{"damage":0.0,"enemies":"Small Slimes","floor":1.0,"turns":5.0},{"damage":1.0,"enemies":"2 Louse","floor":5.0,"turns":3.0},{"damage":49.0,"enemies":"Lagavulin","floor":6.0,"turns":11.0},{"damage":10.0,"enemies":"Jaw Worm","floor":8.0,"turns":3.0},{"damage":0.0,"enemies":"2 Fungi Beasts","floor":13.0,"turns":3.0},{"damage":64.0,"enemies":"The Guardian","floor":16.0,"turns":16.0},{"damage":26.0,"enemies":"Shell Parasite","floor":18.0,"turns":7.0},{"damage":13,"enemies":"3 Byrds","floor":27,"turns":5},{"damage":9,"enemies":"Snecko","floor":31,"turns":4},{"damage":91,"enemies":"Champ","floor":33,"turns":12}],"seed_played":"6344289581206463033","potions_obtained":[{"floor":8.0,"key":"Regen Potion"},{"floor":13.0,"key":"Swift Potion"},{"floor":16.0,"key":"SkillPotion"},{"floor":27,"key":"DuplicationPotion"}],"is_trial":false,"path_per_floor":["M","$","?","?","M","E","R","M","T","?","$","R","M","T","R","B",null,"M","?","AVR","?","T","R","$","R","T","M","T","R","$","M","R","B"],"character_chosen":"NECROMANCER","items_purchased":["Finger_Of_Death","Bone_Spikes","Anchor","Toy Ornithopter","Bone_Shift","Death_Knell","Summon_Undead_Army"],"campfire_rested":4,"item_purchase_floors":[2,2,11,24,24,24,30],"current_hp_per_floor":[75,75,75,64,67,20,42,34,34,34,34,56,60,60,75,24,75,51,75,75,75,75,75,75,75,75,66,66,66,66,59,75,0,0],"gold":40,"neow_bonus":"RANDOM_COMMON_RELIC","is_daily":false,"chose_seed":false,"campfire_upgraded":3,"win_rate":0.0,"timestamp":1611883696,"path_taken":["M","$","?","?","M","E","R","M","T","?","$","R","M","?","R","BOSS","M","?","AVR","?","?","R","$","R","T","M","?","R","?","M","R","BOSS"],"items_purchased_type":["Card","Card","Relic","Relic","Card","Card","Card"],"build_version":"2020-12-22","purchased_purges":0,"victory":false,"max_hp_per_floor":[75,75,75,75,75,75,75,75,75,75,75,75,75,75,75,75,75,75,75,75,75,75,75,75,75,75,75,75,75,75,75,75,75,75],"card_choices":[{"not_picked":["Epidemic","Shackles_Of_Pain"],"picked":"Negative_Energy_Sphere","floor":1.0},{"not_picked":["Spectral_Walk","Deaths_Shadow"],"picked":"Negative_Energy_Mist","floor":5.0},{"not_picked":["Vampiric_Strike","Bone_Shift"],"picked":"Negative_Energy_Javelin","floor":6.0},{"not_picked":["Bones_to_Steel","Blood_Shield"],"picked":"Bone_Armor","floor":8.0},{"not_picked":["Exploit","Blood_Curse"],"picked":"Bone_Spikes","floor":13.0},{"not_picked":["Negative_Energy_Bomb","Skeleton_Dragon"],"picked":"Hellfire","floor":16.0},{"not_picked":["Bone_Shift","Bone_Spikes"],"picked":"Flesh_Made_Foul","floor":18.0},{"not_picked":["Negative_Energy_Mist","Bone_Bullets"],"picked":"Toxic_Smoke_Screen","floor":27},{"not_picked":["Bone_Spikes","Epidemic"],"picked":"Consume_Illness","floor":31}],"player_experience":138719,"relics_obtained":[{"floor":6.0,"key":"Torii"},{"floor":9.0,"key":"Unceasing Top"},{"floor":14.0,"key":"Ancient Tea Set"},{"floor":22.0,"key":"Bottled Flame"},{"floor":26,"key":"theSenshi:SailorFukuRelic"},{"floor":28,"key":"infinitespire:BottledMercury"}],"event_choices":[{"damage_healed":0.0,"max_hp_gain":0.0,"max_hp_loss":0.0,"gold_gain":0.0,"event_name":"Shining Light","player_choice":"Ignored","floor":3.0,"gold_loss":0.0,"damage_taken":0.0},{"damage_healed":0.0,"max_hp_gain":0.0,"max_hp_loss":0.0,"gold_gain":75.0,"event_name":"World of Goop","player_choice":"Gather Gold","floor":4.0,"gold_loss":0.0,"damage_taken":11.0},{"damage_healed":0.0,"max_hp_gain":0.0,"max_hp_loss":0.0,"gold_gain":0.0,"event_name":"Scrap Ooze","player_choice":"Fled","floor":10.0,"gold_loss":0.0,"damage_taken":0.0},{"damage_healed":25.0,"max_hp_gain":0.0,"max_hp_loss":0.0,"gold_gain":0.0,"event_name":"The Library","player_choice":"Heal","floor":19.0,"gold_loss":0.0,"damage_taken":0.0},{"damage_healed":0.0,"max_hp_gain":0.0,"max_hp_loss":0.0,"gold_gain":99.0,"event_name":"Nest","player_choice":"Stole From Cult","floor":21.0,"gold_loss":0.0,"damage_taken":0.0}],"is_beta":false,"boss_relics":[{"not_picked":["Cursed Key","Philosopher\u0027s Stone"],"picked":"SlaversCollar"}],"items_purged_floors":[],"is_endless":false,"potions_floor_spawned":[8,13,16,27],"killed_by":"Champ","ascension_level":0}}