{"host":"v711dtdb46xe9u7l","time":1611931292,"event":{"mods":["BaseMod","Bestiary","Highlight Path","Minty Spire (QoL Compilation)","Quick Restart","StSLib"],"gold_per_floor":[115,132,11,22,41,71,91,91,91],"floor_reached":8,"language":"ENG","playtime":707,"items_purged":[],"score":81,"play_id":"76b9969c-4381-43e6-9712-ec24335c04e3","local_time":"20210129144132","is_ascension_mode":true,"campfire_choices":[],"circlet_count":0,"master_deck":["Strike_P","Strike_P","Strike_P","Strike_P","Defend_P","Defend_P","Defend_P","Defend_P","Eruption","Vigilance","EmptyBody","Indignation","EmptyFist","FlurryOfBlows","Adaptation","FollowUp","DeusExMachina","Protect"],"relics":["PureWater","Pantograph"],"acts_visited":["Exordium"],"potions_floor_usage":[5,6],"damage_taken":[{"damage":0.0,"enemies":"Cultist","floor":1.0,"turns":3.0},{"damage":0.0,"enemies":"2 Louse","floor":2.0,"turns":2.0},{"damage":0.0,"enemies":"Jaw Worm","floor":4.0,"turns":2.0},{"damage":0,"enemies":"Exordium Wildlife","floor":5,"turns":2},{"damage":25,"enemies":"Gremlin Nob","floor":6,"turns":4},{"damage":22,"enemies":"Looter","floor":7,"turns":2},{"damage":54,"enemies":"Lagavulin","floor":8,"turns":8}],"seed_played":"135396810894971748","potions_obtained":[{"floor":1.0,"key":"StancePotion"},{"floor":4,"key":"Fire Potion"}],"is_trial":false,"path_per_floor":["M","M","$","M","M","E","M","E"],"character_chosen":"WATCHER","items_purchased":["FlurryOfBlows","Adaptation"],"campfire_rested":0,"item_purchase_floors":[3,3],"current_hp_per_floor":[65,65,65,65,65,40,18,0,0],"gold":91,"neow_bonus":"THREE_CARDS","is_daily":false,"chose_seed":false,"campfire_upgraded":0,"win_rate":0.0,"timestamp":1611931292,"path_taken":["M","M","$","M","M","E","M","E"],"items_purchased_type":["Card","Card"],"build_version":"2020-12-22","purchased_purges":0,"victory":false,"max_hp_per_floor":[72,72,72,72,72,72,72,72,72],"card_choices":[{"not_picked":["FlurryOfBlows","Perseverance"],"picked":"EmptyBody","floor":0.0},{"not_picked":["Vengeance","SashWhip"],"picked":"Indignation","floor":1.0},{"not_picked":["EmptyBody","Sanctity"],"picked":"EmptyFist","floor":2.0},{"not_picked":["SashWhip","BattleHymn"],"picked":"FollowUp","floor":4},{"not_picked":["Adaptation","FlyingSleeves"],"picked":"DeusExMachina","floor":5},{"not_picked":["FlyingSleeves","Wireheading","WaveOfTheHand"],"picked":"SKIP","floor":6},{"not_picked":["FlyingSleeves","PathToVictory"],"picked":"Protect","floor":7}],"player_experience":405365,"relics_obtained":[{"floor":6,"key":"Pantograph"}],"event_choices":[],"is_beta":false,"boss_relics":[],"items_purged_floors":[],"is_endless":false,"potions_floor_spawned":[1,4],"killed_by":"Lagavulin","ascension_level":7}}