{"host":"dv29tre2e7vje47n","time":1611939071,"event":{"mods":["AchievementEnabler","BaseMod","Colored Map","Colored Powertips","DeckTracker","Displayed Cursed Tome","Downfall","Friendly Minions","Googly Eyes","Highlight Path","Infinite Spire","Key Reminder","Minty Spire (QoL Compilation)","Quick Restart","Random Character Button","Rare Cards Sparkle","Relic Sorter","Relic Stats","Replay The Spire","Spire Arcade","Spire Birthday Party","StSLib","SuperFastMode","Unceasing Turn Reminder"],"gold_per_floor":[99,99,99,23,23,54,80,99,118,118,138,173,173,71,88,88,88,88],"floor_reached":16,"language":"ENG","playtime":629,"items_purged":[],"score":113,"play_id":"a2f40a4a-f4ef-448f-a6a8-a6658a4c4df5","local_time":"20210129175111","is_ascension_mode":true,"campfire_choices":[{"data":"Guardian:TwinSlam","floor":1,"key":"SMITH"}],"circlet_count":0,"master_deck":["Guardian:Strike_Guardian","Guardian:Strike_Guardian","Guardian:Defend_Guardian","Guardian:Defend_Guardian","Guardian:Defend_Guardian","Guardian:Defend_Guardian","Guardian:CurlUp","Guardian:TwinSlam+1","Guardian:Gem_Red","Guardian:ChargeUp","Guardian:SentryBeam","Guardian:CrystalBeam","Guardian:VentSteam","Guardian:FuturePlans","Guardian:Gem_Green","Guardian:PiercingHide","Discovery","Guardian:Gem_Cyan"],"relics":["Guardian:ModeShifter","downfall:HeartsMalice","infinitespire:Lychee Nut","Regal Pillow","Bag of Marbles","Blue Candle"],"acts_visited":["Exordium"],"potions_floor_usage":[],"damage_taken":[{"damage":0,"enemies":"Jaw Worm","floor":2,"turns":1},{"damage":0,"enemies":"Cultist","floor":3,"turns":1},{"damage":0,"enemies":"downfall:FleeingMerchant","floor":4,"turns":1},{"damage":39,"enemies":"Gremlin Nob","floor":6,"turns":6},{"damage":5,"enemies":"Small Slimes","floor":8,"turns":4},{"damage":14,"enemies":"Exordium Wildlife","floor":9,"turns":6},{"damage":8,"enemies":"Blue Slaver","floor":11,"turns":4},{"damage":11,"enemies":"Replay:BlueRogue","floor":12,"turns":6},{"damage":4,"enemies":"downfall:FleeingMerchant","floor":14,"turns":4},{"damage":2,"enemies":"3 Louse","floor":15,"turns":4},{"damage":41,"enemies":"SI_SHIV_ARCHETYPE","floor":16,"turns":10}],"seed_played":"-9083654082833381476","potions_obtained":[{"floor":11,"key":"sneckomod:MuddlingPotion"},{"floor":12,"key":"EntropicBrew"},{"floor":15,"key":"Swift Potion"}],"is_trial":false,"path_per_floor":["R","M","M","$","?","E","T","M","M","?","M","E","?","$","M","B"],"character_chosen":"GUARDIAN","items_purchased":["Guardian:SentryBeam","Discovery"],"campfire_rested":0,"item_purchase_floors":[4,14],"current_hp_per_floor":[80,80,80,80,80,41,41,42,34,34,32,27,22,24,28,0,0,0],"gold":88,"neow_bonus":"THREE_ENEMY_KILL","is_daily":false,"chose_seed":false,"campfire_upgraded":1,"win_rate":0.0,"timestamp":1611939071,"path_taken":["R","M","M","$","?","E","T","M","?","?","M","E","?","$","M","BOSS"],"items_purchased_type":["Card","Card"],"build_version":"2020-12-22","purchased_purges":0,"victory":false,"max_hp_per_floor":[80,80,80,80,80,60,60,60,60,60,60,60,60,60,60,60,60,60],"relic_stats":{"Regal Pillow":0,"counters":[11,44],"Blue Candle":[0],"obtain_stats":[{"Regal Pillow":7,"infinitespire:Lychee Nut":6,"Blue Candle":13,"Guardian:ModeShifter":0,"downfall:HeartsMalice":0,"Bag of Marbles":12},{"Regal Pillow":4,"infinitespire:Lychee Nut":4,"Blue Candle":8,"Guardian:ModeShifter":0,"downfall:HeartsMalice":0,"Bag of Marbles":8},{"Regal Pillow":6,"infinitespire:Lychee Nut":6,"Blue Candle":26,"Guardian:ModeShifter":0,"downfall:HeartsMalice":0,"Bag of Marbles":26}]},"card_choices":[{"not_picked":["Guardian:FloatingOrbs","Guardian:Suspension"],"picked":"Guardian:Gem_Red","floor":2},{"not_picked":["Guardian:FloatingOrbs","Guardian:GuardianWhirl"],"picked":"Guardian:ChargeUp","floor":3},{"not_picked":["Guardian:Suspension","Guardian:ShieldSpikes","Guardian:ChargeCore"],"picked":"SKIP","floor":4},{"not_picked":["Guardian:BronzeArmor","Guardian:SphericShield"],"picked":"Guardian:CrystalBeam","floor":6},{"not_picked":["Guardian:TemporalStrike","Guardian:Suspension"],"picked":"Guardian:VentSteam","floor":8},{"not_picked":["Guardian:Gem_Red","Guardian:Preprogram"],"picked":"Guardian:FuturePlans","floor":9},{"not_picked":["Guardian:DonusPower","Guardian:BodySlam"],"picked":"Guardian:Gem_Green","floor":11},{"not_picked":["Guardian:Preprogram","Guardian:PrismaticBarrier","Guardian:FuturePlans"],"picked":"SKIP","floor":12},{"not_picked":["Guardian:PrimingBeam","Guardian:VentSteam"],"picked":"Guardian:PiercingHide","floor":14},{"not_picked":["Guardian:WalkerClaw","Guardian:Harden"],"picked":"Guardian:Gem_Cyan","floor":15}],"player_experience":132071,"relics_obtained":[{"floor":6,"key":"infinitespire:Lychee Nut"},{"floor":7,"key":"Regal Pillow"},{"floor":12,"key":"Bag of Marbles"}],"event_choices":[{"cards_removed":["Guardian:Strike_Guardian"],"damage_healed":0,"gold_gain":0,"player_choice":"Offered Basic","damage_taken":0,"max_hp_gain":0,"max_hp_loss":0,"event_name":"Bonfire Elementals","floor":5,"gold_loss":0}],"is_beta":false,"boss_relics":[],"items_purged_floors":[],"is_endless":false,"potions_floor_spawned":[8,11,12,15],"killed_by":"SI_SHIV_ARCHETYPE","ascension_level":1}}