{"host":"jumrmhf584hajrnz","time":1611954345,"event":{"mods":["BaseMod","Duelist Mod","GifTheSpireLib","Minty Spire (QoL Compilation)","Quick Restart","StSLib"],"gold_per_floor":[145,155,155,52,68,68,68],"floor_reached":6,"language":"ENG","playtime":156,"items_purged":["theDuelist:GravekeeperCurse"],"score":72,"play_id":"1aae3637-731a-467f-9125-ddd11824a1ca","local_time":"20210129220545","is_ascension_mode":true,"campfire_choices":[],"circlet_count":0,"master_deck":["AscendersBane","theDuelist:CastleWalls","theDuelist:CastleWalls","theDuelist:CastleWalls","theDuelist:NaturiaBeast","theDuelist:NaturiaCliff","theDuelist:NaturiaRock","theDuelist:NaturiaTulip","theDuelist:Sparks","theDuelist:Sparks","theDuelist:Sparks","theDuelist:EarthEffigy","theDuelist:HaneHane","theDuelist:NaturiaEggplant","theDuelist:Mudora"],"relics":["theDuelist:MillenniumPuzzle","theDuelist:CardPoolRelic","theDuelist:CardPoolBasicRelic","theDuelist:BoosterPackPoolRelic","theDuelist:CardPoolAddRelic","theDuelist:CardPoolMinusRelic","theDuelist:CardPoolSaveRelic","theDuelist:CardPoolOptionsRelic","NeowsBlessing","theDuelist:MillenniumPeriapt"],"acts_visited":["Exordium"],"potions_floor_usage":[6],"damage_taken":[{"damage":0,"enemies":"2 Louse","floor":1,"turns":1},{"damage":0,"enemies":"Cultist","floor":2,"turns":1},{"damage":0,"enemies":"Small Slimes","floor":5,"turns":1},{"damage":39,"enemies":"Gremlin Nob","floor":6,"turns":4}],"seed_played":"3660634251070119331","potions_obtained":[{"floor":2,"key":"BlessingOfTheForge"},{"floor":5,"key":"Energy Potion"}],"is_trial":false,"path_per_floor":["M","M","?","$","M","E"],"character_chosen":"THE_DUELIST","items_purchased":["theDuelist:NaturiaEggplant"],"campfire_rested":0,"item_purchase_floors":[4],"current_hp_per_floor":[63,63,63,63,63,24,24],"gold":68,"neow_bonus":"THREE_ENEMY_KILL","is_daily":false,"chose_seed":false,"campfire_upgraded":0,"win_rate":0.0,"timestamp":1611954345,"path_taken":["M","M","?","$","?","E"],"items_purchased_type":["Card"],"build_version":"2020-12-22","purchased_purges":1,"victory":false,"max_hp_per_floor":[70,70,70,70,70,70,70],"card_choices":[{"not_picked":["theDuelist:Mudora","theDuelist:PotAvarice","theDuelist:BigEye","theDuelist:ShardGreed"],"picked":"theDuelist:EarthEffigy","floor":1},{"not_picked":["theDuelist:AttackTheMoon","theDuelist:EarthEffigy","theDuelist:ReleaseFromStone","theDuelist:ShardGreed"],"picked":"theDuelist:HaneHane","floor":2},{"not_picked":["theDuelist:AttackTheMoon","theDuelist:HammerShot","theDuelist:BigFire","theDuelist:DestroyerGolem"],"picked":"theDuelist:Mudora","floor":5}],"player_experience":1625863,"relics_obtained":[],"event_choices":[{"damage_healed":0,"gold_gain":0,"player_choice":"Took item - Received: Millennium Periapt","duelist":true,"damage_taken":0,"max_hp_gain":0,"max_hp_loss":0,"event_name":"Millennium Items","floor":3,"gold_loss":0}],"is_beta":false,"boss_relics":[],"items_purged_floors":[4],"is_endless":false,"potions_floor_spawned":[2,5],"killed_by":"Gremlin Nob","ascension_level":20}}