{"host":"l84l8xigz5v5foa2","time":1611928594,"event":{"mods":["2.2 Compatiblity","AchievementEnabler","BaseMod","Better Note","Better Vampires","Card Filter","Colored Map","DeckTracker","Downfall","Gremlin Skip","Highlight Path","Keyboard Shortcuts","Minty Spire (QoL Compilation)","Permanent Neow","Quick Restart","Relic Filter","Relic Stats","StSLib","SuperFastMode","Transform Curses","Unknown Chances"],"gold_per_floor":[111,121,46,46,46,46,65,81,81,81,6,6,27,66,66,159,159,178,178,178,198,98,98,138,138,218,218,256,272,303,327,327,420,420,435,466,466,491,514,557,557,557,557,557],"floor_reached":42,"language":"ENG","playtime":2466,"items_purged":["hexamod:Sear","hexamod:Strike"],"score":1143,"play_id":"e832f85a-3fd9-4d4a-871e-872b26340655","local_time":"20210129225634","is_ascension_mode":true,"campfire_choices":[{"data":"hexamod:Float","floor":6.0,"key":"SMITH"},{"data":"hexamod:SpectralSpark","floor":10.0,"key":"SMITH"},{"data":"hexamod:NecessarySacrifice","floor":15.0,"key":"SMITH"},{"data":"hexamod:Rewind","floor":23.0,"key":"SMITH"},{"data":"hexamod:GhostOfSpirePast","floor":25.0,"key":"SMITH"},{"data":"hexamod:ForkedFlame","floor":27.0,"key":"SMITH"},{"data":"hexamod:HeatShield","floor":32.0,"key":"SMITH"},{"data":"hexamod:ApocalypticArmor","floor":41,"key":"SMITH"}],"circlet_count":0,"master_deck":["AscendersBane","hexamod:Strike+1","hexamod:Strike+1","hexamod:Defend+1","hexamod:Defend","hexamod:Defend+1","hexamod:Float+1","Impatience","hexamod:SpectersWail","hexamod:ThirdSeal","hexamod:Hexaguard+1","hexamod:BacktrackSmack","hexamod:GhostOfSpirePast+1","hexamod:SpectralSpark+1","hexamod:NecessarySacrifice+1","hexamod:ThermalTransfer","hexamod:AdvancingGuard+1","hexamod:ForkedFlame+1","hexamod:TimeOfNeed+1","hexamod:GhostOfSpirePast+1","hexamod:ShieldOfDarkness+1","hexamod:FourthSeal","hexamod:FirstSeal","hexamod:Rewind+1","hexamod:SixthSeal","hexamod:ApocalypseNow","hexamod:StepThrough+1","hexamod:NightmareGuise+1","hexamod:ForkedFlame","hexamod:RetreatToShadows+1","hexamod:HeatShield+1","hexamod:HexaLevel+1","hexamod:RadiantFlame+1","hexamod:Hexaguard+1","hexamod:NightmareStrike+1","hexamod:HauntingEcho+1","hexamod:ApocalypticArmor+1"],"relics":["hexamod:SpiritBrand","Golden Idol","Guardian:GemstoneGun","Ginger","champ:DeflectingBracers","Philosopher\u0027s Stone","Bronze Scales","Eternal Feather","hexamod:CandleOfCauterizing","bronze:BronzeIdol","hexamod:IceCube","Ice Cream","The Courier"],"acts_visited":["Exordium","TheCity","TheBeyond"],"potions_floor_usage":[40,40,40,42],"damage_taken":[{"damage":3.0,"enemies":"Small Slimes","floor":1.0,"turns":4.0},{"damage":0.0,"enemies":"Cultist","floor":2.0,"turns":3.0},{"damage":4.0,"enemies":"Jaw Worm","floor":7.0,"turns":4.0},{"damage":3.0,"enemies":"Exordium Wildlife","floor":8.0,"turns":3.0},{"damage":0.0,"enemies":"Blue Slaver","floor":13.0,"turns":3.0},{"damage":0.0,"enemies":"Lagavulin","floor":14.0,"turns":6.0},{"damage":2.0,"enemies":"Hexaghost","floor":16.0,"turns":6.0},{"damage":0.0,"enemies":"Shell Parasite","floor":18.0,"turns":3.0},{"damage":4.0,"enemies":"2 Thieves","floor":21.0,"turns":4.0},{"damage":10.0,"enemies":"Book of Stabbing","floor":24.0,"turns":4.0},{"damage":0.0,"enemies":"Gremlin Leader","floor":28.0,"turns":4.0},{"damage":20.0,"enemies":"Snecko","floor":29.0,"turns":4.0},{"damage":0.0,"enemies":"Book of Stabbing","floor":30.0,"turns":4.0},{"damage":0.0,"enemies":"Cultist and Chosen","floor":31.0,"turns":4.0},{"damage":1.0,"enemies":"Automaton","floor":33.0,"turns":6.0},{"damage":19.0,"enemies":"Orb Walker","floor":35.0,"turns":4.0},{"damage":3.0,"enemies":"Mind Bloom Boss Battle","floor":36.0,"turns":5.0},{"damage":31.0,"enemies":"3 Darklings","floor":38.0,"turns":6.0},{"damage":0.0,"enemies":"Maw","floor":39.0,"turns":5.0},{"damage":33,"enemies":"Nemesis","floor":40,"turns":7},{"damage":39,"enemies":"Reptomancer","floor":42,"turns":4}],"seed_played":"1541422622903644165","potions_obtained":[{"floor":1.0,"key":"LiquidBronze"},{"floor":8.0,"key":"SmokeBomb"},{"floor":16.0,"key":"Weak Potion"},{"floor":18.0,"key":"SkillPotion"},{"floor":21.0,"key":"LiquidBronze"},{"floor":24.0,"key":"BlessingOfTheForge"},{"floor":24.0,"key":"LiquidMemories"},{"floor":28.0,"key":"ColorlessPotion"},{"floor":29.0,"key":"ColorlessPotion"},{"floor":30.0,"key":"DuplicationPotion"},{"floor":30.0,"key":"Fire Potion"},{"floor":31.0,"key":"Swift Potion"},{"floor":31.0,"key":"BlessingOfTheForge"},{"floor":33.0,"key":"Regen Potion"},{"floor":33.0,"key":"LiquidMemories"},{"floor":35.0,"key":"hexamod:EctoCoolerPotion"},{"floor":36.0,"key":"hexamod:EctoCoolerPotion"},{"floor":38.0,"key":"Swift Potion"},{"floor":39.0,"key":"EssenceOfSteel"},{"floor":40,"key":"Fruit Juice"},{"floor":40,"key":"Swift Potion"}],"is_trial":false,"path_per_floor":["M","M","?","?","?","R","M","M","T","R","$","?","M","E","R","B",null,"M","?","?","M","$","R","E","R","T","R","E","M","E","M","R","B",null,"M","?","?","M","M","E","R","E"],"character_chosen":"THE_SPIRIT","items_purchased":[],"campfire_rested":0,"item_purchase_floors":[],"current_hp_per_floor":[54,54,54,54,54,54,50,47,47,47,47,36,36,36,36,34,51,51,51,44,40,40,40,37,37,37,52,57,44,51,57,57,57,57,45,57,54,30,37,16,37,0,0,0],"gold":557,"neow_bonus":"RANDOM_COLORLESS","is_daily":false,"chose_seed":false,"campfire_upgraded":8,"win_rate":0.0,"timestamp":1611928594,"path_taken":["M","M","?","?","?","R","?","M","T","R","$","?","M","E","R","BOSS","M","?","?","?","$","R","E","R","T","R","E","M","E","M","R","BOSS","M","?","?","M","M","E","R","E"],"items_purchased_type":[],"build_version":"2020-12-22","purchased_purges":2,"victory":false,"max_hp_per_floor":[63,63,63,57,57,57,57,57,57,57,57,57,57,57,57,57,57,57,57,57,57,57,57,57,57,57,57,57,57,57,57,57,57,57,57,57,54,54,54,59,59,59,59,59],"relic_stats":{"counters":[21,93],"Golden Idol":123,"Bronze Scales":[123],"Eternal Feather":36,"Ginger":[11],"obtain_stats":[{"Ice Cream":36,"hexamod:CandleOfCauterizing":28,"Golden Idol":4,"Guardian:GemstoneGun":9,"Eternal Feather":26,"champ:DeflectingBracers":14,"The Courier":40,"Ginger":12,"bronze:BronzeIdol":30,"Bronze Scales":24,"Philosopher\u0027s Stone":17,"hexamod:SpiritBrand":0,"hexamod:IceCube":34},{"Ice Cream":17,"hexamod:CandleOfCauterizing":11,"Golden Idol":2,"Guardian:GemstoneGun":4,"Eternal Feather":10,"champ:DeflectingBracers":6,"The Courier":20,"Ginger":4,"bronze:BronzeIdol":13,"Bronze Scales":10,"Philosopher\u0027s Stone":7,"hexamod:SpiritBrand":0,"hexamod:IceCube":15},{"Ice Cream":71,"hexamod:CandleOfCauterizing":44,"Golden Idol":7,"Guardian:GemstoneGun":14,"Eternal Feather":40,"champ:DeflectingBracers":23,"The Courier":89,"Ginger":14,"bronze:BronzeIdol":52,"Bronze Scales":40,"Philosopher\u0027s Stone":29,"hexamod:SpiritBrand":0,"hexamod:IceCube":62}]},"card_choices":[{"not_picked":["Trip","Deep Breath"],"picked":"Impatience","floor":0.0},{"not_picked":["hexamod:ShieldOfDarkness","hexamod:ThermalTransfer"],"picked":"hexamod:SpectersWail","floor":1.0},{"not_picked":["hexamod:HeatShield","hexamod:RadiantFlame"],"picked":"hexamod:ThirdSeal","floor":2.0},{"not_picked":["hexamod:SuperheatedStrike","hexamod:RecurringNightmare"],"picked":"hexamod:Hexaguard","floor":7.0},{"not_picked":["hexamod:SuperheatedStrike","hexamod:Incineration"],"picked":"hexamod:BacktrackSmack","floor":7.0},{"not_picked":["hexamod:SpectralSpark","hexamod:Haunt"],"picked":"hexamod:GhostOfSpirePast","floor":8.0},{"not_picked":["hexamod:GhostShield","hexamod:FastForward"],"picked":"hexamod:SpectralSpark","floor":8.0},{"not_picked":["hexamod:FlamesFromBeyond","hexamod:CatchUp"],"picked":"hexamod:NecessarySacrifice","floor":13.0},{"not_picked":["hexamod:PhantomCloak","hexamod:EmpoweredFlame"],"picked":"hexamod:ThermalTransfer","floor":13.0},{"not_picked":["hexamod:ParanormalForm","hexamod:HauntingEcho"],"picked":"hexamod:AdvancingGuard","floor":14.0},{"not_picked":["hexamod:GhostLash","hexamod:NightmareStrike","hexamod:SpectersWail"],"picked":"SKIP","floor":14.0},{"not_picked":["hexamod:ApocalypticArmor","hexamod:SearingWound"],"picked":"hexamod:ForkedFlame","floor":16.0},{"not_picked":["hexamod:ApocalypseNow","hexamod:FlameSwitch"],"picked":"hexamod:TimeOfNeed","floor":16.0},{"not_picked":["hexamod:FlamesFromBeyond","hexamod:BacktrackSmack+1"],"picked":"hexamod:GhostOfSpirePast","floor":18.0},{"not_picked":["hexamod:SuperheatedStrike+1","hexamod:BurningTouch","hexamod:SwordOfDarkness"],"picked":"SKIP","floor":18.0},{"not_picked":["hexamod:Hexaguard","hexamod:GhostLash"],"picked":"hexamod:Rewind","floor":21.0},{"not_picked":["hexamod:ShieldOfDarkness","hexamod:PowerFromBeyond","hexamod:NightmareStrike"],"picked":"SKIP","floor":21.0},{"not_picked":["hexamod:NightmareStrike","hexamod:ChargedBarrage+1"],"picked":"hexamod:SixthSeal","floor":24.0},{"not_picked":["hexamod:FourthSeal","hexamod:RetreatToShadows"],"picked":"hexamod:ApocalypseNow","floor":24.0},{"not_picked":["hexamod:ExtraCrispy","hexamod:BacktrackSmack"],"picked":"hexamod:StepThrough","floor":28.0},{"not_picked":["hexamod:AdvancingGuard","hexamod:RecurringNightmare","hexamod:RadiantFlame"],"picked":"SKIP","floor":28.0},{"not_picked":["hexamod:NightmareGuise","hexamod:DynamicBlow","hexamod:BacktrackSmack"],"picked":"SKIP","floor":29.0},{"not_picked":["hexamod:HeatMetal","hexamod:FirstSeal","hexamod:ThermalTransfer"],"picked":"SKIP","floor":29.0},{"not_picked":["hexamod:DynamicBlow","hexamod:BacktrackSmack"],"picked":"hexamod:NightmareGuise","floor":29.0},{"not_picked":["hexamod:HeatMetal","hexamod:FirstSeal","hexamod:ThermalTransfer"],"picked":"SKIP","floor":29.0},{"not_picked":["hexamod:ThermalTransfer+1","hexamod:SecondSeal"],"picked":"hexamod:ForkedFlame","floor":30.0},{"not_picked":["hexamod:ThermalTransfer","hexamod:GhostLash","hexamod:SpectersWail+1"],"picked":"SKIP","floor":30.0},{"not_picked":["hexamod:GhostOfSpirePast","hexamod:HeatMetal"],"picked":"hexamod:RetreatToShadows+1","floor":31.0},{"not_picked":["hexamod:SpectersWail","hexamod:HauntingEcho"],"picked":"hexamod:HeatShield","floor":31.0},{"not_picked":["hexamod:FlameSwitch","hexamod:VolcanoVisage"],"picked":"hexamod:HexaLevel","floor":33.0},{"not_picked":["hexamod:NightmareStrike+1","hexamod:Again","hexamod:BurningTouch"],"picked":"SKIP","floor":35.0},{"not_picked":["hexamod:GhostOfSpireFuture","hexamod:SpectersWail","hexamod:NightmareGuise"],"picked":"SKIP","floor":35.0},{"not_picked":["hexamod:BurningTouch","hexamod:SwordOfDarkness"],"picked":"hexamod:RadiantFlame+1","floor":36.0},{"not_picked":["hexamod:SwordOfDarkness","hexamod:SuperheatedStrike"],"picked":"hexamod:Hexaguard+1","floor":38.0},{"not_picked":["hexamod:GhostflameBarrier","hexamod:ThermalTransfer+1"],"picked":"hexamod:NightmareStrike+1","floor":38.0},{"not_picked":["hexamod:BurningTouch+1","hexamod:BacktrackSmack","hexamod:AdvancingGuard"],"picked":"SKIP","floor":38.0},{"not_picked":["hexamod:PhantomCloak","hexamod:GhostOfSpireFuture"],"picked":"hexamod:HauntingEcho+1","floor":39.0},{"not_picked":["hexamod:SkipABeat","hexamod:ThirdSeal","hexamod:CatchUp"],"picked":"SKIP","floor":39.0},{"not_picked":["hexamod:GhostShield","hexamod:TimeWarp"],"picked":"hexamod:ApocalypticArmor","floor":40},{"not_picked":["hexamod:GhostLash","hexamod:ShieldOfDarkness","hexamod:RetreatToShadows"],"picked":"SKIP","floor":40}],"player_experience":3493709,"relics_obtained":[{"floor":9.0,"key":"Guardian:GemstoneGun"},{"floor":14.0,"key":"champ:DeflectingBracers"},{"floor":24.0,"key":"Bronze Scales"},{"floor":26.0,"key":"Eternal Feather"},{"floor":28.0,"key":"hexamod:CandleOfCauterizing"},{"floor":30.0,"key":"bronze:BronzeIdol"},{"floor":36.0,"key":"Ice Cream"},{"floor":40,"key":"The Courier"}],"event_choices":[{"cards_removed":["hexamod:Strike"],"damage_healed":0.0,"max_hp_gain":0.0,"max_hp_loss":0.0,"gold_gain":0.0,"event_name":"The Cleric","player_choice":"Card Removal","floor":3.0,"gold_loss":75.0,"damage_taken":0.0},{"damage_healed":0.0,"max_hp_gain":0.0,"max_hp_loss":6.0,"gold_gain":0.0,"event_name":"Golden Idol","player_choice":"Lose Max HP","floor":4.0,"gold_loss":0.0,"damage_taken":0.0,"relics_obtained":["Golden Idol"]},{"cards_removed":["hexamod:Defend"],"damage_healed":0.0,"max_hp_gain":0.0,"max_hp_loss":0.0,"gold_gain":0.0,"event_name":"Purifier","player_choice":"Purged","floor":5.0,"gold_loss":0.0,"damage_taken":0.0},{"damage_healed":0.0,"max_hp_gain":0.0,"max_hp_loss":0.0,"gold_gain":0.0,"event_name":"Scrap Ooze","player_choice":"Success","floor":12.0,"gold_loss":0.0,"damage_taken":11.0,"relics_obtained":["Ginger"]},{"damage_healed":0.0,"max_hp_gain":0.0,"max_hp_loss":0.0,"gold_gain":0.0,"event_name":"The Library","player_choice":"Read","floor":19.0,"gold_loss":0.0,"damage_taken":0.0,"cards_obtained":["hexamod:ShieldOfDarkness"]},{"damage_healed":0.0,"max_hp_gain":0.0,"max_hp_loss":0.0,"gold_gain":0.0,"event_name":"MindBloom","player_choice":"Fight","floor":36.0,"gold_loss":0.0,"damage_taken":0.0},{"damage_healed":0.0,"max_hp_gain":0.0,"max_hp_loss":3.0,"gold_gain":0.0,"event_name":"Winding Halls","player_choice":"Max HP","floor":37.0,"gold_loss":0.0,"damage_taken":0.0}],"is_beta":false,"boss_relics":[{"not_picked":["Sozu","hexamod:UnbrokenSoul"],"picked":"Philosopher\u0027s Stone"},{"not_picked":["Fusion Hammer","Busted Crown"],"picked":"hexamod:IceCube"}],"items_purged_floors":[11,22],"is_endless":false,"potions_floor_spawned":[1,8,16,18,24,30,31,33,35,40],"killed_by":"Reptomancer","ascension_level":20}}