{"host":"g2yp6paluzgljz05","time":1611921778,"event":{"mods":["BaseMod","Bestiary","Colored Powertips","DeckTracker","Highlight Path","Minty Spire (QoL Compilation)","Quick Restart"],"gold_per_floor":[19,19,19,19,19,19,194,194,194,48,81,6,20,43,43,164,164,179,223,322,247,247,247],"floor_reached":22,"language":"ENG","playtime":939,"items_purged":["Doubt"],"score":249,"play_id":"acc654f1-0af7-4eca-8b95-fdc37a73f10e","local_time":"20210129230258","is_ascension_mode":true,"campfire_choices":[{"data":"Bash","floor":6,"key":"SMITH"},{"data":"Headbutt","floor":8,"key":"SMITH"},{"floor":15,"key":"REST"}],"circlet_count":0,"master_deck":["Strike_R","Strike_R","Defend_R","Defend_R","Defend_R","Defend_R","Bash+1","Headbutt+1","Seeing Red","Shrug It Off","Offering"],"relics":["Burning Blood","Golden Idol","Shuriken","Vajra","Paper Frog","Velvet Choker","Red Mask"],"acts_visited":["Exordium","TheCity"],"potions_floor_usage":[16,19],"damage_taken":[{"damage":11,"enemies":"Cultist","floor":1,"turns":4},{"damage":51,"enemies":"Lagavulin","floor":11,"turns":6},{"damage":0,"enemies":"Small Slimes","floor":13,"turns":2},{"damage":3,"enemies":"2 Louse","floor":14,"turns":3},{"damage":51,"enemies":"Slime Boss","floor":16,"turns":7},{"damage":6,"enemies":"Chosen","floor":18,"turns":4},{"damage":61,"enemies":"Masked Bandits","floor":19,"turns":7},{"damage":10,"enemies":"2 Thieves","floor":21,"turns":5},{"damage":20,"enemies":"Sentry and Sphere","floor":22,"turns":3}],"seed_played":"-708645608256950796","potions_obtained":[{"floor":11,"key":"ColorlessPotion"},{"floor":13,"key":"LiquidBronze"},{"floor":18,"key":"Regen Potion"},{"floor":19,"key":"Energy Potion"}],"is_trial":false,"path_per_floor":["M","$","?","?","$","R","?","R","T","$","E","$","M","M","R","B",null,"M","?","?","M","M"],"character_chosen":"IRONCLAD","items_purchased":["Vajra"],"campfire_rested":1,"item_purchase_floors":[10],"current_hp_per_floor":[67,67,67,67,67,67,67,67,67,67,22,22,28,31,53,8,58,58,15,15,11,0,0],"gold":247,"neow_bonus":"REMOVE_TWO","is_daily":false,"chose_seed":false,"campfire_upgraded":2,"win_rate":0.0,"timestamp":1611921778,"path_taken":["M","?","?","?","$","R","?","R","T","$","E","$","M","M","R","BOSS","M","?","?","M","M"],"items_purchased_type":["Relic"],"build_version":"2020-12-22","purchased_purges":1,"victory":false,"max_hp_per_floor":[80,80,74,74,74,74,74,74,74,74,74,74,74,74,74,74,74,74,74,74,74,74,74],"card_choices":[{"not_picked":["Thunderclap","Disarm"],"picked":"Headbutt","floor":1},{"not_picked":["Clash","Twin Strike","Sever Soul"],"picked":"SKIP","floor":11},{"not_picked":["Clash","Fiend Fire"],"picked":"Seeing Red","floor":13},{"not_picked":["Entrench","Body Slam"],"picked":"Shrug It Off","floor":14},{"not_picked":["Corruption","Reaper"],"picked":"Offering","floor":16},{"not_picked":["Wild Strike","Combust","Armaments+1"],"picked":"SKIP","floor":18},{"not_picked":["Cleave","Blood for Blood","Shrug It Off"],"picked":"SKIP","floor":21}],"player_experience":285188,"relics_obtained":[{"floor":9,"key":"Shuriken"},{"floor":11,"key":"Paper Frog"},{"floor":19,"key":"Red Mask"}],"event_choices":[{"damage_healed":0,"gold_gain":0,"player_choice":"Lose Max HP","damage_taken":0,"relics_obtained":["Golden Idol"],"max_hp_gain":0,"max_hp_loss":6,"event_name":"Golden Idol","floor":3,"gold_loss":0},{"cards_removed":["Strike_R"],"damage_healed":0,"gold_gain":0,"player_choice":"Forget","damage_taken":0,"max_hp_gain":0,"max_hp_loss":0,"event_name":"Living Wall","floor":4,"gold_loss":0},{"damage_healed":0,"gold_gain":175,"player_choice":"AGREE","damage_taken":0,"max_hp_gain":0,"max_hp_loss":0,"event_name":"Liars Game","floor":7,"gold_loss":0,"cards_obtained":["Doubt"]},{"damage_healed":0,"gold_gain":0,"player_choice":"Fought Bandits","damage_taken":0,"max_hp_gain":0,"max_hp_loss":0,"event_name":"Masked Bandits","floor":19,"gold_loss":0},{"damage_healed":0,"gold_gain":99,"player_choice":"Stole From Cult","damage_taken":0,"max_hp_gain":0,"max_hp_loss":0,"event_name":"Nest","floor":20,"gold_loss":0}],"is_beta":false,"boss_relics":[{"not_picked":["Fusion Hammer","Calling Bell"],"picked":"Velvet Choker"}],"items_purged_floors":[12],"is_endless":false,"potions_floor_spawned":[11,13,18,19],"killed_by":"Sentry and Sphere","ascension_level":8}}