{"host":"oeqgep2lwmjgysjb","time":1611898584,"event":{"mods":["AchievementEnabler","Aspiration","BaseMod","BetterRewards","Colored Powertips","Conspire","Custom Start","Downfall","Hubris","Infinite Spire","Minty Spire (QoL Compilation)","Quick Restart","Replay The Spire","Shop Mod","StSLib","The Hierophant","The Poker Player","The Runesmith"],"gold_per_floor":[115,131,54,54,65,91,91,41,41,76,76,22,22,35,35,134,134,114,114,138,160,172,184,208,220,232,244,273,285,314,338,350,467,529,556,568,580,592,616,659,682,711,723,751,778,515,533,550,550,550,550,550,96,125,125],"floor_reached":56,"language":"ENG","playtime":7489,"items_purged":["Runesmith:Strike_RS","Runesmith:Strike_RS","Runesmith:Defend_RS","Runesmith:Defend_RS","CommonCold"],"score":1241,"play_id":"17551151-cef9-42f6-b92b-87aefd5c384a","local_time":"20210129163624","is_ascension_mode":false,"campfire_choices":[{"floor":7.0,"key":"REST"},{"data":"Runesmith:LithiumIon","floor":11.0,"key":"SMITH"},{"floor":15.0,"key":"REST"},{"floor":23.0,"key":"RECALL"},{"floor":25.0,"key":"REST"},{"data":"Runesmith:ChaoticBlast","floor":27.0,"key":"SMITH"},{"floor":29.0,"key":"REST"},{"data":"Runesmith:BackupBattery+1","floor":32.0,"key":"SMITH"},{"data":"Runesmith:Supernova","floor":49,"key":"SMITH"},{"data":"Runesmith:BackupBattery","floor":52,"key":"SMITH"}],"circlet_count":0,"master_deck":["Runesmith:Strike_RS+1","Runesmith:Strike_RS","Runesmith:CraftFirestone","Runesmith:Fortify+1","Runesmith:LithiumIon+1","Runesmith:LithiumIon+1","Runesmith:Grindstone+1","Runesmith:LithiumIon","Runesmith:Firewall","Runesmith:CraftObretio","aspiration:UnbridledHammer+1","Runesmith:CraftMagma","Runesmith:CreatorForm+1","Runesmith:Supernova+1","Runesmith:PoweredAnvil+1","Runesmith:Refine","Runesmith:CraftMedicinae","PokerPlayerMod:BadJoker","Runesmith:Duplicate","Bandage Up","infinitespire:Starlight","infinitespire:Starlight+1","Runesmith:BackupBattery+2","Runesmith:ChaoticBlast+1","Runesmith:PoweredAnvil+1","Runesmith:Grindstone+1","Runesmith:RunicBlueprint+1","Runesmith:CraftIndustria","Runesmith:MakeshiftArmor+1","Runesmith:BackupBattery+1","ReplayTheSpireMod:Brewmster+1","hubris:Fate","Runesmith:UnstableHammer","Pot Of Greed","Runesmith:ArcReactor+1","Pot Of Greed","Runesmith:Permafrost+1","Runesmith:PoweredAnvil+1","Runesmith:Reinforce","Runesmith:CraftReservo","Runesmith:Permafrost+1","hubris:DuctTapeCard"],"relics":["Runesmith:BrokenRuby","aspiration:Nostalgia","bronze:BronzeCore","Membership Card","conspire:TopHat","Replay:Rubber Ducky","Frozen Egg 2","Whetstone","ReplayTheSpireMod:SealedPack","MawBank","Kunai","Tiny House","Ice Cream","Grinning Jar","Replay:Bottled Snecko","Replay:Wax Seal","Eternal Feather","Thread and Needle","hubris:DuctTape","Replay:Accelerometer"],"acts_visited":["Exordium","TheCity","TheBeyond","TheEnding"],"potions_floor_usage":[41,42,44,45,45,47,50,53,54,55,55,55,55,55,55],"damage_taken":[{"damage":4.0,"enemies":"2 Louse","floor":1.0,"turns":4.0},{"damage":2.0,"enemies":"Jaw Worm","floor":2.0,"turns":5.0},{"damage":9.0,"enemies":"Small Slimes","floor":5.0,"turns":5.0},{"damage":18.0,"enemies":"3 Sentries","floor":6.0,"turns":8.0},{"damage":0.0,"enemies":"Lagavulin","floor":10.0,"turns":9.0},{"damage":0.0,"enemies":"Exordium Thugs","floor":14.0,"turns":5.0},{"damage":20.0,"enemies":"Slime Boss","floor":16.0,"turns":5.0},{"damage":23.0,"enemies":"2 Thieves","floor":18.0,"turns":5.0},{"damage":32.0,"enemies":"3 Byrds","floor":21.0,"turns":6.0},{"damage":19.0,"enemies":"Snake Plant","floor":24.0,"turns":6.0},{"damage":27.0,"enemies":"Cultist and Chosen","floor":28.0,"turns":7.0},{"damage":1.0,"enemies":"Chosen and Byrds","floor":30.0,"turns":7.0},{"damage":9.0,"enemies":"Shelled Parasite and Fungi","floor":31.0,"turns":8.0},{"damage":25.0,"enemies":"Automaton","floor":33.0,"turns":10.0},{"damage":13.0,"enemies":"Orb Walker","floor":35.0,"turns":4.0},{"damage":23,"enemies":"3 Shapes","floor":39,"turns":8},{"damage":20,"enemies":"Nemesis","floor":40,"turns":7},{"damage":10,"enemies":"3 Darklings","floor":41,"turns":6},{"damage":73,"enemies":"Transient","floor":42,"turns":5},{"damage":39,"enemies":"Spire Growth","floor":44,"turns":7},{"damage":47,"enemies":"Sphere and 2 Shapes","floor":45,"turns":14},{"damage":37,"enemies":"Jaw Worm Horde","floor":47,"turns":11},{"damage":8,"enemies":"3 Darklings","floor":48,"turns":6},{"damage":43,"enemies":"Time Eater","floor":50,"turns":12},{"damage":73,"enemies":"Shield and Spear","floor":54,"turns":10},{"damage":49,"enemies":"The Heart","floor":55,"turns":9}],"seed_played":"175637987078096429","potions_obtained":[{"floor":5.0,"key":"FairyPotion"},{"floor":6.0,"key":"Adrenaline Potion"},{"floor":21.0,"key":"champ:CounterPotion"},{"floor":24.0,"key":"Dexterity Potion"},{"floor":31.0,"key":"Regen Potion"},{"floor":34.0,"key":"PowerPotion"},{"floor":39,"key":"Regen Potion"},{"floor":41,"key":"BlessingOfTheForge"},{"floor":45,"key":"Adrenaline Potion"},{"floor":54,"key":"EntropicBrew"}],"is_trial":false,"path_per_floor":["M","M","$","?","M","E","R","?","T","E","R","$","?","M","R","B",null,"M","?","T","M","?","R","M","R","T","R","M","R","M","M","R","B",null,"M","?","AVR","?","M","E","M","M","T","M","M","$","M","M","R","B",null,"R","$","E","B",null],"character_chosen":"RUNESMITH_CLASS","items_purchased":["Runesmith:LithiumIon","aspiration:Nostalgia","Runesmith:LithiumIon","Membership Card","Runesmith:Grindstone+1","Runesmith:LithiumIon","Runesmith:Firewall","Replay:Rubber Ducky","Runesmith:PoweredAnvil+1","Runesmith:Refine","Replay:Wax Seal","Runesmith:PoweredAnvil+1","Eternal Feather","Runesmith:Reinforce","Thread and Needle","Runesmith:Permafrost+1","Fruit Juice","AttackPotion","hubris:DuctTape"],"campfire_rested":4,"item_purchase_floors":[0,0,0,0,0,0,0,3,12,12,46,46,46,46,53,53,53,53,53],"current_hp_per_floor":[34,32,32,37,28,10,32,32,32,32,32,32,17,17,39,19,75,56,39,39,21,21,21,16,38,38,38,15,37,60,65,65,75,80,77,77,77,77,80,79,80,22,22,49,80,80,80,80,80,80,80,80,85,67,69],"gold":125,"neow_bonus":"","is_daily":false,"chose_seed":false,"campfire_upgraded":5,"win_rate":0.0,"timestamp":1611898584,"path_taken":["M","M","$","?","M","E","R","?","T","E","R","$","?","M","R","BOSS","M","?","?","M","?","R","?","R","T","R","M","R","M","M","R","BOSS","M","?","AVR","?","M","E","?","M","T","M","?","$","M","M","R","BOSS","R","$","E","BOSS"],"items_purchased_type":["Card","Relic","Card","Relic","Card","Card","Card","Relic","Card","Card","Relic","Card","Relic","Card","Relic","Card","Potion","Potion","Relic"],"build_version":"2020-12-22","purchased_purges":5,"victory":true,"max_hp_per_floor":[70,70,70,75,75,75,75,75,75,75,75,75,75,75,75,75,75,75,75,75,75,75,75,75,75,75,75,75,75,75,75,75,75,80,80,80,80,80,80,80,80,80,80,80,80,80,80,80,80,80,80,80,85,85,85],"card_choices":[{"not_picked":["Runesmith:HeatedChisel","Runesmith:HammerThrow"],"picked":"Runesmith:CraftObretio","floor":1.0},{"not_picked":["Runesmith:CraftMagma","Runesmith:CraftReservo"],"picked":"aspiration:UnbridledHammer","floor":2.0},{"not_picked":["Runesmith:Empowerment","Runesmith:Terraform"],"picked":"Runesmith:CraftMagma","floor":5.0},{"not_picked":["Runesmith:CraftProtectio","Runesmith:StaticCage"],"picked":"Runesmith:CreatorForm+1","floor":6.0},{"not_picked":["Runesmith:ShiftingStrike","Runesmith:CraftProtectio"],"picked":"Runesmith:Supernova","floor":10.0},{"not_picked":["Runesmith:HeatedChisel","Runesmith:ShiftingStrike","Runesmith:CraftIncendium"],"picked":"SKIP","floor":14.0},{"not_picked":["Runesmith:LastStand","Runesmith:FissionHammer"],"picked":"Runesmith:CraftMedicinae","floor":16.0},{"not_picked":["champ:Taunt","hexamod:Float"],"picked":"PokerPlayerMod:BadJoker","floor":17.0},{"not_picked":["Runesmith:CraftPrismatica","Runesmith:LastStand"],"picked":"Runesmith:Duplicate","floor":17.0},{"not_picked":["Survey Options","Panacea"],"picked":"Bandage Up","floor":17.0},{"not_picked":["infinitespire:Oblivion","infinitespire:Execution"],"picked":"infinitespire:Starlight","floor":17.0},{"not_picked":["Runesmith:HeatedChisel","Runesmith:CraftMagma","Runesmith:HammerThrow+1"],"picked":"SKIP","floor":18.0},{"not_picked":["infinitespire:DeathsTouch","infinitespire:UltimateForm"],"picked":"infinitespire:Starlight","floor":19.0},{"not_picked":["Runesmith:EnergizedChisel","Runesmith:HeatedChisel"],"picked":"Runesmith:BackupBattery","floor":21.0},{"not_picked":["Runesmith:Attraction+1","Runesmith:BackupBattery"],"picked":"Runesmith:ChaoticBlast","floor":24.0},{"not_picked":["Runesmith:UnstableHammer+1","Runesmith:Malloc"],"picked":"Runesmith:PoweredAnvil+1","floor":28.0},{"not_picked":["Runesmith:Superposition","Runesmith:HammerThrow"],"picked":"Runesmith:Grindstone+1","floor":30.0},{"not_picked":["Runesmith:Repurpose","Runesmith:ShiftingStrike+1"],"picked":"Runesmith:RunicBlueprint+1","floor":31.0},{"not_picked":["Runesmith:CraftPrismatica","Runesmith:GenerateForcefield"],"picked":"Runesmith:CraftIndustria","floor":33.0},{"not_picked":["Runesmith:UnstableHammer","Runesmith:Overpower"],"picked":"Runesmith:MakeshiftArmor+1","floor":34.0},{"not_picked":["Runesmith:StaticCage","Runesmith:FrozenChisel"],"picked":"Runesmith:BackupBattery","floor":35.0},{"not_picked":["Swift Strike","Mind Blast"],"picked":"ReplayTheSpireMod:Brewmster+1","floor":36.0},{"not_picked":["Runesmith:HeatExchange+1","Runesmith:Electrocute+1","Runesmith:HeatedChisel+1"],"picked":"SKIP","floor":39},{"not_picked":["Runesmith:Repurpose","Runesmith:EnergizedChisel+1"],"picked":"Runesmith:ArcReactor+1","floor":40},{"not_picked":["Runesmith:Attraction","Runesmith:StaticCage"],"picked":"Runesmith:Permafrost+1","floor":41},{"not_picked":["Runesmith:HeatedChisel","aspiration:UnbridledHammer+1","Runesmith:ChargedHammer"],"picked":"SKIP","floor":42},{"not_picked":["Runesmith:Empowerment+1","Runesmith:HammerThrow","Runesmith:ChargedHammer+1"],"picked":"SKIP","floor":44},{"not_picked":["Runesmith:Repurpose","Runesmith:EarthShield+1","Runesmith:UnstableHammer+1"],"picked":"SKIP","floor":45},{"not_picked":["Runesmith:Retool","Runesmith:EarthShield+1"],"picked":"Runesmith:CraftReservo","floor":47},{"not_picked":["Runesmith:UnstableHammer","Runesmith:Attraction","Runesmith:Prism+1"],"picked":"SKIP","floor":48},{"not_picked":["Runesmith:Repurpose","Runesmith:HeatedChisel","Runesmith:MakeshiftArmor+1"],"picked":"SKIP","floor":54}],"player_experience":384565,"relics_obtained":[{"floor":6.0,"key":"Frozen Egg 2"},{"floor":10.0,"key":"Whetstone"},{"floor":20.0,"key":"MawBank"},{"floor":26.0,"key":"Kunai"},{"floor":40,"key":"Grinning Jar"},{"floor":43,"key":"Replay:Bottled Snecko"},{"floor":54,"key":"Replay:Accelerometer"}],"event_choices":[{"damage_healed":0.0,"max_hp_gain":5.0,"max_hp_loss":0.0,"gold_gain":0.0,"event_name":"Big Fish","player_choice":"Donut","floor":4.0,"gold_loss":0.0,"damage_taken":0.0},{"cards_removed":["Runesmith:Defend_RS"],"damage_healed":0.0,"max_hp_gain":0.0,"max_hp_loss":0.0,"gold_gain":0.0,"event_name":"The Cleric","player_choice":"Card Removal","floor":8.0,"gold_loss":50.0,"damage_taken":0.0},{"damage_healed":0.0,"max_hp_gain":0.0,"max_hp_loss":0.0,"gold_gain":0.0,"event_name":"Shining Light","player_choice":"Entered Light","floor":13.0,"gold_loss":0.0,"damage_taken":15.0,"cards_upgraded":["Runesmith:Fortify","Runesmith:LithiumIon"]},{"damage_healed":0.0,"max_hp_gain":0.0,"max_hp_loss":0.0,"gold_gain":0.0,"event_name":"SensoryStone","player_choice":"Memory 1","floor":36.0,"gold_loss":0.0,"damage_taken":0.0},{"damage_healed":0,"gold_gain":0,"cards_transformed":["Runesmith:Defend_RS"],"player_choice":"Transformed","damage_taken":0,"max_hp_gain":0,"max_hp_loss":0,"event_name":"Transmorgrifier","floor":38,"gold_loss":0,"cards_obtained":["Runesmith:UnstableHammer"]}],"is_beta":false,"boss_relics":[{"not_picked":["Fusion Hammer","hubris:RunicObelisk"],"picked":"ReplayTheSpireMod:SealedPack"},{"not_picked":["Replay:Ancient Bell","Replay:Bronze Core"],"picked":"Tiny House"}],"items_purged_floors":[0,0,37,46,53],"is_endless":false,"potions_floor_spawned":[5,6,21,24,31,39,41,45,47,48,54],"ascension_level":0}}