{"host":"lxihx0b6awoz2w1j","time":1611932607,"event":{"mods":["Act Like it!","BaseMod","Better Third Choice","BetterRewards","CapriCore","Colored Powertips","Conspire","Downfall","Fox Events","Gensokyo","Hermit","Hubris","Infinite Spire","JesterMod","Luminous","Marisa????????","Melee Mod","Minty Spire (QoL Compilation)","Permanent Neow","Prisma Mod","Quick Restart","Relic Stats","Reliquary","Replay The Spire","Shade Mod","Spicy Shops","StSLib","Td1madao Mod","The Alterego","The Blue Laboratory","The Cursed","The Death Knight","The Disciple","The Forsaken","The Gatherer","The Immortal","The Jungle","The Marked","The Runesmith","The Senshi","The Servant 0.9.4","The Spell Scribe","Waifu the Spire"],"gold_per_floor":[118,129,160,160,55,55,88,100,204,232,23,23,23,43,43,143,220,236,236,248,248,17,43,43,120,120,135,135,130,130,130],"floor_reached":31,"language":"ENG","playtime":1306,"items_purged":[],"score":321,"play_id":"6d6f7b0d-e1bd-4977-8b2a-0489f1108e05","local_time":"20210129160327","is_ascension_mode":true,"campfire_choices":[{"floor":6.0,"key":"REST"},{"data":"alterego_mod:BigMeatyClaws","floor":12.0,"key":"SMITH"},{"floor":15.0,"key":"REST"},{"data":"alterego_mod:RidiculouslyBig","floor":27.0,"key":"SMITH"},{"data":"alterego_mod:PainIsPleasure","floor":29.0,"key":"SMITH"}],"circlet_count":0,"master_deck":["alterego_mod:Strike","alterego_mod:Strike","alterego_mod:Strike","alterego_mod:Strike","alterego_mod:Defend","alterego_mod:Defend","alterego_mod:Defend","alterego_mod:Defend","alterego_mod:Impale+1","alterego_mod:BigMeatyClaws+1","alterego_mod:BrynhildrsRune+1","alterego_mod:DiscoLights+1","alterego_mod:MagicResistance","alterego_mod:MagicResistance+1","alterego_mod:Rake","alterego_mod:SakuraFive","alterego_mod:GoddessCore","alterego_mod:Birthday","alterego_mod:Nekomimi+1","alterego_mod:Birthday","alterego_mod:GachaTicket","alterego_mod:SakuraFive+1","alterego_mod:Bounce","alterego_mod:PainIsPleasure+1","alterego_mod:Cushion","alterego_mod:DiscoLights+1","alterego_mod:RidiculouslyBig+1","alterego_mod:InsideBaseball","infinitespire:Oblivion","alterego_mod:Bounce+1","alterego_mod:BustOut"],"relics":["alterego_mod:MasochisticConstitution","infinitespire:EmpoweringShard","conspire:GiftBox","foxEvents:LuckyCharm","hubris:GlazedTorus","StoneCalendar","Replay:Baseball","Replay:Bottled Steam","hubris:64BitClover","Sozu","hubris:Towel","MealTicket","reliquary:Buckler","hubris:Teleporter","Incense Burner","Replay:Towering Pillar of Hats"],"acts_visited":["Exordium","TheCity"],"potions_floor_usage":[],"damage_taken":[{"damage":10.0,"enemies":"2 Louse","floor":1.0,"turns":6.0},{"damage":2.0,"enemies":"Jaw Worm","floor":2.0,"turns":3.0},{"damage":18.0,"enemies":"Colosseum Slavers","floor":3.0,"turns":5.0},{"damage":23.0,"enemies":"Lagavulin","floor":7.0,"turns":8.0},{"damage":0.0,"enemies":"Small Slimes","floor":8.0,"turns":3.0},{"damage":28.0,"enemies":"Gremlin Nob","floor":10.0,"turns":5.0},{"damage":6.0,"enemies":"Looter","floor":14.0,"turns":2.0},{"damage":22.0,"enemies":"Fading Forest","floor":16.0,"turns":11.0},{"damage":11.0,"enemies":"3 Byrds","floor":18.0,"turns":4.0},{"damage":17.0,"enemies":"2 Thieves","floor":20.0,"turns":6.0},{"damage":11.0,"enemies":"conspire:Head Lice","floor":23.0,"turns":7.0},{"damage":2.0,"enemies":"Sentry and Sphere","floor":28.0,"turns":5.0},{"damage":40.0,"enemies":"Book of Stabbing","floor":30.0,"turns":5.0},{"damage":12,"enemies":"Shelled Parasite and Fungi","floor":31,"turns":2}],"seed_played":"-3654418817774189332","potions_obtained":[{"floor":1.0,"key":"Dexterity Potion"},{"floor":10.0,"key":"blueLaboratory:BottleOfVodka"}],"is_trial":false,"path_per_floor":["M","M","?","?","$","R","E","M","T","E","$","R","?","M","R","B",null,"M","?","M","?","$","E","AVR","T","R","M","R","E","M"],"character_chosen":"The_Alterego","items_purchased":["alterego_mod:DiscoLights","alterego_mod:MagicResistance","infinitespire:EmpoweringShard","hubris:GlazedTorus","alterego_mod:Birthday","hubris:64BitClover","alterego_mod:SakuraFive+1","MealTicket","alterego_mod:RidiculouslyBig"],"campfire_rested":2,"item_purchase_floors":[0,0,0,5,5,11,11,22,22],"current_hp_per_floor":[54,53,43,43,43,64,51,67,67,51,51,51,51,48,70,53,77,78,55,43,43,43,65,65,65,65,75,75,62,50,50],"gold":130,"neow_bonus":"","is_daily":false,"chose_seed":false,"campfire_upgraded":3,"win_rate":0.0,"timestamp":1611932607,"path_taken":["M","M","?","?","?","R","E","M","T","E","$","R","?","M","R","BOSS","M","?","M","?","?","E","AVR","T","R","M","R","E","M"],"items_purchased_type":["Card","Card","Relic","Relic","Card","Relic","Card","Relic","Card"],"build_version":"2020-12-22","purchased_purges":0,"victory":false,"max_hp_per_floor":[71,72,73,73,73,73,74,74,74,75,75,75,75,76,76,77,77,78,78,79,79,79,80,80,80,80,81,81,82,82,82],"relic_stats":{"Sozu":3,"counters":[14,72],"StoneCalendar":[52],"MealTicket":0,"obtain_stats":[{"alterego_mod:MasochisticConstitution":0,"hubris:Teleporter":24,"Replay:Towering Pillar of Hats":30,"hubris:64BitClover":11,"StoneCalendar":7,"Incense Burner":26,"hubris:Towel":21,"Sozu":17,"conspire:GiftBox":0,"Replay:Baseball":9,"MealTicket":22,"reliquary:Buckler":23,"infinitespire:EmpoweringShard":0,"foxEvents:LuckyCharm":3,"hubris:GlazedTorus":5,"Replay:Bottled Steam":10},{"alterego_mod:MasochisticConstitution":0,"hubris:Teleporter":11,"Replay:Towering Pillar of Hats":13,"hubris:64BitClover":6,"StoneCalendar":4,"Incense Burner":11,"hubris:Towel":10,"Sozu":8,"conspire:GiftBox":0,"Replay:Baseball":5,"MealTicket":10,"reliquary:Buckler":11,"infinitespire:EmpoweringShard":0,"foxEvents:LuckyCharm":3,"hubris:GlazedTorus":3,"Replay:Bottled Steam":6},{"alterego_mod:MasochisticConstitution":0,"hubris:Teleporter":60,"Replay:Towering Pillar of Hats":70,"hubris:64BitClover":30,"StoneCalendar":22,"Incense Burner":60,"hubris:Towel":53,"Sozu":43,"conspire:GiftBox":0,"Replay:Baseball":25,"MealTicket":53,"reliquary:Buckler":60,"infinitespire:EmpoweringShard":0,"foxEvents:LuckyCharm":14,"hubris:GlazedTorus":14,"Replay:Bottled Steam":30}]},"card_choices":[{"not_picked":["alterego_mod:ClassAdvantage","alterego_mod:Venus"],"picked":"alterego_mod:Rake","floor":0.0},{"not_picked":["alterego_mod:TrashNCrash","alterego_mod:Complex"],"picked":"alterego_mod:SakuraFive","floor":1.0},{"not_picked":["alterego_mod:DiscoLights","alterego_mod:Rip"],"picked":"alterego_mod:GoddessCore","floor":2.0},{"not_picked":["alterego_mod:Bunnysuit","alterego_mod:PainIsPleasure"],"picked":"alterego_mod:Nekomimi","floor":7.0},{"not_picked":["alterego_mod:MagicResistance","alterego_mod:Rip"],"picked":"alterego_mod:Birthday","floor":8.0},{"not_picked":["alterego_mod:Bunnysuit","alterego_mod:Support"],"picked":"alterego_mod:GachaTicket","floor":10.0},{"not_picked":["alterego_mod:DeftHands","alterego_mod:BusterCard"],"picked":"alterego_mod:Bounce","floor":14.0},{"not_picked":["alterego_mod:Venus","alterego_mod:Valkyrie"],"picked":"alterego_mod:PainIsPleasure","floor":16.0},{"not_picked":["alterego_mod:Punishment+1","alterego_mod:HighServant"],"picked":"alterego_mod:Cushion","floor":18.0},{"not_picked":["alterego_mod:Complex","alterego_mod:BoobPocket+1"],"picked":"alterego_mod:DiscoLights","floor":20.0},{"not_picked":["alterego_mod:Cycle","alterego_mod:Bunnysuit"],"picked":"alterego_mod:InsideBaseball","floor":23.0},{"not_picked":["alterego_mod:Skirt","alterego_mod:SuperDuperMasochism+1"],"picked":"alterego_mod:Bounce+1","floor":28.0},{"not_picked":["alterego_mod:PresenceConcealment","alterego_mod:BoobPocket"],"picked":"alterego_mod:BustOut","floor":30.0}],"player_experience":687844,"relics_obtained":[{"floor":3.0,"key":"foxEvents:LuckyCharm"},{"floor":7.0,"key":"StoneCalendar"},{"floor":9.0,"key":"Replay:Baseball"},{"floor":10.0,"key":"Replay:Bottled Steam"},{"floor":23.0,"key":"reliquary:Buckler"},{"floor":26.0,"key":"Incense Burner"},{"floor":30.0,"key":"Replay:Towering Pillar of Hats"}],"event_choices":[],"is_beta":false,"boss_relics":[{"not_picked":["reliquary:RedPaperclip","reliquary:Ember"],"picked":"Sozu"}],"items_purged_floors":[],"is_endless":false,"potions_floor_spawned":[1,10,14,16,20,28,30],"killed_by":"Shelled Parasite and Fungi","ascension_level":3}}