{"host":"v3mpq6flurzldi5g","time":1611940002,"event":{"mods":["AchievementEnabler","BaseMod","Colored Powertips","Highlight Path","Minty Spire (QoL Compilation)","StSLib"],"gold_per_floor":[109,109,123,142,142,142,171,171,171,187,205,217,1,17,17,94,94,109,109,109,125,136,136,136],"floor_reached":23,"language":"ENG","playtime":1897,"items_purged":[],"score":322,"play_id":"cd388a24-2035-45e9-81c9-716cbf5cd79b","local_time":"20210129120642","is_ascension_mode":true,"campfire_choices":[{"data":"Defend_G","floor":6,"key":"SMITH"},{"data":"Footwork","floor":8,"key":"SMITH"},{"floor":15,"key":"REST"}],"circlet_count":0,"master_deck":["AscendersBane","Strike_G","Strike_G","Strike_G","Strike_G","Strike_G","Defend_G","Defend_G","Defend_G","Defend_G","Defend_G+1","Survivor","Neutralize+1","Well Laid Plans","Slice","Footwork+1","PiercingWail","Deadly Poison","Caltrops","Dash","Phantasmal Killer","Dagger Spray+1","Backstab"],"relics":["Ring of the Snake","Ancient Tea Set","Eternal Feather","Anchor","Calipers","TwistedFunnel","Philosopher\u0027s Stone"],"acts_visited":["Exordium","TheCity"],"potions_floor_usage":[7,16,23,23],"damage_taken":[{"damage":3,"enemies":"Small Slimes","floor":1,"turns":5},{"damage":5,"enemies":"Cultist","floor":3,"turns":5},{"damage":0,"enemies":"Jaw Worm","floor":4,"turns":7},{"damage":15,"enemies":"Gremlin Nob","floor":7,"turns":4},{"damage":7,"enemies":"3 Louse","floor":10,"turns":4},{"damage":4,"enemies":"Exordium Wildlife","floor":11,"turns":4},{"damage":4,"enemies":"2 Fungi Beasts","floor":12,"turns":5},{"damage":8,"enemies":"Looter","floor":14,"turns":3},{"damage":14,"enemies":"The Guardian","floor":16,"turns":10},{"damage":0,"enemies":"Chosen","floor":18,"turns":5},{"damage":1,"enemies":"Shell Parasite","floor":21,"turns":5},{"damage":10,"enemies":"Snecko","floor":22,"turns":7},{"damage":73,"enemies":"Slavers","floor":23,"turns":4}],"seed_played":"-7539956209446034430","potions_obtained":[{"floor":1,"key":"LiquidMemories"},{"floor":4,"key":"SkillPotion"},{"floor":11,"key":"Ancient Potion"},{"floor":14,"key":"PowerPotion"},{"floor":22,"key":"Regen Potion"}],"is_trial":false,"path_per_floor":["M","?","M","M","?","R","E","R","T","M","M","M","$","M","R","B",null,"M","?","?","M","M","E"],"character_chosen":"THE_SILENT","items_purchased":["TwistedFunnel","Caltrops"],"campfire_rested":1,"item_purchase_floors":[13,13],"current_hp_per_floor":[60,60,55,55,55,64,49,58,58,51,47,43,43,35,68,54,66,66,66,66,65,55,0,0],"gold":136,"neow_bonus":"RANDOM_COMMON_RELIC","is_daily":false,"chose_seed":false,"campfire_upgraded":2,"win_rate":0.0,"timestamp":1611940002,"path_taken":["M","?","M","?","?","R","E","R","T","?","M","M","$","M","R","BOSS","M","?","?","M","M","E"],"items_purchased_type":["Relic","Card"],"build_version":"2020-12-22","purchased_purges":0,"victory":false,"max_hp_per_floor":[70,70,70,70,70,70,70,70,70,70,70,70,70,70,70,70,70,70,70,70,70,70,70,70],"card_choices":[{"not_picked":["Flechettes","Dodge and Roll","Outmaneuver"],"picked":"SKIP","floor":1},{"not_picked":["Outmaneuver","Calculated Gamble"],"picked":"Well Laid Plans","floor":3},{"not_picked":["Skewer","Catalyst"],"picked":"Slice","floor":4},{"not_picked":["Backflip","Expertise"],"picked":"Footwork","floor":7},{"not_picked":["Poisoned Stab","Flying Knee"],"picked":"PiercingWail","floor":10},{"not_picked":["Well Laid Plans","PiercingWail"],"picked":"Deadly Poison","floor":11},{"not_picked":["Distraction","Flechettes","Reflex"],"picked":"SKIP","floor":12},{"not_picked":["Distraction","Burst"],"picked":"Dash","floor":14},{"not_picked":["A Thousand Cuts","Malaise"],"picked":"Phantasmal Killer","floor":16},{"not_picked":["Prepared","Endless Agony"],"picked":"Dagger Spray+1","floor":18},{"not_picked":["Dagger Throw","Dodge and Roll","Underhanded Strike"],"picked":"SKIP","floor":21},{"not_picked":["Outmaneuver","Expertise","Skewer"],"picked":"SKIP","floor":22}],"player_experience":1095211,"relics_obtained":[{"floor":7,"key":"Anchor"},{"floor":9,"key":"Calipers"}],"event_choices":[{"damage_healed":0,"gold_gain":0,"player_choice":"Gave Potion","damage_taken":0,"relics_obtained":["Eternal Feather"],"max_hp_gain":0,"max_hp_loss":0,"event_name":"WeMeetAgain","floor":2,"gold_loss":0},{"damage_healed":0,"gold_gain":0,"player_choice":"Upgraded","damage_taken":0,"max_hp_gain":0,"max_hp_loss":0,"event_name":"Upgrade Shrine","floor":5,"gold_loss":0,"cards_upgraded":["Neutralize"]},{"damage_healed":0,"gold_gain":0,"player_choice":"Ignored","damage_taken":0,"max_hp_gain":0,"max_hp_loss":0,"event_name":"Ghosts","floor":19,"gold_loss":0},{"damage_healed":0,"gold_gain":0,"player_choice":"Read","damage_taken":0,"max_hp_gain":0,"max_hp_loss":0,"event_name":"The Library","floor":20,"gold_loss":0,"cards_obtained":["Backstab"]}],"is_beta":false,"boss_relics":[{"not_picked":["Ectoplasm","HoveringKite"],"picked":"Philosopher\u0027s Stone"}],"items_purged_floors":[],"is_endless":false,"potions_floor_spawned":[1,4,11,14,22],"killed_by":"Slavers","ascension_level":13}}