{"host":"52m1o8iwwagurbjs","time":1611956802,"event":{"mods":["AchievementEnabler","BaseMod","Bestiary","Colored Powertips","GifTheSpireLib","Minty Spire (QoL Compilation)","Quick Restart","RNG Fix","Relic Stats","StSLib"],"gold_per_floor":[110,121,133,8,22,56,56,90,90,90,90,110,136,162,162,271,271,283,301,321,330,350,350,379,379,379,379,379,379],"floor_reached":28,"language":"ENG","playtime":1633,"items_purged":[],"score":322,"play_id":"436aa34f-fcc9-429e-a562-87b1ec8adb01","local_time":"20210129164642","is_ascension_mode":true,"campfire_choices":[{"data":"Coolheaded","floor":7.0,"key":"SMITH"},{"data":"Fission","floor":10.0,"key":"SMITH"},{"data":"Zap","floor":15.0,"key":"SMITH"},{"data":"Gash","floor":23.0,"key":"SMITH"},{"floor":25.0,"key":"REST"},{"data":"Buffer","floor":27.0,"key":"SMITH"}],"circlet_count":0,"master_deck":["Strike_B+1","Strike_B","Defend_B","Defend_B","Defend_B","Defend_B","Zap+1","Dualcast","Ball Lightning","Leap","Coolheaded+1","Glacier","Sweeping Beam+1","Fission+1","Cold Snap","Buffer+1","Sweeping Beam","Gash+1","Necronomicurse"],"relics":["Cracked Core","NeowsBlessing","Mango","CeramicFish","Symbiotic Virus","Whetstone","Inserter","Necronomicon","Toy Ornithopter","Pantograph"],"acts_visited":["Exordium","TheCity"],"potions_floor_usage":[],"damage_taken":[{"damage":0.0,"enemies":"Cultist","floor":1.0,"turns":1.0},{"damage":0.0,"enemies":"Small Slimes","floor":2.0,"turns":1.0},{"damage":0.0,"enemies":"2 Louse","floor":3.0,"turns":1.0},{"damage":0.0,"enemies":"Blue Slaver","floor":5.0,"turns":4.0},{"damage":0.0,"enemies":"Lagavulin","floor":6.0,"turns":7.0},{"damage":11.0,"enemies":"3 Sentries","floor":8.0,"turns":9.0},{"damage":9.0,"enemies":"Exordium Wildlife","floor":12.0,"turns":4.0},{"damage":3.0,"enemies":"Looter","floor":13.0,"turns":3.0},{"damage":4.0,"enemies":"Lagavulin","floor":14.0,"turns":8.0},{"damage":34.0,"enemies":"Hexaghost","floor":16.0,"turns":12.0},{"damage":0.0,"enemies":"Spheric Guardian","floor":18.0,"turns":3.0},{"damage":0.0,"enemies":"Chosen","floor":20.0,"turns":4.0},{"damage":8.0,"enemies":"Centurion and Healer","floor":22.0,"turns":10.0},{"damage":40.0,"enemies":"Gremlin Leader","floor":24.0,"turns":8.0},{"damage":0,"enemies":"Shelled Parasite and Fungi","floor":28,"turns":1}],"seed_played":"7009172950684187337","potions_obtained":[{"floor":1.0,"key":"ColorlessPotion"},{"floor":6.0,"key":"BlessingOfTheForge"},{"floor":12.0,"key":"Block Potion"},{"floor":13.0,"key":"SneckoOil"}],"is_trial":false,"path_per_floor":["M","M","M","$","M","E","R","E","T","R","?","M","M","E","R","B",null,"M","?","M","?","M","R","E","R","T","R","M"],"character_chosen":"DEFECT","items_purchased":["PowerPotion","Ancient Potion"],"campfire_rested":1,"item_purchase_floors":[4,4],"current_hp_per_floor":[75,75,75,75,75,89,89,78,78,78,83,74,71,67,67,33,94,94,94,94,78,70,70,30,58,58,58,58,58],"gold":379,"neow_bonus":"THREE_ENEMY_KILL","is_daily":false,"chose_seed":false,"campfire_upgraded":5,"win_rate":0.0,"timestamp":1611956802,"path_taken":["M","?","?","$","?","E","R","E","T","R","?","M","M","E","R","BOSS","M","?","?","?","M","R","E","R","T","R","M"],"items_purchased_type":["Potion","Potion"],"build_version":"2020-12-22","purchased_purges":0,"victory":false,"max_hp_per_floor":[75,75,75,75,75,89,89,89,89,89,94,94,94,94,94,94,94,94,94,94,94,94,94,94,94,94,94,94,94],"relic_stats":{"Inserter":[13],"counters":[15,75],"CeramicFish":54,"Pantograph":0,"Necronomicon":[1],"Whetstone":["Strike_B","Sweeping Beam"],"obtain_stats":[{"Inserter":17,"NeowsBlessing":0,"CeramicFish":8,"Pantograph":26,"Mango":6,"Necronomicon":21,"Whetstone":14,"Cracked Core":0,"Symbiotic Virus":9,"Toy Ornithopter":24},{"Inserter":10,"NeowsBlessing":0,"CeramicFish":6,"Pantograph":14,"Mango":5,"Necronomicon":12,"Whetstone":9,"Cracked Core":0,"Symbiotic Virus":6,"Toy Ornithopter":14},{"Inserter":50,"NeowsBlessing":0,"CeramicFish":23,"Pantograph":75,"Mango":14,"Necronomicon":57,"Whetstone":38,"Cracked Core":0,"Symbiotic Virus":23,"Toy Ornithopter":75}],"Toy Ornithopter":0},"card_choices":[{"not_picked":["Chill","Gash"],"picked":"Ball Lightning","floor":1.0},{"not_picked":["Fusion","Streamline"],"picked":"Leap","floor":2.0},{"not_picked":["Storm","Recycle"],"picked":"Coolheaded","floor":3.0},{"not_picked":["Gash","Heatsinks"],"picked":"Glacier","floor":5.0},{"not_picked":["Streamline","Self Repair"],"picked":"Sweeping Beam","floor":6.0},{"not_picked":["Go for the Eyes","Glacier"],"picked":"Fission","floor":8.0},{"not_picked":["Lockon","Sweeping Beam","Rebound"],"picked":"SKIP","floor":12.0},{"not_picked":["Beam Cell","BootSequence"],"picked":"Cold Snap","floor":13.0},{"not_picked":["Fusion","Fission","Beam Cell"],"picked":"SKIP","floor":14.0},{"not_picked":["Machine Learning","Meteor Strike"],"picked":"Buffer","floor":16.0},{"not_picked":["Streamline","Redo","Hologram"],"picked":"SKIP","floor":18.0},{"not_picked":["Static Discharge","Machine Learning","Gash+1"],"picked":"SKIP","floor":20.0},{"not_picked":["Static Discharge","Machine Learning","Gash+1"],"picked":"SKIP","floor":20.0},{"not_picked":["Stack+1","Leap","Hologram"],"picked":"SKIP","floor":22.0},{"not_picked":["Cold Snap","Barrage","Sweeping Beam+1"],"picked":"SKIP","floor":24.0}],"player_experience":1244444,"relics_obtained":[{"floor":6.0,"key":"Mango"},{"floor":8.0,"key":"CeramicFish"},{"floor":9.0,"key":"Symbiotic Virus"},{"floor":14.0,"key":"Whetstone"},{"floor":21.0,"key":"Necronomicon"},{"floor":24.0,"key":"Toy Ornithopter"},{"floor":26.0,"key":"Pantograph"}],"event_choices":[{"damage_healed":0.0,"max_hp_gain":5.0,"max_hp_loss":0.0,"gold_gain":0.0,"event_name":"Big Fish","player_choice":"Donut","floor":11.0,"gold_loss":0.0,"damage_taken":0.0},{"damage_healed":0.0,"max_hp_gain":0.0,"max_hp_loss":0.0,"gold_gain":0.0,"cards_transformed":["Strike_B","Strike_B"],"event_name":"Drug Dealer","player_choice":"Became Test Subject","floor":19.0,"gold_loss":0.0,"damage_taken":0.0,"cards_obtained":["Sweeping Beam","Gash"]},{"damage_healed":0.0,"max_hp_gain":0.0,"max_hp_loss":0.0,"gold_gain":0.0,"event_name":"Cursed Tome","player_choice":"Obtained Book","floor":21.0,"gold_loss":0.0,"damage_taken":16.0}],"is_beta":false,"boss_relics":[{"not_picked":["Runic Dome","Tiny House"],"picked":"Inserter"}],"items_purged_floors":[],"is_endless":false,"potions_floor_spawned":[1,6,12,13,14,20,22],"killed_by":"Shelled Parasite and Fungi","ascension_level":1}}