{"host":"w2kjv12xyhtt0cv2","time":1611935865,"event":{"mods":["Act Like it!","BaseMod","Colored Map","Friendly Minions","Gensokyo","GifTheSpireLib","Highlight Path","Hubris","Kiyohime（清姬）","Marisa（F雨　魔理沙）","Minty Spire (QoL Compilation)","Quick Restart","Reimu（博丽灵梦）","Relic Stats","Replay The Spire","RumiaBox-露米娅的神秘盒子","Shop Mod","Spicy Shops","StSLib","The Cursed","The Servant 0.9.4","UnlockEverythingMod","Waifu the Spire","[功能]功能增强和修复MOD","vexMod","【功能Mod】Neow奖励","【遗物卡牌】REMEMod","没有小屋子和绿帽子啦"],"gold_per_floor":[112,112,112,40,140,167,167,192,192,227,244,274,274,134,134,232,232,245,48,48,88,99,126,126,126],"floor_reached":24,"language":"ZHS","playtime":1223,"items_purged":["TheCursedMod:Defend_TheCursed"],"score":365,"play_id":"879e4cda-9c90-4bdd-9a61-e929b0e5abe1","local_time":"20210129235745","is_ascension_mode":true,"campfire_choices":[{"data":"Limit Break","floor":13.0,"key":"SMITH"},{"data":"TheCursedMod:OutForBlood","floor":15.0,"key":"SMITH"}],"circlet_count":0,"master_deck":["AscendersBane","TheCursedMod:Strike_TheCursed","TheCursedMod:Strike_TheCursed","TheCursedMod:Strike_TheCursed","TheCursedMod:Strike_TheCursed","TheCursedMod:CleanUpWorkshop","TheCursedMod:Dregs","Limit Break+1","TheCursedMod:CollectTribute","TheCursedMod:FuryStrike","TheCursedMod:CursedSpellbook","TheCursedMod:OutForBlood+1","TheCursedMod:SpitefulPlan","TheCursedMod:ShockAndAwe","TheCursedMod:RapidMovement+1","TheCursedMod:CircleOfBlood","TheCursedMod:CursedSpellbook+1"],"relics":["TheCursedMod:BlackMagic101","REME_ComplimentaryCards","NeowsBlessing","Strawberry","Gensokyo:Mercy","Ginger","Bronze Scales","Meat on the Bone","Dead Branch","Regal Pillow","Torii","Replay:Drink Me","Bag of Marbles","TheCursedMod:DemonicMark","Bottled Tornado","Happy Flower"],"acts_visited":["Gensokyo:Gensokyo","Gensokyo:Gensokyoer"],"potions_floor_usage":[23,23],"damage_taken":[{"damage":0.0,"enemies":"Gensokyo:2_Kodama","floor":1.0,"turns":2.0},{"damage":2.0,"enemies":"Gensokyo:Mamizou","floor":6.0,"turns":3.0},{"damage":0.0,"enemies":"Gensokyo:Aya","floor":8.0,"turns":1.0},{"damage":6.0,"enemies":"Gensokyo:Cirno","floor":10.0,"turns":5.0},{"damage":0.0,"enemies":"Gensokyo:3_Fairies","floor":11.0,"turns":4.0},{"damage":7.0,"enemies":"Gensokyo:Aya","floor":12.0,"turns":3.0},{"damage":16.0,"enemies":"Gensokyo:Yukari","floor":16.0,"turns":6.0},{"damage":32.0,"enemies":"Gensokyo:3_Dogs","floor":18.0,"turns":5.0},{"damage":19,"enemies":"Gensokyo:CosmicMonolith","floor":22,"turns":3},{"damage":34,"enemies":"Gensokyo:Tenshi","floor":23,"turns":4},{"damage":23,"enemies":"Gensokyo:Slime_Group","floor":24,"turns":1}],"seed_played":"-2601882449674663898","potions_obtained":[{"floor":1.0,"key":"Toxic Potion"},{"floor":8.0,"key":"AttackPotion"},{"floor":10.0,"key":"SpeedPotion"},{"floor":12.0,"key":"DistilledChaos"},{"floor":16.0,"key":"Regen Potion"},{"floor":22,"key":"Adrenaline Potion"}],"is_trial":false,"path_per_floor":["M","?","?","$","?","E","?","E","T","E","M","E","R","?","R","B",null,"M","$","T","?","M","E","M"],"character_chosen":"THE_CURSED","items_purchased":["TheCursedMod:CollectTribute","Bag of Marbles"],"campfire_rested":0,"item_purchase_floors":[4,19],"current_hp_per_floor":[68,65,65,65,65,63,63,63,63,57,57,50,50,50,50,46,58,38,38,38,23,28,23,0,0],"gold":126,"neow_bonus":"THREE_ENEMY_KILL","is_daily":false,"chose_seed":false,"campfire_upgraded":2,"win_rate":0.0,"timestamp":1611935865,"path_taken":["M","?","?","$","?","E","?","E","T","E","M","E","R","?","R","BOSS","M","$","?","?","?","E","M"],"items_purchased_type":["Card","Relic"],"build_version":"2020-12-22","purchased_purges":1,"victory":false,"max_hp_per_floor":[75,82,82,82,82,82,82,82,82,82,82,82,82,82,82,82,62,62,62,62,62,62,62,62,62],"relic_stats":{"Regal Pillow":0,"Torii":11,"Happy Flower":[0],"counters":[11,37],"Bronze Scales":[93],"Dead Branch":[30],"Ginger":[5],"obtain_stats":[{"TheCursedMod:BlackMagic101":0,"Regal Pillow":12,"NeowsBlessing":0,"Torii":14,"Happy Flower":23,"Dead Branch":10,"Ginger":6,"Bottled Tornado":21,"TheCursedMod:DemonicMark":20,"Gensokyo:Mercy":3,"Strawberry":2,"Bronze Scales":8,"Bag of Marbles":19,"Replay:Drink Me":17,"REME_ComplimentaryCards":0,"Meat on the Bone":9},{"TheCursedMod:BlackMagic101":0,"Regal Pillow":6,"NeowsBlessing":0,"Torii":6,"Happy Flower":10,"Dead Branch":4,"Ginger":2,"Bottled Tornado":8,"TheCursedMod:DemonicMark":8,"Gensokyo:Mercy":1,"Strawberry":1,"Bronze Scales":3,"Bag of Marbles":8,"Replay:Drink Me":7,"REME_ComplimentaryCards":0,"Meat on the Bone":3},{"TheCursedMod:BlackMagic101":0,"Regal Pillow":18,"NeowsBlessing":0,"Torii":18,"Happy Flower":36,"Dead Branch":11,"Ginger":5,"Bottled Tornado":29,"TheCursedMod:DemonicMark":29,"Gensokyo:Mercy":2,"Strawberry":2,"Bronze Scales":6,"Bag of Marbles":29,"Replay:Drink Me":24,"REME_ComplimentaryCards":0,"Meat on the Bone":6}],"Meat on the Bone":48},"card_choices":[{"not_picked":["TheCursedMod:TacticalStrike","TheCursedMod:BlessingInDisguise","TheCursedMod:Stigma"],"picked":"SKIP","floor":1.0},{"not_picked":["TheCursedMod:SpitefulPray","TheCursedMod:VitalStrike"],"picked":"TheCursedMod:FuryStrike","floor":6.0},{"not_picked":["TheCursedMod:UltimatePain","TheCursedMod:CursedBlade"],"picked":"TheCursedMod:CursedSpellbook","floor":8.0},{"not_picked":["TheCursedMod:WearCloak","TheCursedMod:Hemoplague"],"picked":"TheCursedMod:OutForBlood","floor":10.0},{"not_picked":["TheCursedMod:FleshFromBone","TheCursedMod:RavingStaff","TheCursedMod:SurpriseAttack"],"picked":"SKIP","floor":11.0},{"not_picked":["TheCursedMod:SmokeScreen","TheCursedMod:CursedMace"],"picked":"TheCursedMod:SpitefulPlan","floor":12.0},{"not_picked":["TheCursedMod:OutForBlood","TheCursedMod:DemonicPact"],"picked":"TheCursedMod:ShockAndAwe","floor":16.0},{"not_picked":["TheCursedMod:TacticalStrike","TheCursedMod:CursedAmulet","TheCursedMod:CircleOfCorruption"],"picked":"SKIP","floor":18.0},{"not_picked":["TheCursedMod:Grudge","TheCursedMod:CursedAmulet"],"picked":"TheCursedMod:RapidMovement+1","floor":21},{"not_picked":["TheCursedMod:CircleOfCorruption","TheCursedMod:WearCloak+1"],"picked":"TheCursedMod:CircleOfBlood","floor":21},{"not_picked":["TheCursedMod:CursedShiv","TheCursedMod:FuryStrike","TheCursedMod:Torture"],"picked":"SKIP","floor":22},{"not_picked":["TheCursedMod:CursedBlade","TheCursedMod:DemonicPact"],"picked":"TheCursedMod:CursedSpellbook+1","floor":23}],"player_experience":248986,"relics_obtained":[{"floor":6.0,"key":"Ginger"},{"floor":8.0,"key":"Bronze Scales"},{"floor":9.0,"key":"Meat on the Bone"},{"floor":10.0,"key":"Dead Branch"},{"floor":12.0,"key":"Regal Pillow"},{"floor":20.0,"key":"TheCursedMod:DemonicMark"},{"floor":21,"key":"Bottled Tornado"},{"floor":23,"key":"Happy Flower"}],"event_choices":[],"is_beta":false,"boss_relics":[{"not_picked":["EasyGame_NEW","Sozu"],"picked":"Replay:Drink Me"}],"items_purged_floors":[19],"is_endless":false,"potions_floor_spawned":[1,8,10,12,16,22],"killed_by":"Gensokyo:Slime_Group","ascension_level":10}}