{"host":"80ojs5zx0tu8i1zz","time":1611886294,"event":{"mods":["AchievementEnabler","Arknights The Spire","Aspiration","BaseMod","Better Altar","Better Match","Better Note","Better Sensory Stone","Better Skull","Better Third Choice","ChefMod","Colored Map","Colored Powertips","Hermit","Hubris","Infinite Spire","Jorbs\u0027s Wanderer Trilogy","Minty Spire (QoL Compilation)","Replay The Spire","Shade Mod","Shop Mod","StSLib","The Dragon Tamer","The Hayseed","The Hierophant","The Marked"],"gold_per_floor":[110,110,110,110,185,185,205,248,275,310,310,310,310],"floor_reached":12,"language":"ENG","playtime":552,"items_purged":[],"score":109,"play_id":"8381aec3-f250-4194-bf86-533b227a509f","local_time":"20210129041134","is_ascension_mode":false,"campfire_choices":[{"data":"Pot Of Greed","floor":6,"key":"SMITH"}],"circlet_count":0,"master_deck":["Shade:Strike_Shade","Shade:Strike_Shade","Shade:Strike_Shade","Shade:Strike_Shade","Shade:Defend_Shade+1","Shade:Defend_Shade","Shade:Defend_Shade","Shade:Defend_Shade","Shade:AnimateDead","Shade:CarefulCut","Shade:WallOfFlesh","Pot Of Greed","Dash","Pot Of Greed+1","Injury","Shade:Brains","Shade:Haruspicy","Shade:Trample","TheSimpletonMod:Gnats"],"relics":["Shade:YorickSkull","NeowsBlessing","Grinning Jar","Golden Idol","Strawberry","ReplayTheSpireMod:Shallot","Bottled Lightning"],"acts_visited":["Exordium"],"potions_floor_usage":[],"damage_taken":[{"damage":0,"enemies":"Jaw Worm","floor":1,"turns":1},{"damage":0,"enemies":"2 Louse","floor":7,"turns":1},{"damage":0,"enemies":"3 Sentries","floor":8,"turns":1},{"damage":8,"enemies":"Replay:BlueRogue","floor":10,"turns":10},{"damage":54,"enemies":"Gremlin Nob","floor":12,"turns":6}],"seed_played":"-3814744935233476002","potions_obtained":[{"floor":7,"key":"Weak Potion"},{"floor":8,"key":"FearPotion"},{"floor":10,"key":"Weak Potion"}],"is_trial":false,"path_per_floor":["M","?","?","?","?","R","M","E","T","E","?","E"],"character_chosen":"SHADE","items_purchased":[],"campfire_rested":0,"item_purchase_floors":[],"current_hp_per_floor":[65,65,53,53,42,42,42,49,49,41,41,0,0],"gold":310,"neow_bonus":"THREE_ENEMY_KILL","is_daily":false,"chose_seed":false,"campfire_upgraded":1,"win_rate":0.0,"timestamp":1611886294,"path_taken":["M","?","?","?","?","R","M","E","T","E","?","E"],"items_purchased_type":[],"build_version":"2020-12-22","purchased_purges":0,"victory":false,"max_hp_per_floor":[65,65,65,65,65,65,65,72,72,72,72,72,72],"card_choices":[{"not_picked":["Shade:Premonition","Shade:Haruspicy"],"picked":"Shade:WallOfFlesh","floor":1},{"not_picked":["Shade:CallWraith","Shade:Tombstone"],"picked":"Shade:Brains","floor":7},{"not_picked":["Shade:BoneShards","Shade:RitualOffering"],"picked":"Shade:Haruspicy","floor":8},{"not_picked":["Shade:Premonition","Shade:Frenzy"],"picked":"Shade:Trample","floor":10}],"player_experience":220259,"relics_obtained":[{"floor":8,"key":"Strawberry"},{"floor":10,"key":"ReplayTheSpireMod:Shallot"}],"event_choices":[{"damage_healed":0,"gold_gain":0,"player_choice":"Take Wound","damage_taken":0,"relics_obtained":["Golden Idol"],"max_hp_gain":0,"max_hp_loss":0,"event_name":"Golden Idol","floor":4,"gold_loss":0,"cards_obtained":["Injury"]},{"damage_healed":0,"gold_gain":75,"player_choice":"Gold","damage_taken":11,"max_hp_gain":0,"max_hp_loss":0,"event_name":"betterThird:BetterGoop","floor":5,"gold_loss":0}],"is_beta":false,"boss_relics":[],"items_purged_floors":[],"is_endless":false,"potions_floor_spawned":[7,8,10],"killed_by":"Gremlin Nob","ascension_level":0}}