{"host":"vyiqbz5w606ur92t","time":1611950588,"event":{"mods":["BaseMod","Downfall","Minty Spire (QoL Compilation)","StSLib"],"gold_per_floor":[99,110,130,130,40,74,74,86,86,106,137,147,158,172,182,280,280,180,198,108,118,118,118,118,47,47,74,74,103,103,203,213,312,312,112,127,177,227,293,74,74,92,92,122,132,148,181,241,261,261,261,291,142,142,142,142],"floor_reached":57,"language":"ENG","playtime":10124,"items_purged":["Shame","Pain","bronze:Defend"],"score":1497,"play_id":"d1006370-e8ef-47c8-9086-659ff70f80de","local_time":"20210129200308","is_ascension_mode":true,"campfire_choices":[{"floor":1,"key":"RECALL"},{"data":"bronze:Philosophize","floor":9,"key":"SMITH"},{"data":"bronze:BugBarrage","floor":18,"key":"SMITH"},{"data":"bronze:Goto","floor":23,"key":"SMITH"},{"floor":26,"key":"REST"},{"data":"bronze:FindAndReplace","floor":35,"key":"SMITH"},{"data":"bronze:ItsAFeature","floor":43,"key":"SMITH"},{"data":"bronze:HardenedForm","floor":54,"key":"SMITH"}],"circlet_count":0,"master_deck":["bronze:Defend","bronze:Defend","bronze:Defend","bronze:Replicate","bronze:Goto+1","bronze:WildBeam","bronze:BugBarrage+1","bronze:BronzeArmor","bronze:InfiniteBeams","bronze:Philosophize+1","bronze:FineTuning","bronze:CloningBeam","bronze:Turbo","bronze:Shield","bronze:BurnOut","bronze:Constructor","bronze:BuggyMess","bronze:Separator","bronze:Assembly","bronze:ShipIt","bronze:GetLatest","bronze:BitShift","bronze:MaxOutput","bronze:Iterate+1","bronze:Fortify","bronze:BuggyMess+1","Ghostly","Ghostly","Ghostly","Ghostly","Ghostly","bronze:Terminator","bronze:Return","bronze:ItsAFeature+1","bronze:FindAndReplace+1","bronze:Assembly","bronze:ForLoop+1","bronze:Terminator+1","bronze:HardenedForm+1","bronze:BuggyMess+1","bronze:BitShift+1"],"relics":["bronze:BronzeCore","Boot","Slimebound:StickyStick","Gremlin Horn","Cursed Key","downfall:HeartBlessingRed","Ginger","Art of War","Thread and Needle","downfall:CloakOfManyFaces","CultistMask","FaceOfCleric","NlothsMask","GremlinMask","SsserpentHead","Coffee Dripper","downfall:HeartBlessingGreen","downfall:HeartBlessingBlue","Frozen Eye","Smiling Mask","Lantern","Bottled Lightning"],"acts_visited":["Exordium","TheCity","TheBeyond","TheEnding"],"potions_floor_usage":[6,16,16,16,27,42,42,45,48,48,50,50,56,56],"damage_taken":[{"damage":6,"enemies":"Jaw Worm","floor":2,"turns":5},{"damage":1,"enemies":"Cultist","floor":3,"turns":3},{"damage":0,"enemies":"downfall:FleeingMerchant","floor":5,"turns":4},{"damage":17,"enemies":"3 Sentries","floor":6,"turns":4},{"damage":0,"enemies":"2 Louse","floor":8,"turns":2},{"damage":10,"enemies":"Exordium Thugs","floor":10,"turns":4},{"damage":3,"enemies":"Lagavulin","floor":11,"turns":4},{"damage":0,"enemies":"2 Fungi Beasts","floor":12,"turns":2},{"damage":3,"enemies":"Gremlin Gang","floor":13,"turns":3},{"damage":6,"enemies":"Large Slime","floor":14,"turns":4},{"damage":0,"enemies":"Lots of Slimes","floor":15,"turns":2},{"damage":0,"enemies":"SI_SHIV_ARCHETYPE","floor":16,"turns":5},{"damage":16,"enemies":"Shell Parasite","floor":19,"turns":4},{"damage":10,"enemies":"downfall:FleeingMerchant","floor":20,"turns":4},{"damage":0,"enemies":"Chosen","floor":21,"turns":4},{"damage":12,"enemies":"downfall:FleeingMerchant","floor":25,"turns":4},{"damage":15,"enemies":"Slavers","floor":27,"turns":4},{"damage":0,"enemies":"Gremlin Leader","floor":29,"turns":6},{"damage":3,"enemies":"downfall:FaceTrader","floor":31,"turns":5},{"damage":0,"enemies":"Snecko","floor":32,"turns":3},{"damage":0,"enemies":"WA_ARCHETYPE_CALM","floor":33,"turns":7},{"damage":0,"enemies":"3 Darklings","floor":36,"turns":3},{"damage":2,"enemies":"3 Shapes","floor":39,"turns":4},{"damage":0,"enemies":"Spire Growth","floor":42,"turns":3},{"damage":0,"enemies":"Nemesis","floor":44,"turns":4},{"damage":0,"enemies":"Maw","floor":45,"turns":6},{"damage":0,"enemies":"Transient","floor":46,"turns":5},{"damage":0,"enemies":"Reptomancer","floor":47,"turns":3},{"damage":10,"enemies":"Jaw Worm Horde","floor":48,"turns":3},{"damage":0,"enemies":"4 Shapes","floor":49,"turns":2},{"damage":46,"enemies":"IC_BLOCK_ARCHETYPE","floor":50,"turns":8},{"damage":10,"enemies":"downfall:CharBossMerchant","floor":52,"turns":6},{"damage":0,"enemies":"downfall:NeowBoss","floor":55,"turns":9},{"damage":23,"enemies":"downfall:NeowBossFinal","floor":56,"turns":8}],"seed_played":"-4679954979750210517","potions_obtained":[{"floor":2,"key":"ColorlessPotion"},{"floor":6,"key":"PowerPotion"},{"floor":8,"key":"sneckomod:MuddlingPotion"},{"floor":14,"key":"PowerPotion"},{"floor":15,"key":"Weak Potion"},{"floor":19,"key":"Energy Potion"},{"floor":29,"key":"DuplicationPotion"},{"floor":32,"key":"DistilledChaos"},{"floor":33,"key":"Block Potion"},{"floor":44,"key":"bronze:BurnAndBuffPotion"},{"floor":46,"key":"ColorlessPotion"},{"floor":47,"key":"Weak Potion"},{"floor":48,"key":"Regen Potion"},{"floor":52,"key":"bronze:BurnAndBuffPotion"}],"is_trial":false,"path_per_floor":["R","M","M","?","$","E","T","M","R","M","E","M","M","M","M","B",null,"R","M","$","M","?","R","T","$","R","E","?","E","$","?","M","B",null,"R","M","?","?","M","$","T","M","R","E","M","M","E","M","M","B",null,"E","$","R","B","B",null],"character_chosen":"THE_AUTOMATON","items_purchased":["bronze:MaxOutput","Ginger","Frozen Eye","bronze:Assembly","PowerPotion","Weak Potion"],"campfire_rested":1,"item_purchase_floors":[20,25,40,40,53,53],"current_hp_per_floor":[70,64,63,63,63,46,46,46,46,36,33,33,30,24,24,24,70,70,54,44,44,44,44,44,32,53,38,35,35,35,32,33,34,37,47,48,48,48,47,47,47,48,48,49,50,51,52,43,44,13,57,48,48,48,49,27],"gold":142,"neow_bonus":"ONE_RANDOM_RARE_CARD","is_daily":false,"chose_seed":false,"campfire_upgraded":6,"win_rate":0.0,"timestamp":1611950588,"path_taken":["R","M","M","?","$","E","T","?","R","M","E","M","M","M","M","BOSS","R","M","$","M","?","R","T","$","R","E","?","E","$","?","M","BOSS","R","M","?","?","?","$","T","M","R","E","M","M","E","?","M","BOSS","E","$","R","BOSS","BOSS"],"items_purchased_type":["Card","Relic","Relic","Card","Potion","Potion"],"build_version":"2020-12-22","purchased_purges":3,"victory":true,"max_hp_per_floor":[70,70,70,70,70,70,70,70,70,70,70,70,70,70,70,70,70,70,70,70,70,70,70,70,70,70,70,35,35,35,35,36,37,37,47,48,48,48,49,49,49,50,50,51,52,53,54,55,56,57,57,58,58,58,59,60],"card_choices":[{"not_picked":["bronze:BronzeArmor","bronze:BitShift"],"picked":"bronze:WildBeam","floor":2},{"not_picked":["bronze:BronzeArmor","bronze:Constructor"],"picked":"bronze:BugBarrage","floor":3},{"not_picked":["bronze:Flail","bronze:Iterate"],"picked":"bronze:FineTuning","floor":5},{"not_picked":["bronze:BronzeArmor","bronze:Separator"],"picked":"bronze:CloningBeam","floor":6},{"not_picked":["bronze:DelayedGuard","bronze:WhirlingStrike"],"picked":"bronze:Turbo","floor":8},{"not_picked":["bronze:WhirlingStrike","bronze:Turbo"],"picked":"bronze:Shield","floor":10},{"not_picked":["bronze:BuggyMess","bronze:ForceShield"],"picked":"bronze:BurnOut","floor":11},{"not_picked":["bronze:CutThrough","bronze:ChosenStrike"],"picked":"bronze:Constructor","floor":12},{"not_picked":["bronze:Turbo","bronze:WildBeam"],"picked":"bronze:BuggyMess","floor":13},{"not_picked":["bronze:ClassDefault","bronze:DelayedSlice"],"picked":"bronze:Separator","floor":14},{"not_picked":["bronze:DelayedSlice","bronze:CutThrough"],"picked":"bronze:Assembly","floor":15},{"not_picked":["bronze:BurnOut","bronze:CleanCode"],"picked":"bronze:ShipIt","floor":16},{"not_picked":["bronze:Iterate+1","bronze:Deprecate"],"picked":"bronze:GetLatest","floor":19},{"not_picked":["bronze:BuggyMess","bronze:ClassDefault"],"picked":"bronze:BitShift","floor":20},{"not_picked":["bronze:Repair","bronze:Boost"],"picked":"bronze:Iterate+1","floor":21},{"not_picked":["bronze:Branch+1","bronze:Invalidate"],"picked":"bronze:BuggyMess+1","floor":25},{"not_picked":["bronze:DelayedSlice","bronze:RecursiveStrike","bronze:Boost"],"picked":"SKIP","floor":27},{"not_picked":["bronze:WildBeam","bronze:ForLoop+1"],"picked":"bronze:Terminator","floor":29},{"not_picked":["bronze:FineTuning","bronze:Fortify"],"picked":"bronze:Return","floor":31},{"not_picked":["bronze:Deprecate+1","bronze:CutThrough"],"picked":"bronze:ItsAFeature","floor":32},{"not_picked":["bronze:Format","bronze:Break"],"picked":"bronze:FindAndReplace","floor":33},{"not_picked":["bronze:Turbo","bronze:Safeguard","bronze:BugBarrage"],"picked":"SKIP","floor":36},{"not_picked":["bronze:DarkDash","bronze:MaxOutput","bronze:DelayedGuard"],"picked":"SKIP","floor":39},{"not_picked":["bronze:WhirlingStrike","bronze:WildBeam"],"picked":"bronze:ForLoop+1","floor":42},{"not_picked":["bronze:Invalidate","bronze:AlphaBuild","bronze:Frontload+1"],"picked":"SKIP","floor":44},{"not_picked":["bronze:DelayedGuard","bronze:Invalidate+1"],"picked":"bronze:Terminator+1","floor":45},{"not_picked":["bronze:Constructor","bronze:DarkDash","bronze:Optimize+1"],"picked":"SKIP","floor":46},{"not_picked":["bronze:Terminator","bronze:Overload"],"picked":"bronze:HardenedForm","floor":47},{"not_picked":["bronze:CloningBeam+1","bronze:Deprecate","bronze:Separator+1"],"picked":"SKIP","floor":48},{"not_picked":["bronze:Constructor+1","bronze:WildBeam"],"picked":"bronze:BuggyMess+1","floor":49},{"not_picked":["bronze:Turbo","bronze:Frontload"],"picked":"bronze:BitShift+1","floor":52}],"player_experience":1219980,"relics_obtained":[{"floor":6,"key":"Boot"},{"floor":7,"key":"Slimebound:StickyStick"},{"floor":11,"key":"Gremlin Horn"},{"floor":27,"key":"Art of War"},{"floor":29,"key":"Thread and Needle"},{"floor":31,"key":"downfall:CloakOfManyFaces"},{"floor":44,"key":"Smiling Mask"},{"floor":47,"key":"Lantern"},{"floor":52,"key":"Bottled Lightning"}],"event_choices":[{"damage_healed":0,"gold_gain":0,"player_choice":"Became a Ghost","damage_taken":0,"max_hp_gain":0,"max_hp_loss":35,"event_name":"Ghosts","floor":28,"gold_loss":0,"cards_obtained":["Ghostly","Ghostly","Ghostly","Ghostly","Ghostly"]},{"cards_removed":["bronze:ShipIt"],"damage_healed":0,"gold_gain":0,"player_choice":"Removed Attack","damage_taken":0,"max_hp_gain":0,"max_hp_loss":0,"event_name":"Falling","floor":37,"gold_loss":0}],"is_beta":false,"boss_relics":[{"not_picked":["expansioncontent:StudyCardRelic","Astrolabe"],"picked":"Cursed Key"},{"not_picked":["SacredBark","Runic Pyramid"],"picked":"Coffee Dripper"}],"items_purged_floors":[5,25,53],"is_endless":false,"potions_floor_spawned":[2,6,8,14,15,19,29,32,33,44,46,47,48,52],"ascension_level":1}}