{"host":"o9mthrra9t7lisis","time":1611947590,"event":{"mods":["BaseMod","Colored Map","Downfall","Minty Spire (QoL Compilation)","StSLib"],"gold_per_floor":[99,112,112,129,144,172,197,231,231,243,261,273,173,203,226,341,353,265,292,304,304,304],"floor_reached":20,"language":"ENG","playtime":1709,"items_purged":[],"score":196,"play_id":"948cf92f-ceb4-4df2-8af9-c46b7c423c0b","local_time":"20210129131310","is_ascension_mode":false,"campfire_choices":[{"data":"Slimebound:CorrosiveSpit","floor":1.0,"key":"SMITH"},{"floor":13.0,"key":"RECALL"},{"data":"Slimebound:MassFeed","floor":18.0,"key":"SMITH"}],"circlet_count":0,"master_deck":["Slimebound:Strike_Slimebound","Slimebound:Strike_Slimebound","Slimebound:Tackle","Slimebound:Defend_Slimebound","Slimebound:Defend_Slimebound","Slimebound:Split","Slimebound:CorrosiveSpit+1","Slimebound:LeechEnergy","downfall:Haunted","Slimebound:AcidTongue","Slimebound:GrowthPunch","Slimebound:SpikyOuterGoop","Slimebound:SamplingLick","Slimebound:Dissolve","Slimebound:SamplingLick","Slimebound:SlimeTap","Slimebound:LeechingTouch","Slimebound:Schlurp","Slimebound:MassFeed+1","Slimebound:TongueLash"],"relics":["Slimebound:AbsorbEndCombat","Potion Belt","Nunchaku","Centennial Puzzle","Dead Branch","downfall:HeartBlessingGreen","MawBank","Black Star","downfall:HeartBlessingRed"],"acts_visited":[],"potions_floor_usage":[],"damage_taken":[{"damage":0.0,"enemies":"Small Slimes","floor":2.0,"turns":3.0},{"damage":1.0,"enemies":"Cultist","floor":4.0,"turns":3.0},{"damage":11.0,"enemies":"Jaw Worm","floor":5.0,"turns":3.0},{"damage":6.0,"enemies":"Lagavulin","floor":6.0,"turns":6.0},{"damage":11.0,"enemies":"Gremlin Nob","floor":8.0,"turns":4.0},{"damage":0.0,"enemies":"Large Slime","floor":10.0,"turns":4.0},{"damage":6.0,"enemies":"Exordium Wildlife","floor":11.0,"turns":4.0},{"damage":15.0,"enemies":"Lots of Slimes","floor":12.0,"turns":2.0},{"damage":4.0,"enemies":"3 Sentries","floor":14.0,"turns":3.0},{"damage":8.0,"enemies":"Gremlin Gang","floor":15.0,"turns":3.0},{"damage":3.0,"enemies":"IC_STATUS_ARCHETYPE","floor":16.0,"turns":7.0},{"damage":13.0,"enemies":"Chosen","floor":19.0,"turns":5.0},{"damage":0,"enemies":"Spheric Guardian","floor":20,"turns":1}],"seed_played":"-6920093532123627516","potions_obtained":[{"floor":2.0,"key":"hexamod:SoulburnPotion"},{"floor":4.0,"key":"PowerPotion"},{"floor":12.0,"key":"BlessingOfTheForge"},{"floor":14.0,"key":"CultistPotion"},{"floor":15.0,"key":"Block Potion"}],"is_trial":false,"path_per_floor":["R","M","?","M","M","E","T","E","?","M","M","M","R","E","M","B",null,"R","M","M"],"character_chosen":"SLIMEBOUND","items_purchased":[],"campfire_rested":0,"item_purchase_floors":[],"current_hp_per_floor":[65,65,65,65,58,59,59,52,52,62,65,51,51,65,61,65,65,65,57,57,57,57],"gold":304,"neow_bonus":"RANDOM_COMMON_RELIC","is_daily":false,"chose_seed":false,"campfire_upgraded":2,"win_rate":0.0,"timestamp":1611947590,"path_taken":["R","M","?","M","?","E","T","E","?","M","M","M","R","E","M","BOSS","R","M","M"],"items_purchased_type":[],"build_version":"2020-12-22","purchased_purges":0,"victory":false,"max_hp_per_floor":[65,65,65,65,65,65,65,65,65,65,65,65,65,65,65,65,65,65,69,69,69,69],"card_choices":[{"not_picked":["Slimebound:FormOfPuddle","Slimebound:PressTheAttack"],"picked":"Slimebound:LeechEnergy","floor":2.0},{"not_picked":["Slimebound:GoopSpray","Slimebound:LivingWall"],"picked":"Slimebound:AcidTongue","floor":4.0},{"not_picked":["Slimebound:SamplingLick","Slimebound:FinishingTackle"],"picked":"Slimebound:GrowthPunch","floor":5.0},{"not_picked":["Slimebound:LivingWall","Slimebound:LeechingTouch"],"picked":"Slimebound:SpikyOuterGoop","floor":6.0},{"not_picked":["Slimebound:LeadByExample","Slimebound:SlimeSpikes"],"picked":"Slimebound:SamplingLick","floor":8.0},{"not_picked":["Slimebound:SelfFormingGoo","Slimebound:SplitBruiser"],"picked":"Slimebound:Dissolve","floor":10.0},{"not_picked":["Slimebound:ViciousTackle","Slimebound:SplitMire"],"picked":"Slimebound:SamplingLick","floor":11.0},{"not_picked":["Slimebound:PressTheAttack","Slimebound:RollThrough"],"picked":"Slimebound:SlimeTap","floor":12.0},{"not_picked":["Slimebound:SplitBruiser","Slimebound:RollThrough"],"picked":"Slimebound:LeechingTouch","floor":14.0},{"not_picked":["Slimebound:LeechingTouch","Slimebound:FinishingTackle"],"picked":"Slimebound:Schlurp","floor":15.0},{"not_picked":["Slimebound:MassRepurpose","Slimebound:OozeBath"],"picked":"Slimebound:MassFeed","floor":16.0},{"not_picked":["Slimebound:Nibble+1","Slimebound:SplitLeeching"],"picked":"Slimebound:TongueLash","floor":19.0}],"player_experience":525447,"relics_obtained":[{"floor":6.0,"key":"Nunchaku"},{"floor":7.0,"key":"Centennial Puzzle"},{"floor":8.0,"key":"Dead Branch"},{"floor":14.0,"key":"MawBank"}],"event_choices":[],"is_beta":false,"boss_relics":[{"not_picked":["Runic Dome","Snecko Eye"],"picked":"Black Star"}],"items_purged_floors":[],"is_endless":false,"potions_floor_spawned":[2,4,12,14,15],"killed_by":"Spheric Guardian","ascension_level":0}}