{"host":"v4tuy5ykrbdcm9o9","time":1611898937,"event":{"mods":["BaseMod","Duelist Mod","Minty Spire (QoL Compilation)","Replay The Spire","StSLib"],"gold_per_floor":[111,124,124,141,156,185,185,211,264,277,277,277,101,130,130,226,226,239,249,77,92,102,133,133,165,165,178,193,219,234,308,308,408,408,420,420,470,21,31,56,56,56,56,82,82,109,122,150,150,150,150,150,50,77,77,77],"floor_reached":55,"language":"ENG","playtime":6830,"items_purged":["ReplayTheSpireMod:Splinters","Parasite"],"score":1142,"play_id":"82d4a0ee-d963-4098-9544-c84e250331d2","local_time":"20210129004216","is_ascension_mode":true,"campfire_choices":[{"data":"DevaForm","floor":7,"key":"SMITH"},{"floor":11,"key":"RECALL"},{"data":"Bandage Up","floor":15,"key":"SMITH"},{"data":"LessonLearned","floor":24,"key":"SMITH"},{"floor":32,"key":"REST"},{"data":"Judgement","floor":42,"key":"SMITH"},{"data":"BattleHymn","floor":49,"key":"SMITH"},{"data":"ForeignInfluence","floor":52,"key":"SMITH"}],"circlet_count":0,"master_deck":["Strike_P","Strike_P","Strike_P","Strike_P","Defend_P","Defend_P","Defend_P","Defend_P","Eruption","Vigilance","Weave","Wallop","Consecrate","JustLucky","DevaForm+1","WindmillStrike","Conclude","EmptyFist+1","CutThroughFate+1","Bandage Up+1","Replay:ManipulateFuture+1","CrushJoints+1","ThirdEye+1","FollowUp","Replay:ManipulateFuture","SandsOfTime","FlurryOfBlows","WindmillStrike","LessonLearned+1","Replay:Hum+1","Collect+1","Perseverance","CrushJoints+1","JustLucky","Halt+1","ForeignInfluence+1","Judgement+1","WaveOfTheHand+1","Crescendo+1","LessonLearned","FlurryOfBlows","CarveReality+1","Trip","CutThroughFate","LikeWater","Replay:ManipulateFuture","EmptyFist+1","BattleHymn+1","Weave"],"relics":["PureWater","Centennial Puzzle","Eternal Feather","Pen Nib","Damaru","ChewingGum","Shuriken","Simple Rune","Blood Vial","Pet Ghost","Art of War","Runic Pyramid","Gambling Chip","FossilizedHelix","Gremlin Horn","Mango","ReplayTheSpireMod:Shallot","TungstenRod","Replay:Mystery Machine","Orichalcum","Replay:Bottled Steam"],"acts_visited":["Exordium","TheCity","TheBeyond","TheEnding"],"potions_floor_usage":[4,6,6,6,18,25,27,28,33,35,54,54,55],"damage_taken":[{"damage":8,"enemies":"Jaw Worm","floor":1,"turns":4},{"damage":2,"enemies":"2 Louse","floor":2,"turns":3},{"damage":2,"enemies":"Small Slimes","floor":4,"turns":4},{"damage":4,"enemies":"Red Slaver","floor":5,"turns":4},{"damage":1,"enemies":"3 Sentries","floor":6,"turns":3},{"damage":16,"enemies":"Gremlin Nob","floor":8,"turns":4},{"damage":0,"enemies":"2 Fungi Beasts","floor":10,"turns":2},{"damage":18,"enemies":"3 Sentries","floor":14,"turns":5},{"damage":0,"enemies":"Fading Forest","floor":16,"turns":11},{"damage":4,"enemies":"Spheric Guardian","floor":18,"turns":3},{"damage":4,"enemies":"Shell Parasite","floor":19,"turns":3},{"damage":16,"enemies":"Snecko","floor":21,"turns":4},{"damage":15,"enemies":"Cultist and Chosen","floor":22,"turns":6},{"damage":1,"enemies":"Gremlin Leader","floor":23,"turns":4},{"damage":17,"enemies":"theDuelist:KaibaA2","floor":25,"turns":4},{"damage":15,"enemies":"Centurion and Healer","floor":27,"turns":3},{"damage":22,"enemies":"Snake Plant","floor":28,"turns":3},{"damage":34,"enemies":"Book of Stabbing","floor":29,"turns":4},{"damage":13,"enemies":"Snecko","floor":30,"turns":4},{"damage":22,"enemies":"Automaton","floor":33,"turns":6},{"damage":14,"enemies":"3 Darklings","floor":35,"turns":4},{"damage":27,"enemies":"2 Orb Walkers","floor":37,"turns":3},{"damage":2,"enemies":"Orb Walker","floor":39,"turns":4},{"damage":0,"enemies":"Nemesis","floor":40,"turns":3},{"damage":0,"enemies":"Reptomancer","floor":44,"turns":4},{"damage":0,"enemies":"Giant Head","floor":46,"turns":5},{"damage":1,"enemies":"Writhing Mass","floor":47,"turns":5},{"damage":0,"enemies":"Reptomancer","floor":48,"turns":3},{"damage":3,"enemies":"Replay:Hell Engine","floor":50,"turns":4},{"damage":36,"enemies":"Shield and Spear","floor":54,"turns":6},{"damage":104,"enemies":"The Heart","floor":55,"turns":6}],"seed_played":"-2709722342355465951","potions_obtained":[{"floor":1,"key":"ColorlessPotion"},{"floor":2,"key":"ColorlessPotion"},{"floor":4,"key":"Regen Potion"},{"floor":5,"key":"Energy Potion"},{"floor":18,"key":"Fruit Juice"},{"floor":19,"key":"DuplicationPotion"},{"floor":23,"key":"Weak Potion"},{"floor":27,"key":"Fire Potion"},{"floor":30,"key":"EssenceOfSteel"},{"floor":31,"key":"FairyPotion"},{"floor":33,"key":"Dexterity Potion"},{"floor":44,"key":"SpeedPotion"},{"floor":47,"key":"Fire Potion"},{"floor":48,"key":"SteroidPotion"},{"floor":54,"key":"SkillPotion"}],"is_trial":false,"path_per_floor":["M","M","?","M","M","E","R","E","T","M","R","T","$","E","R","B",null,"M","M","$","M","M","E","R","E","T","M","M","E","M","?","R","B",null,"M","?","?","$","M","E","T","R","T","E","?","E","M","E","R","B",null,"R","$","E","B"],"character_chosen":"WATCHER","items_purchased":["EmptyFist+1","CutThroughFate","Bandage Up","FollowUp","Replay:ManipulateFuture","SandsOfTime","LessonLearned","FossilizedHelix"],"campfire_rested":1,"item_purchase_floors":[13,13,13,20,20,20,38,38],"current_hp_per_floor":[64,62,67,65,61,69,69,53,53,53,62,62,62,48,60,66,80,81,83,83,73,64,69,87,70,70,57,43,17,12,12,59,45,78,66,66,41,41,47,49,63,87,87,89,89,97,103,103,103,100,102,103,100,64,0,0],"gold":77,"neow_bonus":"TEN_PERCENT_HP_BONUS","is_daily":false,"chose_seed":false,"campfire_upgraded":6,"win_rate":0.0,"timestamp":1611898936,"path_taken":["M","M","?","M","M","E","R","E","T","M","R","?","?","E","R","BOSS","M","M","$","M","M","E","R","E","T","M","M","E","M","?","R","BOSS","M","?","?","$","M","E","?","R","T","E","?","E","?","E","R","BOSS","R","$","E","BOSS"],"items_purchased_type":["Card","Card","Card","Card","Card","Card","Card","Relic"],"build_version":"2020-12-22","purchased_purges":2,"victory":false,"max_hp_per_floor":[79,79,84,84,84,84,84,84,84,84,84,84,84,84,84,84,84,89,89,89,89,89,89,89,89,89,89,89,89,89,89,89,89,89,89,89,89,89,89,89,103,103,103,103,103,103,103,103,103,103,103,103,100,100,100,100],"card_choices":[{"not_picked":["Replay:DivineShield","WindmillStrike"],"picked":"Weave","floor":1},{"not_picked":["Consecrate","Wireheading"],"picked":"Wallop","floor":2},{"not_picked":["ClearTheMind","CarveReality"],"picked":"Consecrate","floor":4},{"not_picked":["Fasting2","EmptyFist"],"picked":"JustLucky","floor":5},{"not_picked":["CutThroughFate","ThirdEye"],"picked":"DevaForm","floor":6},{"not_picked":["EmptyFist","FlurryOfBlows"],"picked":"WindmillStrike","floor":8},{"not_picked":["Pray","Crescendo"],"picked":"Conclude","floor":10},{"not_picked":["Crescendo","Replay:AtTheReady"],"picked":"Replay:ManipulateFuture","floor":14},{"not_picked":["Omniscience","Ragnarok"],"picked":"MasterReality","floor":16},{"not_picked":["Crescendo","SashWhip"],"picked":"CrushJoints+1","floor":18},{"not_picked":["ClearTheMind","CarveReality"],"picked":"ThirdEye+1","floor":19},{"not_picked":["ThirdEye","Replay:AtTheReady+1"],"picked":"FlurryOfBlows","floor":21},{"not_picked":["Replay:ManipulateFuture","EmptyFist"],"picked":"WindmillStrike","floor":22},{"not_picked":["MentalFortress+1","Replay:AtTheReady"],"picked":"LessonLearned","floor":23},{"not_picked":["Consecrate","EmptyFist"],"picked":"Replay:Hum+1","floor":25},{"not_picked":["EmptyFist+1","Evaluate"],"picked":"Collect","floor":27},{"not_picked":["FollowUp","JustLucky"],"picked":"Perseverance","floor":28},{"not_picked":["Omniscience","EmptyMind"],"picked":"CrushJoints+1","floor":29},{"not_picked":["SashWhip","Evaluate"],"picked":"JustLucky","floor":30},{"not_picked":["FlyingSleeves+1","InnerPeace+1"],"picked":"Halt+1","floor":31},{"not_picked":["Halt+1","Replay:Anticipation"],"picked":"ForeignInfluence","floor":31},{"not_picked":["Scrawl","Wish"],"picked":"Judgement","floor":33},{"not_picked":["Tantrum+1","EmptyFist+1"],"picked":"WaveOfTheHand+1","floor":35},{"not_picked":["DeceiveReality+1","CrushJoints+1"],"picked":"Crescendo+1","floor":37},{"not_picked":["FlyingSleeves+1","Pray"],"picked":"FlurryOfBlows","floor":39},{"not_picked":["Evaluate","Study+1","Replay:AllIn"],"picked":"SKIP","floor":40},{"not_picked":["ForeignInfluence","CrushJoints"],"picked":"CarveReality+1","floor":44},{"not_picked":["SashWhip","Sanctity"],"picked":"Replay:ManipulateFuture","floor":46},{"not_picked":["Replay:Battleflow+1","ClearTheMind+1"],"picked":"EmptyFist+1","floor":47},{"not_picked":["FlurryOfBlows","Replay:AtTheReady+1"],"picked":"BattleHymn","floor":48},{"not_picked":["CrushJoints+1","Pray"],"picked":"Weave","floor":54}],"player_experience":687986,"relics_obtained":[{"floor":6,"key":"Centennial Puzzle"},{"floor":8,"key":"Eternal Feather"},{"floor":12,"key":"Pen Nib"},{"floor":14,"key":"Damaru"},{"floor":23,"key":"Shuriken"},{"floor":25,"key":"Simple Rune"},{"floor":26,"key":"Blood Vial"},{"floor":29,"key":"Pet Ghost"},{"floor":31,"key":"Art of War"},{"floor":37,"key":"Gambling Chip"},{"floor":40,"key":"Gremlin Horn"},{"floor":41,"key":"Mango"},{"floor":43,"key":"ReplayTheSpireMod:Shallot"},{"floor":44,"key":"TungstenRod"},{"floor":46,"key":"Replay:Mystery Machine"},{"floor":48,"key":"Orichalcum"},{"floor":54,"key":"Replay:Bottled Steam"}],"event_choices":[{"damage_healed":0,"gold_gain":0,"player_choice":"Donut","damage_taken":0,"max_hp_gain":5,"max_hp_loss":0,"event_name":"Big Fish","floor":3,"gold_loss":0},{"cards_removed":["MasterReality"],"damage_healed":0,"gold_gain":0,"player_choice":"Removed Power","damage_taken":0,"max_hp_gain":0,"max_hp_loss":0,"event_name":"Falling","floor":36,"gold_loss":0},{"damage_healed":0,"gold_gain":0,"player_choice":"Fight","damage_taken":0,"max_hp_gain":0,"max_hp_loss":0,"event_name":"Mysterious Sphere","floor":37,"gold_loss":0},{"damage_healed":0,"gold_gain":0,"player_choice":"3 cards matched","damage_taken":0,"max_hp_gain":0,"max_hp_loss":0,"event_name":"Match and Keep!","floor":45,"gold_loss":0,"cards_obtained":["Trip","CutThroughFate","LikeWater"]}],"is_beta":false,"boss_relics":[{"not_picked":["Sozu","Painkiller Herb"],"picked":"ChewingGum"},{"not_picked":["Replay:Wanted Poster","Fusion Hammer"],"picked":"Runic Pyramid"}],"items_purged_floors":[38,53],"is_endless":false,"potions_floor_spawned":[1,2,4,5,18,19,23,27,30,33,44,47,48,54],"killed_by":"The Heart","ascension_level":6}}