{"host":"u9h06qdlnp3wgzsw","time":1611946500,"event":{"mods":["Act Like it!","BaseMod","Curses Come First","Downfall","Hallownest","Hermit","Jorbs\u0027s Wanderer Trilogy","Minty Spire (QoL Compilation)","Quick Restart","Rare Cards Sparkle","Replay The Spire","Shop Mod","StSLib","The Disciple","The Hierophant","The Servant 0.9.4"],"gold_per_floor":[111,167,167,57,74,74,99,117,164,180,180,180,199,212,212,316,416,440,453,453,181,192,221,241,241,264,18,36,61,21,33,33,33,33],"floor_reached":33,"language":"ENG","playtime":3184,"items_purged":["stsjorbsmod:Procrastination"],"score":314,"play_id":"088b888e-7f5e-48c5-8903-fd0b98c7b300","local_time":"20210129135500","is_ascension_mode":false,"campfire_choices":[{"data":"stsjorbsmod:FindFamiliar","floor":6,"key":"SMITH"},{"floor":12,"key":"REST"},{"data":"stsjorbsmod:Prestidigitation","floor":15,"key":"SMITH"},{"floor":25,"key":"REST"},{"floor":32,"key":"REST"}],"circlet_count":0,"master_deck":["stsjorbsmod:ForbiddenGrimoire+1","stsjorbsmod:Strike_Wanderer","stsjorbsmod:Strike_Wanderer","stsjorbsmod:Strike_Wanderer","stsjorbsmod:Defend_Wanderer","stsjorbsmod:Defend_Wanderer","stsjorbsmod:Defend_Wanderer","stsjorbsmod:Defend_Wanderer","stsjorbsmod:FreshAdventure","stsjorbsmod:EyeOfTheStorm","stsjorbsmod:Prepare+1","stsjorbsmod:FindFamiliar+1","stsjorbsmod:ColorSpray","stsjorbsmod:MistyStep","stsjorbsmod:HoldMonster","stsjorbsmod:Prestidigitation+1","stsjorbsmod:Introspection+1","stsjorbsmod:ArcaneForm","stsjorbsmod:ColorSpray","stsjorbsmod:LoseGrip+1","stsjorbsmod:BookOfTongues","stsjorbsmod:TinyHut","stsjorbsmod:Index+1","stsjorbsmod:MagicMirror+1"],"relics":["stsjorbsmod:GrimoireRelic","Gremlin Food","Blood Vial","Replay:Wanted Poster","ReplayTheSpireMod:Lightbulb","Art of War","Vajra","Replay:Ringing Soul","Mirror"],"acts_visited":["Exordium","TheCity"],"potions_floor_usage":[14,18,22,22,28,29,29,31,31,33],"damage_taken":[{"damage":2,"enemies":"Small Slimes","floor":1,"turns":4},{"damage":3,"enemies":"2 Louse","floor":5,"turns":3},{"damage":21,"enemies":"Replay:BlueRogue","floor":7,"turns":8},{"damage":6,"enemies":"Jaw Worm","floor":8,"turns":4},{"damage":12,"enemies":"Red Slaver","floor":10,"turns":3},{"damage":0,"enemies":"3 Louse","floor":13,"turns":2},{"damage":0,"enemies":"Blue Slaver","floor":14,"turns":1},{"damage":57,"enemies":"Slime Boss","floor":16,"turns":7},{"damage":12,"enemies":"Spheric Guardian","floor":18,"turns":4},{"damage":2,"enemies":"Shell Parasite","floor":19,"turns":4},{"damage":14,"enemies":"Centurion and Healer","floor":22,"turns":5},{"damage":42,"enemies":"Book of Stabbing","floor":23,"turns":6},{"damage":14,"enemies":"Shelled Parasite and Fungi","floor":24,"turns":7},{"damage":14,"enemies":"Chosen and Byrds","floor":28,"turns":7},{"damage":55,"enemies":"Slavers","floor":29,"turns":3},{"damage":5,"enemies":"Snake Plant","floor":31,"turns":4},{"damage":52,"enemies":"Pondfish","floor":33,"turns":7}],"seed_played":"-8361779354847491700","potions_obtained":[{"floor":5,"key":"stsjorbsmod:BurningPotion"},{"floor":7,"key":"AttackPotion"},{"floor":10,"key":"Weak Potion"},{"floor":16,"key":"DuplicationPotion"},{"floor":19,"key":"Energy Potion"},{"floor":23,"key":"Energy Potion"},{"floor":24,"key":"Energy Potion"},{"floor":30,"key":"Guardian:BlockOnCardUsePotion"},{"floor":30,"key":"sneckomod:MuddlingPotion"},{"floor":30,"key":"LiquidBronze"}],"is_trial":false,"path_per_floor":["M","?","?","$","M","R","E","M","T","M","?","R","M","M","R","B",null,"M","M","?","$","M","E","M","R","T","$","M","E","?","M","R","B"],"character_chosen":"WANDERER","items_purchased":["stsjorbsmod:FindFamiliar","ReplayTheSpireMod:Lightbulb","stsjorbsmod:BookOfTongues","Replay:Ringing Soul"],"campfire_rested":3,"item_purchase_floors":[4,21,21,27],"current_hp_per_floor":[73,73,73,73,75,75,54,53,53,45,50,75,77,79,79,28,85,76,81,81,81,75,43,40,66,66,66,57,8,8,7,34,0,0],"gold":33,"neow_bonus":"TEN_PERCENT_HP_BONUS","is_daily":false,"chose_seed":false,"campfire_upgraded":2,"win_rate":0.0,"timestamp":1611946500,"path_taken":["M","?","?","$","M","R","E","M","T","M","?","R","M","M","R","BOSS","M","M","?","$","M","E","?","R","T","$","M","E","?","?","R","BOSS"],"items_purchased_type":["Card","Relic","Card","Relic"],"build_version":"2020-12-22","purchased_purges":1,"victory":false,"max_hp_per_floor":[74,74,74,74,78,78,78,80,80,80,85,85,85,85,85,85,85,85,85,85,85,85,85,87,87,87,87,90,90,90,90,90,90,90],"card_choices":[{"not_picked":["stsjorbsmod:Materialize","stsjorbsmod:TrueStrike"],"picked":"stsjorbsmod:Prepare","floor":1},{"not_picked":["stsjorbsmod:ArcaneWeapon","stsjorbsmod:Patron","stsjorbsmod:WeightOfMemory"],"picked":"SKIP","floor":5},{"not_picked":["stsjorbsmod:DisguiseSelf","stsjorbsmod:Message"],"picked":"stsjorbsmod:ColorSpray","floor":7},{"not_picked":["stsjorbsmod:TrueStrike","stsjorbsmod:Stalwart"],"picked":"stsjorbsmod:MistyStep","floor":8},{"not_picked":["stsjorbsmod:Materialize","stsjorbsmod:Message"],"picked":"stsjorbsmod:HoldMonster","floor":10},{"not_picked":["stsjorbsmod:LoseGrip","stsjorbsmod:DoubleCheck"],"picked":"stsjorbsmod:Prestidigitation","floor":13},{"not_picked":["stsjorbsmod:Prepare","stsjorbsmod:WanderingMind"],"picked":"stsjorbsmod:Introspection","floor":14},{"not_picked":["stsjorbsmod:Pyromancy","stsjorbsmod:Entangle"],"picked":"stsjorbsmod:ArcaneForm","floor":16},{"not_picked":["stsjorbsmod:DisguiseSelf+1","stsjorbsmod:WanderingMind"],"picked":"stsjorbsmod:ColorSpray","floor":18},{"not_picked":["stsjorbsmod:Will","stsjorbsmod:WeightOfMemory","stsjorbsmod:FranticSearch"],"picked":"SKIP","floor":19},{"not_picked":["stsjorbsmod:Prepare","stsjorbsmod:Hibernate","stsjorbsmod:UnseenServant+1"],"picked":"SKIP","floor":22},{"not_picked":["stsjorbsmod:BookOfTongues","stsjorbsmod:DoubleCheck"],"picked":"stsjorbsmod:TinyHut","floor":23},{"not_picked":["stsjorbsmod:TrueStrike","stsjorbsmod:Materialize"],"picked":"stsjorbsmod:Index","floor":24},{"not_picked":["stsjorbsmod:Aid","stsjorbsmod:LoseGrip"],"picked":"stsjorbsmod:MagicMirror+1","floor":28},{"not_picked":["stsjorbsmod:HedgeWizard","stsjorbsmod:MagicMissiles","stsjorbsmod:Hurt+1"],"picked":"SKIP","floor":29},{"not_picked":["stsjorbsmod:WanderingMind+1","stsjorbsmod:Rest+1","stsjorbsmod:HedgeWizard"],"picked":"SKIP","floor":31}],"player_experience":951182,"relics_obtained":[{"floor":7,"key":"Gremlin Food"},{"floor":9,"key":"Blood Vial"},{"floor":23,"key":"Art of War"},{"floor":26,"key":"Vajra"},{"floor":29,"key":"Mirror"}],"event_choices":[{"damage_healed":0,"gold_gain":56,"player_choice":"Gained Gold","damage_taken":0,"max_hp_gain":0,"max_hp_loss":0,"event_name":"Golden Wing","floor":2,"gold_loss":0},{"damage_healed":0,"gold_gain":0,"player_choice":"Donut","damage_taken":0,"max_hp_gain":5,"max_hp_loss":0,"event_name":"Big Fish","floor":11,"gold_loss":0},{"damage_healed":0,"gold_gain":0,"cards_transformed":["stsjorbsmod:Strike_Wanderer"],"player_choice":"Transformed","damage_taken":0,"max_hp_gain":0,"max_hp_loss":0,"event_name":"Transmorgrifier","floor":20,"gold_loss":0,"cards_obtained":["stsjorbsmod:LoseGrip"]},{"damage_healed":0,"gold_gain":0,"player_choice":"Bought 3 Potions","damage_taken":0,"max_hp_gain":0,"max_hp_loss":0,"event_name":"The Woman in Blue","floor":30,"gold_loss":0}],"is_beta":false,"boss_relics":[{"not_picked":["Fusion Hammer","Kintsugi"],"picked":"Replay:Wanted Poster"}],"items_purged_floors":[4],"is_endless":false,"potions_floor_spawned":[5,7,10,13,16,19,23,24],"killed_by":"Pondfish","ascension_level":0}}