{"host":"m3rs92yjkwi06hli","time":1611936780,"event":{"mods":["Act Like it!","Aspiration","BaseMod","Colored Map","Conspire","Defuse TimeMaze Blight","Energized Spire","Hubris","Infinite Spire","Minty Spire (QoL Compilation)","Relic Stats","Replay The Spire","Spicy Shops","StSLib","The Blackbeard"],"gold_per_floor":[117,117,132,132,132,178,178,178,203,232,3,67,107,107,107,235,235,285,235,235,31,92,92,153,203,203,267,294,294,344,393,393,526,526,561,561,609,642,689,689,689,689,716,315,370,370,434,463,463,493],"floor_reached":51,"language":"ENG","playtime":1671,"items_purged":["blackbeard:BlackbeardStrike","blackbeard:BlackbeardStrike","blackbeard:BlackbeardDefend"],"score":1210,"play_id":"779beb24-fb25-470d-af3c-003541165d9d","local_time":"20210129101300","is_ascension_mode":true,"campfire_choices":[{"floor":8,"key":"REST"},{"floor":15,"key":"REST"},{"data":"blackbeard:CaptainsHat","floor":23,"key":"SMITH"},{"data":"blackbeard:Cutlass","floor":32,"key":"SMITH"},{"data":"blackbeard:CaptainsHat","floor":40,"key":"SMITH"},{"data":"blackbeard:Anchor","floor":42,"key":"SMITH"},{"data":"blackbeard:MegaUpgrade","floor":49,"key":"SMITH"}],"circlet_count":0,"master_deck":["blackbeard:IntimidatingStrike","blackbeard:BlackbeardDefend","blackbeard:Cutlass+1","blackbeard:Shrapnel","blackbeard:CannonBarrage","blackbeard:BuriedTreasure","blackbeard:Shrapnel+1","blackbeard:TacticalRetreat","blackbeard:CaptainsHat+1","blackbeard:BlindAttacks","blackbeard:InfiniteBarrage","blackbeard:HumongousCannonball+1","blackbeard:Rum+1","blackbeard:Sword+1","blackbeard:FieryDefense","blackbeard:WiseDefense","blackbeard:FieryDefense+1","blackbeard:Shrapnel","blackbeard:Spear","blackbeard:SmithingHammer","blackbeard:CaptainsHat+1","blackbeard:CannonBarrage+1","blackbeard:Provisioning","blackbeard:Anchor+1","blackbeard:GoldenStrike","blackbeard:ChaoticDefense+1","blackbeard:MegaUpgrade+1"],"relics":["blackbeard:LoadTheCannons","hubris:TenFootPole","Pen Nib","Smiling Mask","Replay:Rubber Ducky","Membership Card","blackbeard:TreasureChest","Vajra","blackbeard:WhitePearl","hubris:ScarierMask","infinitespire:EmpoweringShard","hubris:VirtuousBlindfold","Medical Kit","Happy Flower","Red Mask","Boot","ReplayFunnel","hubris:MysteriousPyramids","SlaversCollar","hubris:Spice","aspiration:PoetsPen","blackbeard:HipFlask","infinitespire:EmpoweringShard","Lee\u0027s Waffle","infinitespire:BottledMercury","Replay:Mystery Machine","Lantern"],"acts_visited":["Exordium","TheCity","TheBeyond"],"potions_floor_usage":[24,37,39,39,45,47,50,50,50,50],"damage_taken":[{"damage":0,"enemies":"2 Louse","floor":1,"turns":1},{"damage":1,"enemies":"Cultist","floor":3,"turns":3},{"damage":45,"enemies":"3 Sentries","floor":6,"turns":7},{"damage":0,"enemies":"Small Slimes","floor":10,"turns":2},{"damage":8,"enemies":"Gremlin Nob","floor":12,"turns":4},{"damage":4,"enemies":"Looter","floor":13,"turns":3},{"damage":1,"enemies":"Fading Forest","floor":16,"turns":11},{"damage":0,"enemies":"3 Byrds","floor":18,"turns":4},{"damage":0,"enemies":"Masked Bandits","floor":22,"turns":2},{"damage":6,"enemies":"Gremlin Leader","floor":24,"turns":6},{"damage":2,"enemies":"Chosen","floor":25,"turns":3},{"damage":0,"enemies":"conspire:Head Lice","floor":27,"turns":4},{"damage":0,"enemies":"Centurion and Healer","floor":28,"turns":2},{"damage":0,"enemies":"Snake Plant","floor":30,"turns":4},{"damage":0,"enemies":"3 Cultists","floor":31,"turns":3},{"damage":15,"enemies":"Champ","floor":33,"turns":8},{"damage":0,"enemies":"3 Darklings","floor":35,"turns":3},{"damage":0,"enemies":"3 Shapes","floor":37,"turns":2},{"damage":0,"enemies":"Sphere and 2 Shapes","floor":38,"turns":1},{"damage":6,"enemies":"Writhing Mass","floor":39,"turns":6},{"damage":1,"enemies":"Reptomancer","floor":45,"turns":3},{"damage":0,"enemies":"Giant Head","floor":47,"turns":3},{"damage":0,"enemies":"Jaw Worm Horde","floor":48,"turns":1},{"damage":37,"enemies":"conspire:OrnateMirror","floor":50,"turns":4}],"seed_played":"4885982660409266092","potions_obtained":[{"floor":1,"key":"Toxic Potion"},{"floor":6,"key":"SpeedPotion"},{"floor":12,"key":"BlessingOfTheForge"},{"floor":22,"key":"Weak Potion"},{"floor":25,"key":"GamblersBrew"},{"floor":28,"key":"Explosive Potion"},{"floor":33,"key":"Languid Potion"},{"floor":47,"key":"SneckoOil"}],"is_trial":false,"path_per_floor":["M","?","M","?","?","E","?","R","T","M","$","E","M","?","R","B",null,"M","?","AVR","$","?","R","E","M","T","E","M","?","M","M","R","B",null,"M","?","M","M","M","R","AVR","R","T","$","E","?","E","M","R","B",null],"character_chosen":"BLACKBEARD_CLASS","items_purchased":["Membership Card","blackbeard:TreasureChest","Medical Kit","Happy Flower","blackbeard:HipFlask","infinitespire:EmpoweringShard","Lee\u0027s Waffle","infinitespire:BottledMercury"],"campfire_rested":2,"item_purchase_floors":[11,11,21,21,44,44,44,44],"current_hp_per_floor":[75,75,74,71,71,26,25,47,47,47,47,39,35,35,57,70,74,74,74,74,74,74,74,68,66,66,66,66,66,66,66,66,51,69,69,69,69,69,63,63,71,71,79,98,97,97,97,90,90,64],"gold":493,"neow_bonus":"THREE_CARDS","is_daily":false,"chose_seed":false,"campfire_upgraded":5,"win_rate":0.0,"timestamp":1611936780,"path_taken":["M","?","?","?","?","E","?","R","T","M","?","E","?","?","R","BOSS","M","?","AVR","?","?","R","E","M","T","E","M","?","?","M","R","BOSS","M","?","M","?","M","R","AVR","R","T","$","E","?","E","?","R","BOSS"],"items_purchased_type":["Relic","Relic","Relic","Relic","Relic","Relic","Relic","Relic"],"build_version":"2020-12-22","purchased_purges":3,"victory":true,"max_hp_per_floor":[75,75,75,75,75,75,75,75,75,75,75,75,75,75,75,75,75,75,75,75,75,75,75,75,75,75,75,75,75,75,75,75,75,75,75,75,75,75,75,75,83,83,91,98,98,98,98,90,90,90],"relic_stats":{"Lee\u0027s Waffle":19,"Happy Flower":[18],"counters":[24,90],"Pen Nib":[20],"Smiling Mask":-12,"Medical Kit":[0],"Boot":[10],"obtain_stats":[{"ReplayFunnel":26,"infinitespire:BottledMercury":44,"Lantern":47,"Vajra":12,"hubris:VirtuousBlindfold":20,"hubris:MysteriousPyramids":27,"Replay:Mystery Machine":45,"Smiling Mask":7,"Boot":24,"Replay:Rubber Ducky":9,"blackbeard:TreasureChest":11,"aspiration:PoetsPen":41,"hubris:ScarierMask":17,"Red Mask":22,"Lee\u0027s Waffle":44,"Happy Flower":21,"blackbeard:LoadTheCannons":0,"Pen Nib":6,"blackbeard:WhitePearl":14,"Medical Kit":21,"blackbeard:HipFlask":44,"SlaversCollar":34,"hubris:Spice":41,"hubris:TenFootPole":2,"infinitespire:EmpoweringShard":20,"Membership Card":11},{"ReplayFunnel":11,"infinitespire:BottledMercury":20,"Lantern":22,"Vajra":5,"hubris:VirtuousBlindfold":8,"hubris:MysteriousPyramids":12,"Replay:Mystery Machine":21,"Smiling Mask":3,"Boot":10,"Replay:Rubber Ducky":3,"blackbeard:TreasureChest":4,"aspiration:PoetsPen":20,"hubris:ScarierMask":7,"Red Mask":9,"Lee\u0027s Waffle":20,"Happy Flower":8,"blackbeard:LoadTheCannons":0,"Pen Nib":3,"blackbeard:WhitePearl":6,"Medical Kit":8,"blackbeard:HipFlask":20,"SlaversCollar":16,"hubris:Spice":20,"hubris:TenFootPole":1,"infinitespire:EmpoweringShard":8,"Membership Card":4},{"ReplayFunnel":46,"infinitespire:BottledMercury":79,"Lantern":85,"Vajra":17,"hubris:VirtuousBlindfold":35,"hubris:MysteriousPyramids":50,"Replay:Mystery Machine":82,"Smiling Mask":11,"Boot":43,"Replay:Rubber Ducky":11,"blackbeard:TreasureChest":13,"aspiration:PoetsPen":79,"hubris:ScarierMask":31,"Red Mask":37,"Lee\u0027s Waffle":79,"Happy Flower":35,"blackbeard:LoadTheCannons":0,"Pen Nib":11,"blackbeard:WhitePearl":20,"Medical Kit":35,"blackbeard:HipFlask":79,"SlaversCollar":67,"hubris:Spice":79,"hubris:TenFootPole":1,"infinitespire:EmpoweringShard":35,"Membership Card":13}]},"card_choices":[{"not_picked":["blackbeard:Toast","blackbeard:SwordDance"],"picked":"blackbeard:Shrapnel","floor":0},{"not_picked":["blackbeard:Toast","blackbeard:PiratesWill"],"picked":"blackbeard:CannonBarrage","floor":1},{"not_picked":["blackbeard:GoldenDefense","blackbeard:Toast"],"picked":"blackbeard:BuriedTreasure","floor":3},{"not_picked":["blackbeard:WoodenLeg","blackbeard:Revenge"],"picked":"blackbeard:TacticalRetreat","floor":6},{"not_picked":["blackbeard:GoldenStrike","blackbeard:CloakAndCannonball"],"picked":"blackbeard:CaptainsHat","floor":10},{"not_picked":["blackbeard:DelayedPain","blackbeard:Dagger"],"picked":"blackbeard:BlindAttacks","floor":12},{"not_picked":["blackbeard:SwordDance","blackbeard:TacticalRetreat"],"picked":"blackbeard:InfiniteBarrage","floor":13},{"not_picked":["blackbeard:Murder","blackbeard:TheDrunkenSailor"],"picked":"blackbeard:HumongousCannonball","floor":16},{"not_picked":["blackbeard:WiseDefense+1","blackbeard:Shrapnel"],"picked":"blackbeard:Rum+1","floor":18},{"not_picked":["blackbeard:Fencing","blackbeard:GoldenDefense"],"picked":"blackbeard:Sword+1","floor":22},{"not_picked":["blackbeard:Upgrade+1","blackbeard:Scrap"],"picked":"blackbeard:FieryDefense","floor":24},{"not_picked":["blackbeard:VengefulSpirit","blackbeard:Dagger"],"picked":"blackbeard:WiseDefense","floor":25},{"not_picked":["blackbeard:DoubleBottom+1","blackbeard:TerrorOfTheSeas+1"],"picked":"blackbeard:FieryDefense+1","floor":27},{"not_picked":["blackbeard:TacticalRetreat","blackbeard:Sword"],"picked":"blackbeard:Shrapnel","floor":28},{"not_picked":["blackbeard:BuriedTreasure","blackbeard:JollyRoger"],"picked":"blackbeard:Spear","floor":30},{"not_picked":["blackbeard:Bandana","blackbeard:WiseDefense"],"picked":"blackbeard:SmithingHammer","floor":31},{"not_picked":["blackbeard:PirateStrength","blackbeard:Parrot"],"picked":"blackbeard:CaptainsHat","floor":33},{"not_picked":["blackbeard:SwordDance","blackbeard:DeadlyArsenal+1"],"picked":"blackbeard:CannonBarrage+1","floor":35},{"not_picked":["blackbeard:SwordDance+1","blackbeard:Scrap"],"picked":"blackbeard:Anchor","floor":37},{"not_picked":["blackbeard:Toast","blackbeard:TacticalRetreat+1"],"picked":"blackbeard:GoldenStrike","floor":38},{"not_picked":["blackbeard:Spear+1","blackbeard:Toast"],"picked":"blackbeard:ChaoticDefense+1","floor":39},{"not_picked":["blackbeard:Recklessness","blackbeard:FishingNets","blackbeard:DeadlyArsenal"],"picked":"SKIP","floor":45},{"not_picked":["blackbeard:GoldenStrike","blackbeard:Dagger+1"],"picked":"blackbeard:MegaUpgrade","floor":47},{"not_picked":["blackbeard:PiratesWill","blackbeard:FishingNets+1"],"picked":"hubris:SpiceAddiction","floor":48}],"player_experience":784018,"relics_obtained":[{"floor":6,"key":"Pen Nib"},{"floor":9,"key":"Replay:Rubber Ducky"},{"floor":12,"key":"Vajra"},{"floor":14,"key":"blackbeard:WhitePearl"},{"floor":22,"key":"Red Mask"},{"floor":24,"key":"Boot"},{"floor":26,"key":"ReplayFunnel"},{"floor":27,"key":"hubris:MysteriousPyramids"},{"floor":43,"key":"hubris:Spice"},{"floor":45,"key":"Replay:Mystery Machine"},{"floor":47,"key":"Lantern"}],"event_choices":[{"damage_healed":0,"gold_gain":0,"player_choice":"Gave Potion","damage_taken":0,"relics_obtained":["hubris:TenFootPole"],"max_hp_gain":0,"max_hp_loss":0,"event_name":"WeMeetAgain","floor":2,"gold_loss":0},{"cards_removed":["blackbeard:BlackbeardStrike"],"damage_healed":0,"gold_gain":0,"player_choice":"Card Removal","damage_taken":7,"max_hp_gain":0,"max_hp_loss":0,"event_name":"Golden Wing","floor":4,"gold_loss":0},{"damage_healed":0,"gold_gain":0,"player_choice":"Success","damage_taken":3,"relics_obtained":["Smiling Mask"],"max_hp_gain":0,"max_hp_loss":0,"event_name":"Scrap Ooze","floor":7,"gold_loss":0},{"damage_healed":0,"gold_gain":0,"player_choice":"Bet on Owner","damage_taken":0,"max_hp_gain":0,"max_hp_loss":0,"event_name":"The Joust","floor":19,"gold_loss":50},{"damage_healed":0,"gold_gain":0,"player_choice":"Fought Bandits","damage_taken":0,"max_hp_gain":0,"max_hp_loss":0,"event_name":"Masked Bandits","floor":22,"gold_loss":0},{"cards_removed":["blackbeard:BlackbeardStrike"],"damage_healed":0,"gold_gain":0,"player_choice":"Purged","damage_taken":0,"max_hp_gain":0,"max_hp_loss":0,"event_name":"Purifier","floor":29,"gold_loss":0},{"damage_healed":0,"gold_gain":0,"cards_transformed":["blackbeard:BlackbeardDefend"],"player_choice":"Transformed","damage_taken":0,"max_hp_gain":0,"max_hp_loss":0,"event_name":"Transmorgrifier","floor":36,"gold_loss":0,"cards_obtained":["blackbeard:Provisioning"]},{"damage_healed":0,"gold_gain":0,"player_choice":"Upgraded","damage_taken":0,"max_hp_gain":0,"max_hp_loss":0,"event_name":"Upgrade Shrine","floor":46,"gold_loss":0,"cards_upgraded":["blackbeard:HumongousCannonball"]}],"is_beta":false,"boss_relics":[{"not_picked":["conspire:SeveredTorchhead","SacredBark"],"picked":"hubris:ScarierMask"},{"not_picked":["Runic Pyramid","energizedSpire:RedRose"],"picked":"SlaversCollar"}],"items_purged_floors":[20,21,41],"is_endless":false,"potions_floor_spawned":[1,6,12,22,25,28,33,35,38,47],"ascension_level":5}}