{"host":"msmkw03x1o7nq45i","time":1611907217,"event":{"mods":["AchievementEnabler","BaseMod","Bestiary","Colored Powertips","GifTheSpireLib","Highlight Path","Minty Spire (QoL Compilation)","Random Character Button","StSLib","everything is the same but u backflip on backflip"],"gold_per_floor":[169,169,185,200,216,251,10,10,37,56,81,93,111,142,142,246,246,258,269,269,64,64,64,89,109,109,109,69,85,99,111,111,210,210,230,283,296,296,296,296],"floor_reached":39,"language":"ENG","playtime":2933,"items_purged":[],"score":730,"play_id":"da2e7d04-79a0-480b-b7b6-8f08f8752f11","local_time":"20210129100017","is_ascension_mode":true,"campfire_choices":[{"data":"WaveOfTheHand","floor":15,"key":"SMITH"},{"data":"Trip","floor":23,"key":"SMITH"},{"floor":32,"key":"REST"}],"circlet_count":0,"master_deck":["AscendersBane","Strike_P","Strike_P","Strike_P","Strike_P","Defend_P+1","Defend_P","Defend_P","Defend_P","Eruption","Vigilance","ForeignInfluence","EmptyFist","Trip+1","CrushJoints","BowlingBash","WaveOfTheHand+1","CutThroughFate","Sadistic Nature","SashWhip","Blasphemy","FlurryOfBlows","Evaluate","Tantrum","Vault","MentalFortress","Conclude","BowlingBash","RitualDagger","DeusExMachina","Crescendo","Consecrate+1","Wallop+1","Omniscience","ThirdEye+1","FlurryOfBlows+1","SashWhip+1","Pain"],"relics":["Tiny House","Potion Belt","Orichalcum","Art of War","Regal Pillow","Runic Dome","Cauldron","Mango","Molten Egg 2","Ornamental Fan","Cursed Key","Pocketwatch","WarpedTongs"],"acts_visited":["Exordium","TheCity","TheBeyond"],"potions_floor_usage":[6,12,14,16,16,24,25,29,29,30,30,33,33],"damage_taken":[{"damage":0,"enemies":"Small Slimes","floor":1,"turns":3},{"damage":0,"enemies":"Cultist","floor":3,"turns":3},{"damage":7,"enemies":"Jaw Worm","floor":4,"turns":2},{"damage":11,"enemies":"2 Fungi Beasts","floor":5,"turns":3},{"damage":20,"enemies":"3 Sentries","floor":6,"turns":6},{"damage":5,"enemies":"Exordium Thugs","floor":10,"turns":3},{"damage":5,"enemies":"Gremlin Nob","floor":11,"turns":3},{"damage":0,"enemies":"3 Louse","floor":12,"turns":2},{"damage":0,"enemies":"Gremlin Gang","floor":13,"turns":4},{"damage":5,"enemies":"3 Sentries","floor":14,"turns":4},{"damage":9,"enemies":"Hexaghost","floor":16,"turns":7},{"damage":12,"enemies":"Chosen","floor":18,"turns":3},{"damage":38,"enemies":"2 Thieves","floor":19,"turns":5},{"damage":20,"enemies":"Book of Stabbing","floor":24,"turns":4},{"damage":13,"enemies":"Centurion and Healer","floor":25,"turns":5},{"damage":7,"enemies":"Snecko","floor":29,"turns":4},{"damage":0,"enemies":"Shelled Parasite and Fungi","floor":30,"turns":2},{"damage":0,"enemies":"Cultist and Chosen","floor":31,"turns":4},{"damage":23,"enemies":"Automaton","floor":33,"turns":7},{"damage":13,"enemies":"Orb Walker","floor":35,"turns":2},{"damage":9,"enemies":"2 Orb Walkers","floor":36,"turns":3},{"damage":14,"enemies":"3 Darklings","floor":37,"turns":6},{"damage":40,"enemies":"4 Shapes","floor":39,"turns":2}],"seed_played":"6978848498975874962","potions_obtained":[{"floor":0,"key":"CultistPotion"},{"floor":5,"key":"Strength Potion"},{"floor":6,"key":"Ambrosia"},{"floor":12,"key":"Dexterity Potion"},{"floor":16,"key":"Dexterity Potion"},{"floor":21,"key":"DistilledChaos"},{"floor":21,"key":"BlessingOfTheForge"},{"floor":21,"key":"SkillPotion"},{"floor":24,"key":"LiquidMemories"},{"floor":28,"key":"FearPotion"},{"floor":28,"key":"GamblersBrew"},{"floor":29,"key":"AttackPotion"},{"floor":31,"key":"PowerPotion"},{"floor":36,"key":"Weak Potion"},{"floor":37,"key":"Swift Potion"}],"is_trial":false,"path_per_floor":["M","?","M","M","M","E","$","$","T","M","E","M","M","E","R","B",null,"M","M","?","$","?","R","E","M","T","?","?","M","M","M","R","B",null,"M","?","M","?","M"],"character_chosen":"WATCHER","items_purchased":["Sadistic Nature","Explosive Potion","Cauldron","BowlingBash"],"campfire_rested":1,"item_purchase_floors":[7,7,21,21],"current_hp_per_floor":[70,70,70,63,52,32,32,32,32,27,22,22,22,17,17,8,60,48,10,35,35,29,29,23,10,10,10,10,3,3,3,45,22,74,61,52,38,38,0,0],"gold":296,"neow_bonus":"BOSS_RELIC","is_daily":false,"chose_seed":false,"campfire_upgraded":2,"win_rate":0.0,"timestamp":1611907217,"path_taken":["M","?","?","M","M","E","?","$","T","M","E","M","M","E","R","BOSS","M","M","?","$","?","R","E","?","T","?","?","M","?","M","R","BOSS","M","?","M","?","?"],"items_purchased_type":["Card","Potion","Relic","Card"],"build_version":"2020-12-22","purchased_purges":0,"victory":false,"max_hp_per_floor":[77,77,77,77,77,77,77,77,77,77,77,77,77,77,77,77,77,77,77,77,77,77,77,91,91,91,91,91,91,91,91,91,91,91,91,91,91,91,91,91],"card_choices":[{"not_picked":["ThirdEye","ClearTheMind"],"picked":"ForeignInfluence","floor":0},{"not_picked":["Sanctity","CarveReality"],"picked":"EmptyFist","floor":1},{"not_picked":["ReachHeaven","Perseverance"],"picked":"CrushJoints","floor":3},{"not_picked":["ReachHeaven","WreathOfFlame"],"picked":"BowlingBash","floor":4},{"not_picked":["CarveReality","ThirdEye"],"picked":"WaveOfTheHand","floor":5},{"not_picked":["JustLucky","ReachHeaven"],"picked":"CutThroughFate","floor":6},{"not_picked":["CrushJoints","EmptyFist"],"picked":"SashWhip","floor":10},{"not_picked":["EmptyBody","DevaForm"],"picked":"Blasphemy","floor":11},{"not_picked":["FlyingSleeves","Halt"],"picked":"FlurryOfBlows","floor":12},{"not_picked":["Protect","JustLucky"],"picked":"Evaluate","floor":13},{"not_picked":["CarveReality","Consecrate"],"picked":"Tantrum","floor":14},{"not_picked":["Ragnarok","Scrawl"],"picked":"Vault","floor":16},{"not_picked":["Prostrate","BowlingBash"],"picked":"MentalFortress","floor":18},{"not_picked":["LikeWater","FlyingSleeves"],"picked":"Conclude","floor":19},{"not_picked":["SignatureMove+1","Evaluate"],"picked":"DeusExMachina","floor":24},{"not_picked":["BowlingBash","ReachHeaven"],"picked":"Crescendo","floor":25},{"not_picked":["SashWhip+1","FollowUp+1"],"picked":"Consecrate+1","floor":29},{"not_picked":["Collect+1","Crescendo","FlyingSleeves+1"],"picked":"SKIP","floor":30},{"not_picked":["Consecrate+1","FlyingSleeves+1"],"picked":"Wallop+1","floor":31},{"not_picked":["DeusExMachina","DevaForm"],"picked":"Omniscience","floor":33},{"not_picked":["Consecrate+1","Protect"],"picked":"ThirdEye+1","floor":35},{"not_picked":["Prostrate+1","Fasting2"],"picked":"FlurryOfBlows+1","floor":36},{"not_picked":["CrushJoints+1","ClearTheMind"],"picked":"SashWhip+1","floor":37}],"player_experience":430477,"relics_obtained":[{"floor":6,"key":"Potion Belt"},{"floor":9,"key":"Orichalcum"},{"floor":11,"key":"Art of War"},{"floor":14,"key":"Regal Pillow"},{"floor":24,"key":"Mango"},{"floor":26,"key":"Molten Egg 2"},{"floor":36,"key":"Pocketwatch"}],"event_choices":[{"damage_healed":0,"gold_gain":0,"player_choice":"1 cards matched","damage_taken":0,"max_hp_gain":0,"max_hp_loss":0,"event_name":"Match and Keep!","floor":2,"gold_loss":0,"cards_obtained":["Trip"]},{"damage_healed":25,"gold_gain":0,"player_choice":"Heal","damage_taken":0,"max_hp_gain":0,"max_hp_loss":0,"event_name":"The Library","floor":20,"gold_loss":0},{"damage_healed":0,"gold_gain":0,"player_choice":"Joined the Cult","damage_taken":6,"max_hp_gain":0,"max_hp_loss":0,"event_name":"Nest","floor":22,"gold_loss":0,"cards_obtained":["RitualDagger"]},{"damage_healed":0,"gold_gain":0,"player_choice":"Opened","damage_taken":0,"relics_obtained":["Ornamental Fan"],"max_hp_gain":0,"max_hp_loss":0,"event_name":"The Mausoleum","floor":27,"gold_loss":0},{"damage_healed":0,"gold_gain":0,"player_choice":"Bought 3 Potions","damage_taken":0,"max_hp_gain":0,"max_hp_loss":0,"event_name":"The Woman in Blue","floor":28,"gold_loss":0},{"damage_healed":0,"gold_gain":0,"player_choice":"Fight","damage_taken":0,"max_hp_gain":0,"max_hp_loss":0,"event_name":"Mysterious Sphere","floor":36,"gold_loss":0},{"damage_healed":0,"gold_gain":0,"player_choice":"Rummage","damage_taken":0,"relics_obtained":["WarpedTongs"],"max_hp_gain":0,"max_hp_loss":0,"event_name":"Accursed Blacksmith","floor":38,"gold_loss":0,"cards_obtained":["Pain"]}],"is_beta":false,"boss_relics":[{"not_picked":["Busted Crown","SacredBark"],"picked":"Runic Dome"},{"not_picked":["Sozu","Velvet Choker"],"picked":"Cursed Key"}],"items_purged_floors":[],"is_endless":false,"potions_floor_spawned":[5,6,12,16,24,29,31,36,37],"killed_by":"4 Shapes","ascension_level":12}}