{"host":"h1qktzcccqnez8tx","time":1611886975,"event":{"mods":["AchievementEnabler","BaseMod","Bestiary","Better Note","Block Reminder","Colored Map","Colored Powertips","Curses Come First","Downfall","Highlight Path","Infinite Spire","Minty Spire (QoL Compilation)","Permanent Neow","Quick Restart","Relic Stats","Replay The Spire","Say the Spire","StSLib","UnlockEverythingMod"],"gold_per_floor":[111,126,5,22,35,61,81,116,142,169,188,188,203,235,235,331,331,342,353,371,331,345,373,390,390,390,45,75,91,101,114,114,214,214,233,533,545,545,557,557,557,584,584,584,602,615,635,665,665,665],"floor_reached":51,"language":"ENG","playtime":3821,"items_purged":["hexamod:Strike","hexamod:Strike"],"score":823,"play_id":"814c2954-6595-493f-b361-1a67085fe889","local_time":"20210129032255","is_ascension_mode":true,"campfire_choices":[{"data":"hexamod:Hexaguard","floor":15,"key":"SMITH"},{"floor":25,"key":"REST"},{"floor":32,"key":"REST"},{"data":"hexamod:HexaLevel","floor":40,"key":"SMITH"},{"floor":44,"key":"REST"},{"data":"hexamod:HeatCrush","floor":44,"key":"SMITH"},{"floor":49,"key":"REST"},{"data":"hexamod:ForkedFlame","floor":49,"key":"SMITH"}],"circlet_count":0,"master_deck":["hexamod:Strike","hexamod:Defend","hexamod:Defend","hexamod:Defend","hexamod:Sear","hexamod:Float","hexamod:BurningTouch+1","hexamod:Firestarter+1","hexamod:FlamesFromBeyond+1","hexamod:ThermalTransfer","hexamod:NightmareGuise","hexamod:Hexaguard+1","hexamod:NightmareGuise","hexamod:AdvancingGuard","hexamod:NightmareStrike+1","hexamod:ThermalTransfer","hexamod:SpectersWail","hexamod:GhostflameInferno","hexamod:ShieldOfDarkness","hexamod:RetreatToShadows","hexamod:SuperheatedStrike","hexamod:Incineration","hexamod:RecurringNightmare","hexamod:ThirdSeal","hexamod:RadiantFlame","hexamod:HeatCrush+1","hexamod:FastForward","hexamod:EmpoweredFlame+1","hexamod:ApocalypseNow","hexamod:NightmareGuise+1","hexamod:Hexaguard","hexamod:HexaLevel+1","AbeCurse","hexamod:FirstSeal","hexamod:RetreatToShadows+1","CurseOfTheBell","hexamod:SpectralSpark+1","hexamod:Firestarter+1","hexamod:ForkedFlame+1","hexamod:SpectersWail","hexamod:PowerFromBeyond+1","hexamod:SpectersWail+1"],"relics":["hexamod:SpiritBrand","Ring of Chaos","Gremlin Food","Mango","Regal Pillow","Replay:Rubber Ducky","Akabeko","Empty Cage","Mirror","Replay:Kaleidoscope","Orichalcum","Bronze Scales","Slimebound:StickyStick","Abe\u0027s Treasure","Centennial Puzzle","Calling Bell","infinitespire:Satchel","Meat on the Bone","Old Coin","Mummified Hand","infinitespire:Magic Flask","PreservedInsect"],"acts_visited":["Exordium","TheCity","TheBeyond"],"potions_floor_usage":[6,10,22,28,42,48,50],"damage_taken":[{"damage":0,"enemies":"Small Slimes","floor":1,"turns":5},{"damage":0,"enemies":"Cultist","floor":2,"turns":3},{"damage":1,"enemies":"Jaw Worm","floor":4,"turns":4},{"damage":0,"enemies":"3 Louse","floor":5,"turns":3},{"damage":0,"enemies":"Gremlin Nob","floor":6,"turns":3},{"damage":1,"enemies":"Lots of Slimes","floor":7,"turns":4},{"damage":0,"enemies":"Lagavulin","floor":8,"turns":6},{"damage":0,"enemies":"Gremlin Nob","floor":10,"turns":3},{"damage":0,"enemies":"Exordium Wildlife","floor":11,"turns":3},{"damage":5,"enemies":"Exordium Thugs","floor":13,"turns":4},{"damage":0,"enemies":"Lagavulin","floor":14,"turns":5},{"damage":28,"enemies":"Hexaghost","floor":16,"turns":9},{"damage":2,"enemies":"Spheric Guardian","floor":18,"turns":4},{"damage":0,"enemies":"Chosen","floor":19,"turns":3},{"damage":2,"enemies":"Snake Plant","floor":20,"turns":3},{"damage":12,"enemies":"Sentry and Sphere","floor":22,"turns":5},{"damage":18,"enemies":"Gremlin Leader","floor":23,"turns":6},{"damage":15,"enemies":"Snecko","floor":24,"turns":3},{"damage":28,"enemies":"Slavers","floor":28,"turns":5},{"damage":4,"enemies":"3 Cultists","floor":29,"turns":5},{"damage":10,"enemies":"Chosen and Byrds","floor":30,"turns":4},{"damage":0,"enemies":"Cultist and Chosen","floor":31,"turns":4},{"damage":43,"enemies":"Automaton","floor":33,"turns":9},{"damage":12,"enemies":"3 Shapes","floor":35,"turns":3},{"damage":1,"enemies":"3 Darklings","floor":37,"turns":6},{"damage":6,"enemies":"4 Shapes","floor":39,"turns":4},{"damage":9,"enemies":"Nemesis","floor":42,"turns":5},{"damage":4,"enemies":"Sphere and 2 Shapes","floor":45,"turns":4},{"damage":5,"enemies":"Writhing Mass","floor":46,"turns":4},{"damage":3,"enemies":"Maw","floor":47,"turns":6},{"damage":24,"enemies":"Giant Head","floor":48,"turns":9},{"damage":18,"enemies":"Replay:Hell Engine","floor":50,"turns":8}],"seed_played":"2532410540786647992","potions_obtained":[{"floor":2,"key":"BlessingOfTheForge"},{"floor":5,"key":"hexamod:DoubleChargePotion"},{"floor":10,"key":"infinitespire:BlackPotion"},{"floor":16,"key":"Explosive Potion"},{"floor":22,"key":"Energy Potion"},{"floor":23,"key":"SteroidPotion"},{"floor":29,"key":"DuplicationPotion"},{"floor":42,"key":"Fruit Juice"},{"floor":48,"key":"GamblersBrew"}],"is_trial":true,"path_per_floor":["M","M","$","M","M","E","M","E","T","E","M","?","M","E","R","B",null,"M","M","M","?","M","E","M","R","T","$","E","M","M","M","R","B",null,"M","AVR","M","?","M","R","?","E","T","R","M","M","M","E","R","B",null],"character_chosen":"THE_SPIRIT","items_purchased":["hexamod:FlamesFromBeyond","hexamod:ThirdSeal","Orichalcum","Bronze Scales"],"campfire_rested":4,"item_purchase_floors":[3,27,27,27],"current_hp_per_floor":[70,70,70,69,69,69,68,82,82,82,82,82,77,77,77,49,84,82,82,80,80,68,50,35,75,75,75,47,43,33,33,73,30,84,72,72,75,75,73,73,73,68,68,84,84,83,84,69,89,75],"gold":665,"neow_bonus":"","is_daily":false,"chose_seed":false,"campfire_upgraded":4,"win_rate":0.0,"timestamp":1611886975,"path_taken":["M","M","$","M","M","E","M","E","T","E","M","?","M","E","R","BOSS","M","M","?","?","M","E","M","R","T","$","E","?","M","M","R","BOSS","M","AVR","M","?","M","R","?","E","T","R","M","M","M","E","R","BOSS"],"items_purchased_type":["Card","Card","Relic","Relic"],"build_version":"2020-12-22","purchased_purges":2,"victory":true,"max_hp_per_floor":[70,70,70,70,70,70,70,84,84,84,84,84,84,84,84,84,84,84,84,84,84,84,84,84,84,84,84,84,84,84,84,84,84,84,84,84,84,84,84,84,84,84,84,84,84,84,84,89,89,89],"relic_stats":{"Regal Pillow":30,"Centennial Puzzle":[24],"counters":[32,152],"Mummified Hand":[22],"Bronze Scales":[227],"PreservedInsect":0,"Orichalcum":[48],"obtain_stats":[{"Gremlin Food":6,"Regal Pillow":9,"Mango":8,"Ring of Chaos":0,"PreservedInsect":48,"Replay:Kaleidoscope":26,"infinitespire:Magic Flask":43,"Orichalcum":27,"Empty Cage":17,"Akabeko":14,"Replay:Rubber Ducky":10,"Old Coin":36,"Calling Bell":36,"Centennial Puzzle":36,"Slimebound:StickyStick":28,"Mummified Hand":42,"Bronze Scales":27,"infinitespire:Satchel":36,"Mirror":23,"hexamod:SpiritBrand":0,"Abe\u0027s Treasure":34,"Meat on the Bone":36},{"Gremlin Food":5,"Regal Pillow":7,"Mango":7,"Ring of Chaos":0,"PreservedInsect":31,"Replay:Kaleidoscope":18,"infinitespire:Magic Flask":27,"Orichalcum":18,"Empty Cage":12,"Akabeko":11,"Replay:Rubber Ducky":8,"Old Coin":24,"Calling Bell":24,"Centennial Puzzle":24,"Slimebound:StickyStick":19,"Mummified Hand":27,"Bronze Scales":18,"infinitespire:Satchel":24,"Mirror":17,"hexamod:SpiritBrand":0,"Abe\u0027s Treasure":23,"Meat on the Bone":24},{"Gremlin Food":18,"Regal Pillow":28,"Mango":28,"Ring of Chaos":0,"PreservedInsect":144,"Replay:Kaleidoscope":76,"infinitespire:Magic Flask":121,"Orichalcum":76,"Empty Cage":52,"Akabeko":43,"Replay:Rubber Ducky":31,"Old Coin":106,"Calling Bell":106,"Centennial Puzzle":106,"Slimebound:StickyStick":81,"Mummified Hand":121,"Bronze Scales":76,"infinitespire:Satchel":106,"Mirror":73,"hexamod:SpiritBrand":0,"Abe\u0027s Treasure":103,"Meat on the Bone":106}],"Meat on the Bone":0},"card_choices":[{"not_picked":["hexamod:RecurringNightmare","hexamod:Firestarter"],"picked":"hexamod:BurningTouch","floor":1},{"not_picked":["hexamod:Again","hexamod:GhostShield"],"picked":"hexamod:Firestarter","floor":2},{"not_picked":["hexamod:FastForward","hexamod:InspiringFlames"],"picked":"hexamod:ThermalTransfer","floor":4},{"not_picked":["hexamod:FastForward","hexamod:CatchUp"],"picked":"hexamod:NightmareGuise","floor":5},{"not_picked":["hexamod:RadiantFlame","hexamod:GhostOfSpireFuture"],"picked":"hexamod:Hexaguard","floor":6},{"not_picked":["hexamod:InspiringFlames","hexamod:SwordOfDarkness"],"picked":"hexamod:NightmareGuise","floor":7},{"not_picked":["hexamod:SwordOfDarkness","hexamod:InspiringFlames"],"picked":"hexamod:AdvancingGuard","floor":8},{"not_picked":["hexamod:PhantomCloak","hexamod:HeatCrush"],"picked":"hexamod:NightmareStrike","floor":10},{"not_picked":["hexamod:ChargedBarrage","hexamod:InspiringFlames"],"picked":"hexamod:ThermalTransfer","floor":11},{"not_picked":["hexamod:FourthSeal","hexamod:InspiringFlames"],"picked":"hexamod:SpectersWail","floor":13},{"not_picked":["hexamod:SwordOfDarkness","hexamod:FirstSeal","hexamod:RecurringNightmare"],"picked":"SKIP","floor":14},{"not_picked":["hexamod:ApocalypticArmor","hexamod:TurnItUp"],"picked":"hexamod:GhostflameInferno","floor":16},{"not_picked":["hexamod:HeatMetal","hexamod:SecondSeal","hexamod:SwordOfDarkness"],"picked":"SKIP","floor":18},{"not_picked":["hexamod:PhantomFireball","hexamod:DynamicBlow"],"picked":"hexamod:ShieldOfDarkness","floor":19},{"not_picked":["hexamod:GhostShield+1","hexamod:GiftsFromTheDead"],"picked":"hexamod:RetreatToShadows","floor":20},{"not_picked":["hexamod:Rewind","hexamod:GhostflameBarrier+1"],"picked":"hexamod:SuperheatedStrike","floor":22},{"not_picked":["hexamod:BacktrackSmack","hexamod:GhostLash"],"picked":"hexamod:Incineration","floor":23},{"not_picked":["hexamod:PhantomCloak","hexamod:NecessarySacrifice"],"picked":"hexamod:RecurringNightmare","floor":24},{"not_picked":["hexamod:SpectersWail","hexamod:NightmareStrike"],"picked":"hexamod:RadiantFlame","floor":28},{"not_picked":["hexamod:GhostLash","hexamod:ThermalTransfer"],"picked":"hexamod:HeatCrush","floor":28},{"not_picked":["hexamod:HeatMetal+1","hexamod:SecondSeal"],"picked":"hexamod:FastForward","floor":29},{"not_picked":["hexamod:BacktrackSmack","hexamod:InspiringFlames","hexamod:AdvancingGuard"],"picked":"SKIP","floor":29},{"not_picked":["hexamod:SoulSteal","hexamod:SpectersWail"],"picked":"hexamod:EmpoweredFlame","floor":30},{"not_picked":["hexamod:BacktrackSmack+1","hexamod:Firestarter+1"],"picked":"hexamod:ApocalypseNow","floor":30},{"not_picked":["hexamod:FourthSeal","hexamod:GhostflameBarrier"],"picked":"hexamod:NightmareGuise+1","floor":31},{"not_picked":["hexamod:ShieldOfDarkness","hexamod:Hexaguard","hexamod:GhostLash+1"],"picked":"SKIP","floor":31},{"not_picked":["hexamod:ShieldOfDarkness","hexamod:GhostLash+1"],"picked":"hexamod:Hexaguard","floor":31},{"not_picked":["hexamod:ForkedFlame","hexamod:GhostflameInferno"],"picked":"hexamod:HexaLevel","floor":33},{"not_picked":["hexamod:AdvancingGuard+1","hexamod:RecurringNightmare+1"],"picked":"hexamod:FirstSeal","floor":35},{"not_picked":["hexamod:SpectersWail","hexamod:PowerFromBeyond+1"],"picked":"hexamod:RetreatToShadows+1","floor":35},{"not_picked":["hexamod:FourthSeal","hexamod:ThermalTransfer"],"picked":"hexamod:SpectralSpark+1","floor":37},{"not_picked":["hexamod:SpectralSpark","hexamod:FirstSeal","hexamod:Firestarter"],"picked":"SKIP","floor":37},{"not_picked":["hexamod:AdvancingGuard","hexamod:DynamicBlow+1"],"picked":"hexamod:Firestarter+1","floor":39},{"not_picked":["hexamod:InspiringFlames+1","hexamod:Firestarter+1","hexamod:ShieldOfDarkness+1"],"picked":"SKIP","floor":39},{"not_picked":["hexamod:GhostShield+1","hexamod:NightmareGuise"],"picked":"hexamod:ForkedFlame","floor":42},{"not_picked":["hexamod:FastForward+1","hexamod:Haunt+1","hexamod:EtherealExpedition"],"picked":"SKIP","floor":42},{"not_picked":["hexamod:SwordOfDarkness","hexamod:PhantomCloak","hexamod:SkipABeat"],"picked":"SKIP","floor":45},{"not_picked":["hexamod:SwordOfDarkness","hexamod:PhantomCloak","hexamod:SkipABeat"],"picked":"SKIP","floor":45},{"not_picked":["hexamod:FastForward+1","hexamod:BurningTouch"],"picked":"hexamod:SpectersWail","floor":46},{"not_picked":["hexamod:SwordOfDarkness+1","hexamod:Hexaguard"],"picked":"hexamod:PowerFromBeyond+1","floor":47},{"not_picked":["hexamod:NightmareStrike+1","hexamod:HexaLevel","hexamod:FastForward+1"],"picked":"SKIP","floor":47},{"not_picked":["hexamod:BacktrackSmack","hexamod:GhostShield"],"picked":"hexamod:SpectersWail+1","floor":48},{"not_picked":["hexamod:ShieldOfDarkness","hexamod:GhostOfSpirePresent","hexamod:HauntingEcho"],"picked":"SKIP","floor":48}],"player_experience":264736,"relics_obtained":[{"floor":6,"key":"Gremlin Food"},{"floor":8,"key":"Mango"},{"floor":9,"key":"Regal Pillow"},{"floor":10,"key":"Replay:Rubber Ducky"},{"floor":14,"key":"Akabeko"},{"floor":23,"key":"Mirror"},{"floor":26,"key":"Replay:Kaleidoscope"},{"floor":28,"key":"Slimebound:StickyStick"},{"floor":36,"key":"infinitespire:Satchel"},{"floor":36,"key":"Meat on the Bone"},{"floor":36,"key":"Old Coin"},{"floor":42,"key":"Mummified Hand"},{"floor":43,"key":"infinitespire:Magic Flask"},{"floor":48,"key":"PreservedInsect"}],"event_choices":[{"damage_healed":0,"gold_gain":0,"player_choice":"Upgraded","damage_taken":0,"max_hp_gain":0,"max_hp_loss":0,"event_name":"Upgrade Shrine","floor":12,"gold_loss":0,"cards_upgraded":["hexamod:BurningTouch"]},{"damage_healed":0,"gold_gain":0,"player_choice":"Upgrade","damage_taken":0,"max_hp_gain":0,"max_hp_loss":0,"event_name":"Designer","floor":21,"gold_loss":40,"cards_upgraded":["hexamod:FlamesFromBeyond"]},{"damage_healed":0,"gold_gain":0,"player_choice":"Forge","damage_taken":0,"max_hp_gain":0,"max_hp_loss":0,"event_name":"Accursed Blacksmith","floor":41,"gold_loss":0,"cards_upgraded":["hexamod:EmpoweredFlame"]}],"is_beta":false,"boss_relics":[{"not_picked":["ChewingGum","Replay:Wanted Poster"],"picked":"Empty Cage"},{"not_picked":["SacredBark","Replay:Drink Me"],"picked":"Abe\u0027s Treasure"}],"items_purged_floors":[3,36],"is_endless":false,"potions_floor_spawned":[1,2,5,10,16,22,23,29,30,35,42,48],"ascension_level":1}}