{"host":"vyiqbz5w606ur92t","time":1611906956,"event":{"mods":["BaseMod","Downfall","Minty Spire (QoL Compilation)","StSLib"],"gold_per_floor":[99,112,129,129,148,160,160,160,169,169,169,169],"floor_reached":10,"language":"ENG","playtime":544,"items_purged":[],"score":61,"play_id":"c5f385d3-1302-46af-8512-57deb88cc581","local_time":"20210129075556","is_ascension_mode":true,"campfire_choices":[{"data":"hexamod:Float","floor":1,"key":"SMITH"},{"data":"hexamod:FastForward","floor":8,"key":"SMITH"}],"circlet_count":0,"master_deck":["hexamod:Strike","hexamod:Strike","hexamod:Strike","hexamod:Strike","hexamod:Defend","hexamod:Defend","hexamod:Defend","hexamod:Defend","hexamod:Sear","hexamod:Float+1","hexamod:SoulSteal","hexamod:FastForward+1","hexamod:CatchUp","hexamod:CatchUp","hexamod:FirstSeal"],"relics":["Runic Pyramid","Blue Candle","CeramicFish"],"acts_visited":["Exordium"],"potions_floor_usage":[],"damage_taken":[{"damage":5,"enemies":"Jaw Worm","floor":2,"turns":4},{"damage":1,"enemies":"Small Slimes","floor":3,"turns":4},{"damage":1,"enemies":"Cultist","floor":5,"turns":3},{"damage":12,"enemies":"3 Louse","floor":6,"turns":3},{"damage":46,"enemies":"Gremlin Nob","floor":10,"turns":4}],"seed_played":"6468099968415294173","potions_obtained":[{"floor":2,"key":"SpeedPotion"},{"floor":3,"key":"Guardian:BlockOnCardUsePotion"},{"floor":5,"key":"Energy Potion"}],"is_trial":false,"path_per_floor":["R","M","M","?","M","M","T","R","?","E"],"character_chosen":"THE_SPIRIT","items_purchased":[],"campfire_rested":0,"item_purchase_floors":[],"current_hp_per_floor":[70,65,64,59,58,46,46,46,39,0,0,0],"gold":169,"neow_bonus":"BOSS_RELIC","is_daily":false,"chose_seed":false,"campfire_upgraded":2,"win_rate":0.0,"timestamp":1611906956,"path_taken":["R","M","M","?","M","M","T","R","?","E"],"items_purchased_type":[],"build_version":"2020-12-22","purchased_purges":0,"victory":false,"max_hp_per_floor":[70,70,70,70,70,70,70,70,70,70,70,70],"card_choices":[{"not_picked":["hexamod:HeatShield","hexamod:NightmareStrike"],"picked":"hexamod:SoulSteal","floor":2},{"not_picked":["hexamod:BurningTouch","hexamod:BacktrackSmack"],"picked":"hexamod:FastForward","floor":3},{"not_picked":["hexamod:Hexaguard","hexamod:FlamesFromBeyond"],"picked":"hexamod:CatchUp","floor":5},{"not_picked":["hexamod:GhostShield","hexamod:SpectersWail"],"picked":"hexamod:CatchUp","floor":6}],"player_experience":1212432,"relics_obtained":[{"floor":7,"key":"CeramicFish"}],"event_choices":[],"is_beta":false,"boss_relics":[],"items_purged_floors":[],"is_endless":false,"potions_floor_spawned":[2,3,5],"killed_by":"Gremlin Nob","ascension_level":1}}