{"host":"lq2h7q9ca6uwu60x","time":1611927192,"event":{"mods":["Act Like it!","BaseMod","Gensokyo","Marisa£®ÏF”Í°°ƒß¿Ì…≥£©","Minty Spire (QoL Compilation)","SIMod","StSLib"],"gold_per_floor":[114,114,214,225,225,256,270,200,226,252,252,131,131,149,149,223,223,646,89,104,0,18,45,295,322,345,345,598,598,270,816,816,888,888,902,902,902,1191,1321,1321],"floor_reached":39,"language":"ZHS","playtime":2540,"items_purged":["ISayNo","TenInstruments+1"],"score":925,"play_id":"8441119f-39e8-42cd-ad4b-4b78b8c31cbf","local_time":"20210129213312","is_ascension_mode":true,"campfire_choices":[{"floor":11.0,"key":"RECALL"},{"data":"AppleFeast","floor":15.0,"key":"SMITH"},{"data":"BatchProduction","floor":32,"key":"SMITH"}],"circlet_count":0,"master_deck":["AscendersBane","Stare","AllByMyself+1","TakeTheLead+1","BigDeal","RunningOfTheLeaves","AppleFeast+1","Sisterhood","ThrowingApples+1","Generousity","BatchProduction+1","Gensokyo:TurboGranny","Batlization","LadiesDemeanor","Gensokyo:MorningMist"],"relics":["Pandora\u0027s Box","Gensokyo:Justice","Gensokyo:OccultBall","Strawberry","Pen Nib","Kunai","Happy Flower","SacredBark","Medical Kit","Sling","ClockworkSouvenir","Lantern","Matryoshka","Ice Cream","StrikeDummy","Lee\u0027s Waffle","SlaversCollar","Sundial"],"acts_visited":["Exordium","Gensokyo:Gensokyo","Gensokyo:Gensokyoer"],"potions_floor_usage":[17,22,23,31],"damage_taken":[{"damage":0.0,"enemies":"Gensokyo:Python","floor":1.0,"turns":2.0},{"damage":0.0,"enemies":"Gensokyo:3_Fairies","floor":4.0,"turns":3.0},{"damage":15.0,"enemies":"Gensokyo:Cirno","floor":6.0,"turns":6.0},{"damage":12.0,"enemies":"Gensokyo:Gryphon","floor":7.0,"turns":3.0},{"damage":9.0,"enemies":"Gensokyo:Aya","floor":10.0,"turns":4.0},{"damage":0.0,"enemies":"Gensokyo:Python_and_Kodama","floor":14.0,"turns":2.0},{"damage":0.0,"enemies":"Gensokyo:Yukari","floor":16.0,"turns":7.0},{"damage":41,"enemies":"Gensokyo:AngelMirror","floor":18,"turns":11},{"damage":0,"enemies":"Gensokyo:2_Gloops","floor":20,"turns":3},{"damage":0,"enemies":"Gensokyo:Swordslinger","floor":22,"turns":2},{"damage":5,"enemies":"Gensokyo:Koishi","floor":23,"turns":4},{"damage":0,"enemies":"Gensokyo:Tenshi","floor":25,"turns":3},{"damage":18,"enemies":"Gensokyo:Slime_Group","floor":28,"turns":2},{"damage":42,"enemies":"Gensokyo:Reisen","floor":31,"turns":3},{"damage":17,"enemies":"Gensokyo:Eiki","floor":33,"turns":5},{"damage":6,"enemies":"Gensokyo:3_Boulders","floor":35,"turns":2},{"damage":21,"enemies":"Gensokyo:AncientGuardian","floor":38,"turns":5},{"damage":31,"enemies":"Gensokyo:Sharpion","floor":39,"turns":1}],"seed_played":"6906695177006318727","potions_obtained":[{"floor":7.0,"key":"Weak Potion"},{"floor":10.0,"key":"SmokeBomb"},{"floor":16.0,"key":"Fruit Juice"},{"floor":20,"key":"Swift Potion"},{"floor":22,"key":"ColorlessPotion"},{"floor":25,"key":"SmokeBomb"}],"is_trial":false,"path_per_floor":["M","?","?","M","?","E","M","?","T","E","R","$","?","M","R","B",null,"M","COS","M","?","M","E","?","E","T","?","M","?","$","E","R","B",null,"M","?","?","M","M"],"character_chosen":"TWI_CLASS","items_purchased":["RunningOfTheLeaves","Lee\u0027s Waffle","Batlization"],"campfire_rested":0,"item_purchase_floors":[12,30,30],"current_hp_per_floor":[69,69,69,69,69,61,49,49,49,40,40,40,40,40,40,40,83,42,42,42,42,42,37,37,37,37,37,19,19,84,42,42,25,69,63,63,42,21,0,0],"gold":1321,"neow_bonus":"BOSS_RELIC","is_daily":false,"chose_seed":false,"campfire_upgraded":2,"win_rate":0.0,"timestamp":1611927192,"path_taken":["M","?","?","?","?","E","M","?","T","E","R","?","?","?","R","BOSS","M","COS","M","?","?","E","?","E","T","?","M","?","?","E","R","BOSS","M","?","?","?","M"],"items_purchased_type":["Card","Relic","Card"],"build_version":"2020-12-22","purchased_purges":2,"victory":false,"max_hp_per_floor":[77,77,77,77,77,84,84,84,84,84,84,84,84,84,84,84,94,94,94,94,94,94,94,87,87,87,77,77,77,84,84,84,84,84,84,84,84,84,84,84],"card_choices":[{"not_picked":["ISayNo","FollowTherRainbow","DynamicVision"],"picked":"SKIP","floor":1.0},{"not_picked":["FollowTherRainbow","PartyTime","AllByMyself"],"picked":"SKIP","floor":4.0},{"not_picked":["Tornado","TenInstruments"],"picked":"BigDeal","floor":6.0},{"not_picked":["TwentyPercentcooler","ReinventMyself","BehindTheScene"],"picked":"SKIP","floor":7.0},{"not_picked":["Honesty","DynamicVision","Overwhelming"],"picked":"SKIP","floor":10.0},{"not_picked":["Return_To_Past","Smile"],"picked":"AppleFeast","floor":14.0},{"not_picked":["Harmanyblast","TakeTheLead"],"picked":"Sisterhood","floor":16.0},{"not_picked":["FriendOfNature+1","TenInstruments"],"picked":"ThrowingApples","floor":18},{"not_picked":["Louder","Mischief","Celebrities"],"picked":"SKIP","floor":20},{"not_picked":["CleanLibrary","FarmExpert"],"picked":"Generousity","floor":22},{"not_picked":["Anxiousness","AlloutStrike"],"picked":"BatchProduction","floor":23},{"not_picked":["Dear_Princess","AllByMyself","ServeMeal"],"picked":"SKIP","floor":25},{"not_picked":["Gensokyo:Kunekune","Gensokyo:EightFeetTall"],"picked":"Gensokyo:TurboGranny","floor":27},{"not_picked":["Mischief","HideCarefully","CheerUp"],"picked":"SKIP","floor":28},{"not_picked":["TakeTheLead","Sisterhood"],"picked":"LadiesDemeanor","floor":33},{"not_picked":["ServeMeal+1","Dear_Princess","Lasso"],"picked":"SKIP","floor":35},{"not_picked":["Gensokyo:SalamanderShield","Gensokyo:EverlastingLife"],"picked":"Gensokyo:MorningMist","floor":36},{"not_picked":["CleanLibrary","PinkiePromise","Boundary"],"picked":"SKIP","floor":38}],"player_experience":871434,"relics_obtained":[{"floor":6.0,"key":"Gensokyo:OccultBall"},{"floor":6.0,"key":"Strawberry"},{"floor":9.0,"key":"Pen Nib"},{"floor":10.0,"key":"Kunai"},{"floor":14.0,"key":"Gensokyo:OccultBall"},{"floor":16.0,"key":"Gensokyo:OccultBall"},{"floor":23,"key":"Matryoshka"},{"floor":25,"key":"Gensokyo:OccultBall"},{"floor":25,"key":"Hyacinth"},{"floor":26,"key":"StrikeDummy"},{"floor":33,"key":"Gensokyo:OccultBall"},{"floor":38,"key":"Gensokyo:OccultBall"}],"event_choices":[],"is_beta":false,"boss_relics":[{"not_picked":["Fusion Hammer","Astrolabe"],"picked":"SacredBark"},{"not_picked":["Velvet Choker","Snecko Eye"],"picked":"SlaversCollar"}],"items_purged_floors":[12,30],"is_endless":false,"potions_floor_spawned":[7,10,16,20,22,25,31],"killed_by":"Gensokyo:Sharpion","ascension_level":15}}