{"host":"1focbxb2e8qu7ccd","time":1611959652,"event":{"mods":["BaseMod","Minty Spire (QoL Compilation)","Relic Stats"],"gold_per_floor":[115,132,147,158,171,206,23,62,117,42,42,42,42,80,80,166,247,275,39,66,78,87,87,129,129,156,183,256,181,193,193,193,279,279,298,358,382,382,382],"floor_reached":38,"language":"ENG","playtime":3262,"items_purged":["Distraction"],"score":865,"play_id":"8c8f69de-c4b7-4a0a-850a-984284878e62","local_time":"20210129173412","is_ascension_mode":true,"campfire_choices":[{"data":"Neutralize","floor":13,"key":"SMITH"},{"data":"Deadly Poison","floor":15,"key":"SMITH"},{"data":"Bullet Time","floor":23,"key":"SMITH"},{"floor":32,"key":"REST"}],"circlet_count":0,"master_deck":["AscendersBane","Survivor","Neutralize+1","PiercingWail","Underhanded Strike","Quick Slash+1","Tools of the Trade","Dagger Throw","Poisoned Stab","Deadly Poison+1","Bullet Time+1","Dagger Spray","Flechettes","Acrobatics","Outmaneuver","Caltrops","Blade Dance","Choke+1","Finisher+1","Ghostly","Ghostly","Ghostly","PiercingWail","Well Laid Plans","Phantasmal Killer","Doubt","Leg Sweep"],"relics":["Ring of the Snake","Orichalcum","CeramicFish","Lee\u0027s Waffle","Bag of Marbles","Juzu Bracelet","Pandora\u0027s Box","Sling","Whetstone","Lantern","Tiny Chest","Gremlin Horn","Cursed Key"],"acts_visited":["Exordium","TheCity","TheBeyond"],"potions_floor_usage":[6,6,8,33,33,37,37],"damage_taken":[{"damage":2,"enemies":"Cultist","floor":1,"turns":4},{"damage":2,"enemies":"2 Louse","floor":2,"turns":4},{"damage":0,"enemies":"Small Slimes","floor":3,"turns":5},{"damage":12,"enemies":"Blue Slaver","floor":4,"turns":5},{"damage":3,"enemies":"2 Fungi Beasts","floor":5,"turns":4},{"damage":37,"enemies":"Lagavulin","floor":6,"turns":8},{"damage":19,"enemies":"3 Sentries","floor":8,"turns":8},{"damage":18,"enemies":"Lagavulin","floor":14,"turns":5},{"damage":9,"enemies":"The Guardian","floor":16,"turns":9},{"damage":17,"enemies":"2 Thieves","floor":18,"turns":4},{"damage":0,"enemies":"Chosen","floor":21,"turns":2},{"damage":0,"enemies":"Gremlin Leader","floor":24,"turns":5},{"damage":14,"enemies":"Book of Stabbing","floor":27,"turns":5},{"damage":1,"enemies":"3 Cultists","floor":30,"turns":5},{"damage":20,"enemies":"Automaton","floor":33,"turns":8},{"damage":23,"enemies":"3 Shapes","floor":35,"turns":10},{"damage":0,"enemies":"3 Darklings","floor":37,"turns":5},{"damage":23,"enemies":"Transient","floor":38,"turns":4}],"seed_played":"-8486771002685833044","potions_obtained":[{"floor":3,"key":"Energy Potion"},{"floor":5,"key":"Dexterity Potion"},{"floor":6,"key":"Fire Potion"},{"floor":21,"key":"EssenceOfSteel"},{"floor":30,"key":"PowerPotion"},{"floor":33,"key":"GamblersBrew"},{"floor":35,"key":"Explosive Potion"}],"is_trial":false,"path_per_floor":["M","M","M","M","M","E","$","E","T","?","?","$","R","E","R","B",null,"M","$","?","M","?","R","E","?","T","E","T","?","M","?","R","B",null,"M","T","M","M"],"character_chosen":"THE_SILENT","items_purchased":["Lee\u0027s Waffle","Poisoned Stab","Sling"],"campfire_rested":1,"item_purchase_floors":[7,7,19],"current_hp_per_floor":[57,55,55,43,40,3,73,54,54,54,54,54,54,36,36,27,62,45,45,36,36,36,36,36,28,28,14,14,14,13,13,25,5,32,9,9,9,0,0],"gold":382,"neow_bonus":"RANDOM_COMMON_RELIC","is_daily":false,"chose_seed":false,"campfire_upgraded":3,"win_rate":0.0,"timestamp":1611959652,"path_taken":["M","M","M","?","M","E","$","E","T","?","?","?","R","E","R","BOSS","M","$","?","M","?","R","E","?","T","E","?","?","M","?","R","BOSS","M","?","M","M"],"items_purchased_type":["Relic","Card","Relic"],"build_version":"2020-12-22","purchased_purges":1,"victory":false,"max_hp_per_floor":[66,66,66,66,66,66,73,73,73,73,73,73,73,73,73,73,73,73,73,36,36,36,36,36,41,41,41,41,41,41,41,41,41,41,41,41,41,41,41],"relic_stats":{"Lee\u0027s Waffle":70,"Gremlin Horn":[10,11],"counters":[18,100],"CeramicFish":207,"Pandora\u0027s Box":["Doppelganger","Distraction","Dagger Spray","Flechettes","Acrobatics","Outmaneuver","Caltrops","Blade Dance","Choke"],"Tiny Chest":1,"Juzu Bracelet":1,"Whetstone":["Choke","Quick Slash"],"Orichalcum":[426],"Cursed Key":1,"obtain_stats":[{"Lee\u0027s Waffle":7,"Lantern":26,"Gremlin Horn":28,"CeramicFish":6,"Juzu Bracelet":9,"Whetstone":24,"Orichalcum":0,"Sling":19,"Cursed Key":34,"Pandora\u0027s Box":17,"Tiny Chest":27,"Bag of Marbles":8,"Ring of the Snake":0},{"Lee\u0027s Waffle":6,"Lantern":12,"Gremlin Horn":13,"CeramicFish":6,"Juzu Bracelet":7,"Whetstone":12,"Orichalcum":0,"Sling":10,"Cursed Key":15,"Pandora\u0027s Box":9,"Tiny Chest":13,"Bag of Marbles":7,"Ring of the Snake":0},{"Lee\u0027s Waffle":30,"Lantern":63,"Gremlin Horn":68,"CeramicFish":30,"Juzu Bracelet":38,"Whetstone":63,"Orichalcum":0,"Sling":56,"Cursed Key":81,"Pandora\u0027s Box":52,"Tiny Chest":68,"Bag of Marbles":38,"Ring of the Snake":0}],"Ring of the Snake":[36]},"card_choices":[{"not_picked":["Calculated Gamble","Prepared"],"picked":"PiercingWail","floor":1},{"not_picked":["Expertise","Prepared","Blur"],"picked":"SKIP","floor":2},{"not_picked":["Deflect","Slice"],"picked":"Underhanded Strike","floor":3},{"not_picked":["Slice","Deadly Poison"],"picked":"Quick Slash","floor":4},{"not_picked":["Blade Dance","Bane"],"picked":"Tools of the Trade","floor":5},{"not_picked":["PiercingWail","Outmaneuver"],"picked":"Dagger Throw","floor":6},{"not_picked":["Slice","A Thousand Cuts"],"picked":"Deadly Poison","floor":8},{"not_picked":["Prepared","All Out Attack"],"picked":"Deadly Poison","floor":14},{"not_picked":["Phantasmal Killer","Venomology"],"picked":"Bullet Time","floor":16},{"not_picked":["Cloak And Dagger","Deflect"],"picked":"Finisher+1","floor":18},{"not_picked":["Cloak And Dagger","Slice","Caltrops"],"picked":"SKIP","floor":21},{"not_picked":["All Out Attack","Infinite Blades"],"picked":"Well Laid Plans","floor":24},{"not_picked":["Prepared","All Out Attack+1","Cloak And Dagger"],"picked":"SKIP","floor":27},{"not_picked":["Skewer","Dagger Spray","Dagger Throw"],"picked":"SKIP","floor":30},{"not_picked":["Malaise","Grand Finale"],"picked":"Phantasmal Killer","floor":33},{"not_picked":["Predator","Prepared","Deadly Poison"],"picked":"SKIP","floor":35},{"not_picked":["Choke","Eviscerate"],"picked":"Leg Sweep","floor":37}],"player_experience":823717,"relics_obtained":[{"floor":6,"key":"CeramicFish"},{"floor":8,"key":"Bag of Marbles"},{"floor":9,"key":"Juzu Bracelet"},{"floor":24,"key":"Whetstone"},{"floor":26,"key":"Lantern"},{"floor":27,"key":"Tiny Chest"},{"floor":28,"key":"Gremlin Horn"}],"event_choices":[{"cards_removed":["Strike_G"],"damage_healed":0,"gold_gain":0,"player_choice":"Card Removal","damage_taken":0,"max_hp_gain":0,"max_hp_loss":0,"event_name":"The Cleric","floor":10,"gold_loss":75},{"damage_healed":0,"gold_gain":0,"player_choice":"Ignored","damage_taken":0,"max_hp_gain":0,"max_hp_loss":0,"event_name":"Liars Game","floor":11,"gold_loss":0},{"damage_healed":0,"gold_gain":0,"player_choice":"Became a Ghost","damage_taken":0,"max_hp_gain":0,"max_hp_loss":37,"event_name":"Ghosts","floor":20,"gold_loss":0,"cards_obtained":["Ghostly","Ghostly","Ghostly"]},{"damage_healed":0,"gold_gain":0,"player_choice":"Read","damage_taken":0,"max_hp_gain":0,"max_hp_loss":0,"event_name":"The Library","floor":22,"gold_loss":0,"cards_obtained":["PiercingWail"]},{"damage_healed":0,"gold_gain":0,"player_choice":"Shed Blood","damage_taken":13,"max_hp_gain":5,"max_hp_loss":0,"event_name":"Forgotten Altar","floor":25,"gold_loss":0},{"cards_removed":["Doppelganger"],"damage_healed":0,"gold_gain":0,"player_choice":"Gave Gold","damage_taken":0,"max_hp_gain":0,"max_hp_loss":0,"event_name":"Beggar","floor":29,"gold_loss":75},{"cards_removed":["Deadly Poison"],"damage_healed":0,"gold_gain":0,"player_choice":"Elegance","damage_taken":0,"max_hp_gain":0,"max_hp_loss":0,"event_name":"Back to Basics","floor":31,"gold_loss":0}],"is_beta":false,"boss_relics":[{"not_picked":["WristBlade","Busted Crown"],"picked":"Pandora\u0027s Box"},{"not_picked":["Sozu","Snecko Eye"],"picked":"Cursed Key"}],"items_purged_floors":[19],"is_endless":false,"potions_floor_spawned":[3,5,6,21,30,33,35],"killed_by":"Transient","ascension_level":18}}