{"host":"5gc11emcm5chfr5t","time":1611913321,"event":{"mods":["2.2 Compatiblity","AchievementEnabler","BaseMod","Bestiary","Better Note","Colored Map","Colored Powertips","Downfall","Googly Eyes","Minty Spire (QoL Compilation)","Rare Cards Sparkle","StSLib"],"gold_per_floor":[99,112,124,124,109,9,9,27,55,55,387,406,219,250,260,260,260,260],"floor_reached":16,"language":"ENG","playtime":1030,"items_purged":[],"score":440,"play_id":"f271fbb2-1455-4a55-ab72-3b768ba32fbb","local_time":"20210129044201","daily_mods":["Hoarder","Heirloom","DeadlyEvents"],"is_ascension_mode":true,"campfire_choices":[{"floor":1,"key":"RECALL"},{"data":"sneckomod:TailWhip","floor":6,"key":"SMITH"},{"data":"sneckomod:ImprovisedGuard","floor":10,"key":"SMITH"}],"circlet_count":0,"master_deck":["AscendersBane","sneckomod:Strike","sneckomod:Strike","sneckomod:Defend","sneckomod:Defend","sneckomod:Defend","sneckomod:TailWhip+1","sneckomod:SnekBite","sneckomod:Unknown","sneckomod:Unknown","sneckomod:WideSting","sneckomod:WideSting","sneckomod:WideSting","sneckomod:UnknownUncommonSkill","sneckomod:UnknownUncommonSkill","sneckomod:UnknownUncommonSkill","sneckomod:CheapStock","sneckomod:CheapStock","sneckomod:CheapStock","sneckomod:UnknownDraw","sneckomod:UnknownDraw","sneckomod:UnknownDraw","sneckomod:ImprovisedGuard+1","sneckomod:ImprovisedGuard","sneckomod:ImprovisedGuard","sneckomod:SoulRoll","sneckomod:SoulRoll","sneckomod:SoulRoll","sneckomod:QuickMove","sneckomod:QuickMove","sneckomod:QuickMove","sneckomod:UnknownCommonSkill","sneckomod:UnknownCommonSkill","sneckomod:UnknownCommonSkill"],"relics":["Snecko Eye","CaptainsWheel","downfall:HeartBlessingRed","bronze:DecasWashers","Vajra","Old Coin","Toy Ornithopter","Ornamental Fan"],"acts_visited":["Exordium"],"potions_floor_usage":[13,13],"damage_taken":[{"damage":2,"enemies":"Jaw Worm","floor":2,"turns":3},{"damage":0,"enemies":"Cultist","floor":3,"turns":4},{"damage":0,"enemies":"downfall:FleeingMerchant","floor":5,"turns":4},{"damage":0,"enemies":"2 Louse","floor":8,"turns":1},{"damage":0,"enemies":"Lagavulin","floor":9,"turns":3},{"damage":1,"enemies":"Gremlin Nob","floor":11,"turns":3},{"damage":0,"enemies":"2 Fungi Beasts","floor":12,"turns":1},{"damage":0,"enemies":"downfall:FleeingMerchant","floor":13,"turns":4},{"damage":0,"enemies":"Lagavulin","floor":14,"turns":5},{"damage":0,"enemies":"Large Slime","floor":15,"turns":3},{"damage":76,"enemies":"SI_SHIV_ARCHETYPE","floor":16,"turns":7}],"seed_played":"-6704020912910276375","potions_obtained":[{"floor":8,"key":"GamblersBrew"},{"floor":11,"key":"LiquidBronze"},{"floor":12,"key":"champ:CounterPotion"}],"is_trial":true,"path_per_floor":["R","M","M","?","$","R","T","M","E","R","E","M","$","E","M","B"],"character_chosen":"THE_SNECKO","items_purchased":["Toy Ornithopter"],"campfire_rested":0,"item_purchase_floors":[13],"current_hp_per_floor":[75,73,73,73,73,73,73,73,73,73,72,72,72,72,72,0,0,0],"gold":260,"neow_bonus":"","is_daily":false,"chose_seed":false,"campfire_upgraded":2,"win_rate":0.0,"timestamp":1611913321,"path_taken":["R","M","M","?","?","R","T","M","E","R","E","M","$","E","M","BOSS"],"items_purchased_type":["Relic"],"build_version":"2020-12-22","purchased_purges":0,"victory":false,"max_hp_per_floor":[83,83,83,83,83,83,83,83,83,83,83,83,83,83,83,83,83,83],"card_choices":[{"not_picked":["sneckomod:SoulRoll","sneckomod:UnknownBlock"],"picked":"sneckomod:WideSting","floor":2},{"not_picked":["sneckomod:Unknown0Cost","sneckomod:Unknown2Cost"],"picked":"sneckomod:UnknownUncommonSkill","floor":3},{"not_picked":["sneckomod:SoulDraw","sneckomod:SoulExchange"],"picked":"sneckomod:CheapStock","floor":5},{"not_picked":["sneckomod:TrashToTreasure","sneckomod:SoulRoll"],"picked":"sneckomod:UnknownDraw","floor":8},{"not_picked":["sneckomod:WideSting","sneckomod:SnakeSap"],"picked":"sneckomod:ImprovisedGuard","floor":9},{"not_picked":["sneckomod:UnknownStrength","sneckomod:UnendingSupply"],"picked":"sneckomod:SoulRoll","floor":11},{"not_picked":["sneckomod:UnknownUncommonSkill","sneckomod:WideSting"],"picked":"sneckomod:QuickMove","floor":12},{"not_picked":["sneckomod:UnknownX","sneckomod:UnknownDraw","sneckomod:Nope"],"picked":"SKIP","floor":13},{"not_picked":["sneckomod:QuickBite","sneckomod:UnknownUncommonSkill","sneckomod:UnknownCommonAttack"],"picked":"SKIP","floor":14},{"not_picked":["sneckomod:SoulRoll","sneckomod:Nope"],"picked":"sneckomod:UnknownCommonSkill","floor":15}],"player_experience":576490,"relics_obtained":[{"floor":7,"key":"bronze:DecasWashers"},{"floor":9,"key":"Vajra"},{"floor":11,"key":"Old Coin"},{"floor":14,"key":"Ornamental Fan"}],"event_choices":[{"cards_removed":["sneckomod:Strike"],"damage_healed":0,"gold_gain":0,"player_choice":"Offered Basic","damage_taken":0,"max_hp_gain":0,"max_hp_loss":0,"event_name":"Bonfire Elementals","floor":4,"gold_loss":0}],"is_beta":false,"boss_relics":[],"items_purged_floors":[],"is_endless":true,"potions_floor_spawned":[8,11,12],"killed_by":"SI_SHIV_ARCHETYPE","ascension_level":20}}