{"host":"mmro3auxcbu5pwad","time":1611917568,"event":{"mods":["Aspiration","BaseMod","Conspire","Energized Spire","Halation","Hubris","Infinite Spire","Minty Spire (QoL Compilation)","Permanent Neow","Replay The Spire","StSLib"],"gold_per_floor":[111,111,36,53,65,65,78,78,78,104,124,124,124,141,141,141,141],"floor_reached":16,"language":"ENG","playtime":598,"items_purged":["Strike_P"],"score":112,"play_id":"ae88649e-60e3-4bbf-9c03-26dd36b38404","local_time":"20210129115248","is_ascension_mode":true,"campfire_choices":[{"data":"PathToVictory","floor":6,"key":"SMITH"},{"data":"ThirdEye","floor":8,"key":"SMITH"},{"data":"JustLucky","floor":12,"key":"SMITH"},{"floor":15,"key":"REST"}],"circlet_count":0,"master_deck":["Strike_P","Strike_P","Strike_P","Defend_P","Defend_P","Defend_P","Defend_P","Vigilance","PathToVictory+1","Replay:Cycle","ThirdEye+1","JustLucky+1","CutThroughFate","hubris:TrickCloak"],"relics":["PureWater","Du-Vu Doll","hubris:DisguiseKit","aspiration:ChemicalBlood"],"acts_visited":["Exordium"],"potions_floor_usage":[5,10,11,16,16],"damage_taken":[{"damage":1,"enemies":"conspire:RoseBush","floor":1,"turns":4},{"damage":0,"enemies":"Cultist","floor":4,"turns":4},{"damage":2,"enemies":"Jaw Worm","floor":5,"turns":4},{"damage":13,"enemies":"3 Louse","floor":7,"turns":4},{"damage":5,"enemies":"Lagavulin","floor":10,"turns":4},{"damage":13,"enemies":"Gremlin Gang","floor":11,"turns":4},{"damage":5,"enemies":"Lots of Slimes","floor":14,"turns":5},{"damage":35,"enemies":"Slime Boss","floor":16,"turns":7}],"seed_played":"-4245298593822513023","potions_obtained":[{"floor":4,"key":"SkillPotion"},{"floor":5,"key":"DuplicationPotion"},{"floor":10,"key":"Explosive Potion"}],"is_trial":false,"path_per_floor":["M","?","$","M","M","R","M","R","T","E","M","R","?","M","R","B"],"character_chosen":"WATCHER","items_purchased":[],"campfire_rested":1,"item_purchase_floors":[],"current_hp_per_floor":[64,64,64,64,62,62,49,49,49,44,31,31,31,26,45,15,15],"gold":141,"neow_bonus":"ONE_RARE_RELIC","is_daily":false,"chose_seed":false,"campfire_upgraded":3,"win_rate":0.0,"timestamp":1611917568,"path_taken":["M","?","$","M","?","R","M","R","T","E","M","R","?","M","R","BOSS"],"items_purchased_type":[],"build_version":"2020-12-22","purchased_purges":1,"victory":false,"max_hp_per_floor":[65,65,65,65,65,65,65,65,65,65,65,65,65,65,65,70,70],"card_choices":[{"not_picked":["ReachHeaven","Crescendo"],"picked":"PathToVictory","floor":1},{"not_picked":["Replay:AtTheReady","CutThroughFate"],"picked":"Replay:Cycle","floor":4},{"not_picked":["FlurryOfBlows","Weave","FollowUp"],"picked":"SKIP","floor":5},{"not_picked":["Evaluate","Sanctity"],"picked":"ThirdEye","floor":7},{"not_picked":["Consecrate","EmptyFist","Venomology"],"picked":"JustLucky","floor":10},{"not_picked":["WaveOfTheHand","EmptyFist","Escape Plan"],"picked":"CutThroughFate","floor":11},{"not_picked":["Replay:Vibes","JustLucky","FlurryOfBlows"],"picked":"hubris:TrickCloak","floor":14}],"player_experience":83465,"relics_obtained":[{"floor":9,"key":"hubris:DisguiseKit"},{"floor":10,"key":"aspiration:ChemicalBlood"}],"event_choices":[{"cards_removed":["Eruption"],"damage_healed":0,"gold_gain":0,"player_choice":"Offered Basic","damage_taken":0,"max_hp_gain":0,"max_hp_loss":0,"event_name":"Bonfire Elementals","floor":2,"gold_loss":0},{"damage_healed":0,"gold_gain":0,"player_choice":"Leave","damage_taken":0,"max_hp_gain":0,"max_hp_loss":0,"event_name":"conspire:Investor","floor":13,"gold_loss":0}],"is_beta":false,"boss_relics":[],"items_purged_floors":[3],"is_endless":false,"potions_floor_spawned":[4,5,10],"killed_by":"Slime Boss","ascension_level":2}}