{"host":"1c7jotkkc04esl4v","time":1611909791,"event":{"mods":["BaseMod","Downfall","Hubris","Minty Spire (QoL Compilation)","Monster B Gone","StSLib","The Alterego"],"gold_per_floor":[111,111,111,111,111,143,143,168,168,66,82,82,109,125,125,230,230,246,5,18,18,38,69,69,98,122,135,135,151,151,177,177,273,273,291,291,291,309,85,111,111,126,153,0,0,0,19,37,37,37],"floor_reached":51,"language":"ENG","playtime":2523,"items_purged":["alterego_mod:Strike","alterego_mod:Strike","Pain"],"score":966,"play_id":"50dbaf6c-da95-4d6d-a40f-7b13b5a28456","local_time":"20210129024311","is_ascension_mode":true,"campfire_choices":[{"data":"alterego_mod:BrynhildrsRune","floor":7.0,"key":"SMITH"},{"data":"alterego_mod:Birthday","floor":12.0,"key":"SMITH"},{"data":"alterego_mod:SakuraFive","floor":15.0,"key":"SMITH"},{"data":"alterego_mod:Venus","floor":28,"key":"SMITH"},{"data":"alterego_mod:Venus","floor":30,"key":"SMITH"},{"data":"alterego_mod:PainIsPleasure","floor":32,"key":"SMITH"},{"data":"alterego_mod:Birthday","floor":41,"key":"SMITH"},{"data":"alterego_mod:Birthday","floor":49,"key":"SMITH"}],"circlet_count":0,"master_deck":["alterego_mod:Strike","alterego_mod:Strike+1","alterego_mod:Defend","alterego_mod:Defend","alterego_mod:Defend+1","alterego_mod:Defend","alterego_mod:Impale+1","alterego_mod:BrynhildrsRune+1","Regret","alterego_mod:Birthday+1","alterego_mod:SakuraFive+1","alterego_mod:Venus+1","alterego_mod:Birthday+1","alterego_mod:Birthday+1","alterego_mod:Venus+1","alterego_mod:PainIsPleasure+1","hubris:NaturalOne","alterego_mod:Birthday+1","alterego_mod:Birthday+1","alterego_mod:Pet","alterego_mod:Pet","alterego_mod:Pet+1","alterego_mod:Pet"],"relics":["alterego_mod:MasochisticConstitution","Blue Candle","Meat on the Bone","The Courier","hubris:ToyBattleship","Anchor","Coffee Dripper","DollysMirror","hubris:Icosahedron","Ancient Tea Set","Art of War","Ornamental Fan","Potion Belt","hubris:MedicalManual","Velvet Choker","WarpedTongs","Vajra","hubris:DisguiseKit","Bag of Marbles","Red Mask","Shuriken"],"acts_visited":["Exordium","TheCity","TheBeyond"],"potions_floor_usage":[31,33],"damage_taken":[{"damage":10.0,"enemies":"Jaw Worm","floor":1.0,"turns":6.0},{"damage":12.0,"enemies":"Gremlin Nob","floor":6.0,"turns":4.0},{"damage":32.0,"enemies":"3 Sentries","floor":8.0,"turns":11.0},{"damage":8.0,"enemies":"Small Slimes","floor":11.0,"turns":4.0},{"damage":23.0,"enemies":"Gremlin Nob","floor":13.0,"turns":5.0},{"damage":1.0,"enemies":"2 Louse","floor":14.0,"turns":3.0},{"damage":36.0,"enemies":"Hexaghost","floor":16.0,"turns":8.0},{"damage":9.0,"enemies":"Spheric Guardian","floor":18.0,"turns":4.0},{"damage":1.0,"enemies":"3 Byrds","floor":20.0,"turns":4.0},{"damage":22.0,"enemies":"Cultist and Chosen","floor":22.0,"turns":6.0},{"damage":32.0,"enemies":"Gremlin Leader","floor":23.0,"turns":5.0},{"damage":65,"enemies":"Book of Stabbing","floor":25,"turns":7},{"damage":18,"enemies":"3 Cultists","floor":27,"turns":6},{"damage":2,"enemies":"Chosen and Byrds","floor":29,"turns":4},{"damage":17,"enemies":"Slavers","floor":31,"turns":6},{"damage":63,"enemies":"Automaton","floor":33,"turns":7},{"damage":2,"enemies":"3 Darklings","floor":35,"turns":5},{"damage":39,"enemies":"3 Shapes","floor":38,"turns":4},{"damage":19,"enemies":"Reptomancer","floor":40,"turns":5},{"damage":3,"enemies":"3 Darklings","floor":42,"turns":3},{"damage":36,"enemies":"Spire Growth","floor":47,"turns":4},{"damage":2,"enemies":"Transient","floor":48,"turns":5},{"damage":44,"enemies":"Donu and Deca","floor":50,"turns":8}],"seed_played":"3707512876303124053","potions_obtained":[{"floor":6.0,"key":"ColorlessPotion"},{"floor":11.0,"key":"Weak Potion"},{"floor":16.0,"key":"champ:CounterPotion"},{"floor":20.0,"key":"bronze:BurnAndBuffPotion"},{"floor":27,"key":"Weak Potion"},{"floor":29,"key":"CultistPotion"},{"floor":31,"key":"Energy Potion"},{"floor":33,"key":"hexamod:SoulburnPotion"},{"floor":47,"key":"Weak Potion"},{"floor":48,"key":"Fire Potion"}],"is_trial":false,"path_per_floor":["M","?","?","?","?","E","R","E","T","$","M","R","E","M","R","B",null,"M","$","M","?","M","E","T","E","T","M","R","M","R","E","R","B",null,"M","?","?","M","$","E","R","M","T","?","$","?","M","M","R","B",null],"character_chosen":"The_Alterego","items_purchased":["alterego_mod:Birthday","alterego_mod:Birthday","DollysMirror","Vajra"],"campfire_rested":0,"item_purchase_floors":[10,19,19,39],"current_hp_per_floor":[68,68,63,63,49,38,38,33,33,33,47,47,47,57,57,37,77,77,77,79,79,68,53,53,41,41,46,46,54,54,54,54,35,86,87,87,87,58,58,89,89,88,88,88,88,88,68,92,92,63],"gold":37,"neow_bonus":"REMOVE_CARD","is_daily":false,"chose_seed":false,"campfire_upgraded":8,"win_rate":0.0,"timestamp":1611909791,"path_taken":["M","?","?","?","?","E","R","E","T","?","M","R","E","M","R","BOSS","M","?","M","?","M","E","?","E","T","M","R","M","R","E","R","BOSS","M","?","?","?","$","E","R","M","T","?","?","?","M","M","R","BOSS"],"items_purchased_type":["Card","Card","Relic","Relic"],"build_version":"2020-12-22","purchased_purges":3,"victory":true,"max_hp_per_floor":[71,71,71,71,71,72,72,73,73,73,74,74,75,76,76,77,77,78,78,79,79,80,81,81,82,82,83,83,84,84,85,85,86,86,87,87,87,88,88,89,89,90,90,90,90,90,91,92,92,93],"card_choices":[{"not_picked":["alterego_mod:MagicResistance","alterego_mod:BusterCard","alterego_mod:DiscoLights"],"picked":"SKIP","floor":1.0},{"not_picked":["alterego_mod:SuperDuperMasochism","alterego_mod:Cycle","alterego_mod:Skirt"],"picked":"SKIP","floor":6.0},{"not_picked":["alterego_mod:STier","alterego_mod:PresenceConcealment","alterego_mod:Punishment"],"picked":"SKIP","floor":8.0},{"not_picked":["alterego_mod:Belts","alterego_mod:PerceptionDisorder","alterego_mod:Complex"],"picked":"SKIP","floor":11.0},{"not_picked":["alterego_mod:SakuraLabyrinth","alterego_mod:DeftHands"],"picked":"alterego_mod:SakuraFive","floor":13.0},{"not_picked":["alterego_mod:Cooking","alterego_mod:DustData","alterego_mod:BiFurious"],"picked":"SKIP","floor":14.0},{"not_picked":["alterego_mod:STier","alterego_mod:BrynhildrRomantia"],"picked":"alterego_mod:Venus","floor":16.0},{"not_picked":["alterego_mod:Jiggle","alterego_mod:DestructionOfProperty"],"picked":"alterego_mod:Birthday+1","floor":18.0},{"not_picked":["alterego_mod:Rip","alterego_mod:Undulate","alterego_mod:Skirt"],"picked":"SKIP","floor":20.0},{"not_picked":["alterego_mod:Complex+1","alterego_mod:BusterCard"],"picked":"alterego_mod:PainIsPleasure","floor":22.0},{"not_picked":["alterego_mod:Crossover","alterego_mod:Jiggle","alterego_mod:TrashNCrash"],"picked":"SKIP","floor":23.0},{"not_picked":["alterego_mod:Support","alterego_mod:Mirror","alterego_mod:PerceptionDisorder"],"picked":"SKIP","floor":25},{"not_picked":["alterego_mod:Valentines","alterego_mod:Clones","alterego_mod:Skirt"],"picked":"SKIP","floor":27},{"not_picked":["alterego_mod:PerceptionDisorder","alterego_mod:GoddessCore","alterego_mod:DeftHands+1"],"picked":"SKIP","floor":29},{"not_picked":["alterego_mod:DiscoLights","alterego_mod:Weigh"],"picked":"alterego_mod:Birthday","floor":31},{"not_picked":["alterego_mod:MaintainEyeContact","alterego_mod:Crossover+1"],"picked":"alterego_mod:Birthday+1","floor":35},{"not_picked":["alterego_mod:Cycle","alterego_mod:BreastValley+1"],"picked":"alterego_mod:Pet","floor":38},{"not_picked":["alterego_mod:Valentines+1","alterego_mod:DeftHands+1"],"picked":"alterego_mod:Pet+1","floor":40},{"not_picked":["alterego_mod:BoobPocket+1","alterego_mod:PurpleHair","Anger"],"picked":"alterego_mod:Pet","floor":42},{"not_picked":["alterego_mod:BusterCard","alterego_mod:MagicResistance","alterego_mod:Cycle","Pommel Strike"],"picked":"SKIP","floor":47},{"not_picked":["alterego_mod:AlterEgo","alterego_mod:Cooking","alterego_mod:BusterCard+1","Bloodletting"],"picked":"SKIP","floor":48}],"player_experience":356195,"relics_obtained":[{"floor":6.0,"key":"The Courier"},{"floor":8.0,"key":"hubris:ToyBattleship"},{"floor":13.0,"key":"Anchor"},{"floor":23.0,"key":"Ancient Tea Set"},{"floor":24.0,"key":"Art of War"},{"floor":25,"key":"Ornamental Fan"},{"floor":26,"key":"Potion Belt"},{"floor":31,"key":"hubris:MedicalManual"},{"floor":40,"key":"hubris:DisguiseKit"},{"floor":43,"key":"Bag of Marbles"},{"floor":46,"key":"Shuriken"}],"event_choices":[{"damage_healed":0.0,"max_hp_gain":0.0,"max_hp_loss":0.0,"gold_gain":0.0,"event_name":"Living Wall","player_choice":"Grow","floor":2.0,"gold_loss":0.0,"damage_taken":0.0,"cards_upgraded":["alterego_mod:Impale"]},{"damage_healed":0.0,"max_hp_gain":0.0,"max_hp_loss":0.0,"gold_gain":0.0,"event_name":"Big Fish","player_choice":"Box","floor":4.0,"gold_loss":0.0,"damage_taken":0.0,"relics_obtained":["Meat on the Bone"],"cards_obtained":["Regret"]},{"damage_healed":0.0,"max_hp_gain":0.0,"max_hp_loss":0.0,"gold_gain":0.0,"event_name":"Shining Light","player_choice":"Entered Light","floor":5.0,"gold_loss":0.0,"damage_taken":14.0,"cards_upgraded":["alterego_mod:Strike","alterego_mod:Defend"]},{"damage_healed":0,"gold_gain":0,"player_choice":"Rummage","damage_taken":0,"relics_obtained":["WarpedTongs"],"max_hp_gain":0,"max_hp_loss":0,"event_name":"Accursed Blacksmith","floor":37,"gold_loss":0,"cards_obtained":["Pain"]},{"damage_healed":0,"gold_gain":0,"player_choice":"Paid","damage_taken":0,"relics_obtained":["Red Mask"],"max_hp_gain":0,"max_hp_loss":0,"event_name":"Tomb of Lord Red Mask","floor":44,"gold_loss":153},{"damage_healed":0,"gold_gain":0,"player_choice":"Relic","damage_taken":0,"max_hp_gain":0,"max_hp_loss":0,"event_name":"Wheel of Change","floor":46,"gold_loss":0}],"is_beta":false,"boss_relics":[{"not_picked":["Astrolabe","hubris:ScarierMask"],"picked":"Coffee Dripper"},{"not_picked":["Snecko Eye","Sozu"],"picked":"Velvet Choker"}],"items_purged_floors":[10,19,39],"is_endless":false,"potions_floor_spawned":[6,11,16,20,27,29,31,33,47,48],"ascension_level":4}}