{"host":"oehe2dxjvdgux73m","time":1611940888,"event":{"mods":["AchievementEnabler","BaseMod","Colored Map","Colored Powertips","DeckTracker","Keyboard Shortcuts","Minty Spire (QoL Compilation)","Permanent Neow","Quick Restart","StSLib","SuperFastMode"],"gold_per_floor":[139,192,60,119,175,221,221,268,268,307,361,379,410,52,52,153,203,218,218,168,248,291,291,301,301,301],"floor_reached":25,"language":"KOR","playtime":692,"items_purged":["Strike_R","Body Slam","Strike_R"],"score":495,"play_id":"d32acc93-41e3-4cd3-a1f3-e348a7c5d8d0","local_time":"20210130022128","is_ascension_mode":true,"campfire_choices":[{"data":"Pommel Strike","floor":7.0,"key":"SMITH"},{"data":"HandOfGreed","floor":15.0,"key":"SMITH"},{"data":"Ghostly","floor":23,"key":"SMITH"}],"circlet_count":0,"master_deck":["AscendersBane","Strike_R","Strike_R","Strike_R","Defend_R","Defend_R","Defend_R","Defend_R","Bash+1","Normality","HandOfGreed+1","Battle Trance","Headbutt","Pommel Strike+1","Immolate","Shrug It Off","Seeing Red","Impervious","Ghostly+1","Ghostly","Ghostly"],"relics":["Burning Blood","Smiling Mask","Boot","Dream Catcher","Darkstone Periapt","Gremlin Horn","Tiny House","Red Mask"],"acts_visited":["Exordium","TheCity"],"potions_floor_usage":[21,21,25],"damage_taken":[{"damage":8.0,"enemies":"Jaw Worm","floor":1.0,"turns":4.0},{"damage":6.0,"enemies":"Small Slimes","floor":2.0,"turns":5.0},{"damage":6.0,"enemies":"2 Louse","floor":4.0,"turns":2.0},{"damage":10.0,"enemies":"Large Slime","floor":5.0,"turns":5.0},{"damage":35.0,"enemies":"3 Sentries","floor":6.0,"turns":9.0},{"damage":2.0,"enemies":"Gremlin Nob","floor":8.0,"turns":3.0},{"damage":7.0,"enemies":"Looter","floor":10.0,"turns":4.0},{"damage":20.0,"enemies":"Lagavulin","floor":11.0,"turns":4.0},{"damage":11.0,"enemies":"Blue Slaver","floor":12.0,"turns":4.0},{"damage":0.0,"enemies":"Large Slime","floor":13.0,"turns":5.0},{"damage":0.0,"enemies":"Slime Boss","floor":16.0,"turns":3.0},{"damage":2.0,"enemies":"Chosen","floor":18.0,"turns":4.0},{"damage":2,"enemies":"Masked Bandits","floor":21,"turns":4},{"damage":13,"enemies":"Spheric Guardian","floor":22,"turns":4},{"damage":3,"enemies":"Snake Plant","floor":24,"turns":4},{"damage":33,"enemies":"Book of Stabbing","floor":25,"turns":5}],"seed_played":"-3965500993465664100","potions_obtained":[{"floor":5.0,"key":"Energy Potion"},{"floor":8.0,"key":"LiquidBronze"},{"floor":10.0,"key":"DuplicationPotion"},{"floor":11.0,"key":"SteroidPotion"},{"floor":13.0,"key":"DuplicationPotion"},{"floor":16.0,"key":"AttackPotion"},{"floor":17.0,"key":"LiquidBronze"},{"floor":24,"key":"SteroidPotion"}],"is_trial":false,"path_per_floor":["M","M","$","M","M","E","R","E","T","M","E","M","M","$","R","B",null,"M","?","$","?","M","R","M","E"],"character_chosen":"IRONCLAD","items_purchased":["SkillPotion","Seeing Red","Gremlin Horn"],"campfire_rested":0,"item_purchase_floors":[3,14,14],"current_hp_per_floor":[66,66,66,66,62,33,33,37,37,36,22,17,23,23,23,29,69,73,40,40,40,33,33,36,3,3],"gold":301,"neow_bonus":"RANDOM_COLORLESS_2","is_daily":false,"chose_seed":false,"campfire_upgraded":3,"win_rate":0.0,"timestamp":1611940888,"path_taken":["M","M","$","M","M","E","R","E","T","M","E","M","M","$","R","BOSS","M","?","$","?","M","R","M","E"],"items_purchased_type":["Potion","Card","Relic"],"build_version":"2020-12-22","purchased_purges":3,"victory":false,"max_hp_per_floor":[75,75,75,75,75,75,75,75,75,75,75,75,75,75,75,75,80,80,40,40,40,40,40,40,40,40],"card_choices":[{"not_picked":["Metamorphosis","Secret Technique"],"picked":"HandOfGreed","floor":0.0},{"not_picked":["Combust","Headbutt"],"picked":"Battle Trance","floor":1.0},{"not_picked":["Thunderclap","Pommel Strike"],"picked":"Headbutt","floor":2.0},{"not_picked":["Perfected Strike","Whirlwind"],"picked":"Pommel Strike","floor":4.0},{"not_picked":["Battle Trance","Thunderclap","Cleave"],"picked":"SKIP","floor":5.0},{"not_picked":["Feel No Pain","Anger","Cleave"],"picked":"SKIP","floor":6.0},{"not_picked":["Cleave","Dual Wield"],"picked":"Immolate","floor":8.0},{"not_picked":["Flex","Heavy Blade"],"picked":"Shrug It Off","floor":10.0},{"not_picked":["Sword Boomerang","Perfected Strike","Clothesline"],"picked":"SKIP","floor":11.0},{"not_picked":["Rage","Combust","Clothesline"],"picked":"SKIP","floor":12.0},{"not_picked":["Sword Boomerang","Twin Strike"],"picked":"Body Slam","floor":13.0},{"not_picked":["Brutality","Bludgeon"],"picked":"Impervious","floor":16.0},{"not_picked":["Infernal Blade","Armaments","Heavy Blade"],"picked":"SKIP","floor":18.0},{"not_picked":["Cleave","Perfected Strike","Thunderclap"],"picked":"SKIP","floor":22},{"not_picked":["True Grit","Sword Boomerang+1","Thunderclap"],"picked":"SKIP","floor":24}],"player_experience":330764,"relics_obtained":[{"floor":6.0,"key":"Smiling Mask"},{"floor":8.0,"key":"Boot"},{"floor":9.0,"key":"Dream Catcher"},{"floor":11.0,"key":"Darkstone Periapt"},{"floor":21,"key":"Red Mask"}],"event_choices":[{"damage_healed":0.0,"max_hp_gain":0.0,"max_hp_loss":40.0,"gold_gain":0.0,"event_name":"Ghosts","player_choice":"Became a Ghost","floor":19.0,"gold_loss":0.0,"damage_taken":0.0,"cards_obtained":["Ghostly","Ghostly","Ghostly"]},{"damage_healed":0,"gold_gain":0,"player_choice":"Fought Bandits","damage_taken":0,"max_hp_gain":0,"max_hp_loss":0,"event_name":"Masked Bandits","floor":21,"gold_loss":0}],"is_beta":false,"boss_relics":[{"not_picked":["Runic Pyramid","Black Star"],"picked":"Tiny House"}],"items_purged_floors":[3,14,20],"is_endless":false,"potions_floor_spawned":[5,8,10,11,13,16,24],"killed_by":"Book of Stabbing","ascension_level":16}}