{"host":"v9ordiuf4xzdpttp","time":1611952751,"event":{"mods":["AchievementEnabler","Act Like it!","AlwaysNeverKeys","Aspiration","BaseMod","Better Third Choice","Better Vampires","BetterRewards","CCEM2","Colored Map","Conspire","Gold Saver","Halation","Infinite Spire","Jedi Mod","Marked Mod","Melee Mod","Minty Spire (QoL Compilation)","Pale of the Ancients","Remove Card Discount Mod","Shop Mod","Small Relic Pack","Spicy Shops","StSLib","The Bug Knight","The Death Knight","The Runesmith"],"gold_per_floor":[114,114,129,129,76,76,91,106,106,106,121,136,236,266,266,366,366,381,331,346,346,346],"floor_reached":21,"language":"ENG","playtime":1186,"items_purged":["Fiend Fire","conspire:Purge","Immolate","Corruption"],"score":231,"play_id":"8e9484cc-6bd4-478f-9c4a-2ea93b80d2b2","local_time":"20210129153911","daily_mods":["Shiny","Uncertain Future","Lethality"],"is_ascension_mode":false,"campfire_choices":[{"floor":6,"key":"REST"},{"data":"Barricade","floor":10,"key":"SMITH"},{"data":"Dark Embrace","floor":15,"key":"SMITH"}],"circlet_count":0,"master_deck":["Double Tap","jedi:strikingstrike","Exhume","jedi:unlimitedpower+1","Bludgeon","Limit Break+1","jedi:harder","Demon Form+1","jedi:bloodyhammer","Berserk+1","Impervious","Juggernaut","Brutality","conspire:HitWhereItHurts+1","Offering","Feed+1","Barricade+1","Reaper+1","Iron Wave","Anger","Rampage","Thunderclap","Shrug It Off","Dark Embrace+1","Inflame","Juggernaut","Feel No Pain"],"relics":["Burning Blood","Juzu Bracelet","Lantern","CCEMRelics:DefectiveTurbocharger"],"acts_visited":["Exordium","TheCity"],"potions_floor_usage":[11,14,20,21],"damage_taken":[{"damage":29,"enemies":"Jaw Worm","floor":1,"turns":3},{"damage":18,"enemies":"Small Slimes","floor":3,"turns":1},{"damage":6,"enemies":"Cultist","floor":7,"turns":1},{"damage":22,"enemies":"Exordium Thugs","floor":8,"turns":3},{"damage":40,"enemies":"Large Slime","floor":11,"turns":3},{"damage":24,"enemies":"Looter","floor":12,"turns":2},{"damage":0,"enemies":"Gremlin Nob","floor":14,"turns":2},{"damage":69,"enemies":"Hexaghost","floor":16,"turns":4},{"damage":50,"enemies":"Spheric Guardian","floor":18,"turns":5},{"damage":52,"enemies":"Shell Parasite","floor":20,"turns":5},{"damage":14,"enemies":"Cultist and Chosen","floor":21,"turns":1}],"seed_played":"1138922244981197753","potions_obtained":[{"floor":1,"key":"BloodPotion"},{"floor":7,"key":"FearPotion"},{"floor":16,"key":"FearPotion"},{"floor":20,"key":"DuplicationPotion"}],"is_trial":false,"path_per_floor":["M","?","M","?","$","R","M","M","T","R","M","M","?","E","R","B",null,"M","?","M","M"],"character_chosen":"IRONCLAD","items_purchased":["Anger"],"campfire_rested":1,"item_purchase_floors":[5],"current_hp_per_floor":[70,75,66,66,66,91,91,87,87,87,71,53,53,59,59,8,94,58,58,12,0,0],"gold":346,"neow_bonus":"","is_daily":true,"chose_seed":false,"campfire_upgraded":2,"win_rate":0.0,"timestamp":1611952751,"path_taken":["M","?","M","?","$","R","M","M","T","R","M","M","?","E","R","BOSS","M","?","M","M"],"items_purchased_type":["Card"],"build_version":"2020-12-22","purchased_purges":4,"victory":false,"max_hp_per_floor":[83,88,91,91,91,91,91,94,94,94,94,94,94,94,94,94,94,94,94,94,94,94],"card_choices":[{"not_picked":["Whirlwind","Wild Strike","Headbutt"],"picked":"SKIP","floor":1},{"not_picked":["Whirlwind","Wild Strike","Headbutt"],"picked":"SKIP","floor":1},{"not_picked":["Headbutt","infinitespire:OneForAll"],"picked":"Iron Wave","floor":3},{"not_picked":["True Grit","jedi:controlledanger"],"picked":"Rampage","floor":7},{"not_picked":["Flex","Pommel Strike"],"picked":"Thunderclap","floor":8},{"not_picked":["True Grit","Reckless Charge"],"picked":"Shrug It Off","floor":11},{"not_picked":["Searing Blow","Blood for Blood"],"picked":"Dark Embrace","floor":12},{"not_picked":["Dark Embrace","True Grit"],"picked":"Inflame","floor":14},{"not_picked":["jedi:harder","Limit Break"],"picked":"Juggernaut","floor":16},{"not_picked":["True Grit","Fire Breathing","Havoc"],"picked":"SKIP","floor":18},{"not_picked":["Sword Boomerang","Wild Strike+1"],"picked":"Feel No Pain","floor":20}],"player_experience":232334,"relics_obtained":[{"floor":9,"key":"Juzu Bracelet"},{"floor":14,"key":"Lantern"}],"event_choices":[{"damage_healed":0,"gold_gain":0,"player_choice":"Donut","damage_taken":0,"max_hp_gain":5,"max_hp_loss":0,"event_name":"Big Fish","floor":2,"gold_loss":0},{"damage_healed":0,"gold_gain":0,"player_choice":"0 cards matched","damage_taken":0,"max_hp_gain":0,"max_hp_loss":0,"event_name":"Match and Keep!","floor":4,"gold_loss":0,"cards_obtained":[]},{"damage_healed":0,"gold_gain":100,"player_choice":"Pray","damage_taken":0,"max_hp_gain":0,"max_hp_loss":0,"event_name":"Golden Shrine","floor":13,"gold_loss":0},{"damage_healed":0,"gold_gain":0,"player_choice":"Bet on Murderer","damage_taken":0,"max_hp_gain":0,"max_hp_loss":0,"event_name":"The Joust","floor":19,"gold_loss":50}],"is_beta":false,"boss_relics":[{"not_picked":["Tiny House","halation:HeavySnake"],"picked":"CCEMRelics:DefectiveTurbocharger"}],"items_purged_floors":[5,5,5,5],"is_endless":false,"potions_floor_spawned":[1,7,16,20],"killed_by":"Cultist and Chosen","ascension_level":0}}