{"host":"p34rppyhk302xzzg","time":1611911515,"event":{"mods":["Act Like it!","Ascension Reborn","BaseMod","Better Vampires","Gensokyo","Hallownest","Lobotomy","LobotomyExtend","Marisa£®ÏF”Í°°ƒß¿Ì…≥£©","Minty Spire (QoL Compilation)","Quick Restart","Reimu£®≤©¿ˆ¡È√Œ£©","Remilia£®¿Ÿ√◊¿Ú—«£©","SOS£®Àπ∞Õ¥Ô÷Æ◊”£©","StSLib","UnlockEverythingMod","Waifu the Spire","Youmu£®ªÍ∆«—˝√Œ£©","noobMod","°æ“≈ŒÔø®≈∆°øREMEMod"],"gold_per_floor":[109,32,32,51,51,51,33,52,126,146,177,177,209,220,220,317,317,361,361,361,377,627,627,654,654,654,534,534,534,88,106,106,244,244,456,476,496,496,509,525,525,308,334,135,166,180,180,193,193,193,193,193,8,34,34],"floor_reached":56,"language":"ZHS","playtime":1735,"items_purged":[],"score":988,"play_id":"e6389c20-1e4e-4dcb-98f5-e49f2fd3898a","local_time":"20210129171155","is_ascension_mode":true,"campfire_choices":[{"floor":6,"key":"RECALL"},{"data":"HumanRealmSword","floor":12,"key":"SMITH"},{"data":"Wraith Form v2","floor":15,"key":"SMITH"},{"data":"StrangeHalfBody","floor":23,"key":"SMITH"},{"data":"IrresoluteSoul","floor":25,"key":"SMITH"},{"data":"LotusPostureSlash","floor":28,"key":"SMITH"},{"data":"Gensokyo:ManorOfTheDishes","floor":32,"key":"SMITH"},{"data":"LotusPostureSlash","floor":41,"key":"SMITH"},{"data":"SuddenPhantomFormationSlashOfKarmicWind","floor":49,"key":"SMITH"},{"data":"WickedSoul","floor":52,"key":"SMITH"}],"circlet_count":0,"master_deck":["Strike_YM","Strike_YM","Strike_YM","Strike_YM","Defend_YM","Defend_YM","Defend_YM+1","Defend_YM+1","SlashOfPresentWorld+1","WheelOfPainOfLivingAndDead","Scorched","FlashingScatteredFlowers+1","ThreeKonsSevenHakus+1","PhosphoricSlash","FairyFestival","SwordOfBindingDesires+1","FlashingScatteredFlowers+1","SingingMachine","ObsessionWithThePresentWorld","LongBird","HumanRealmSword+1","CrumblingArmor","TransmigrationSlash","WallGazer","PhosphoricSlash","Wraith Form v2+1","Alriune","PreachingAvici","Freischutz","StrangeHalfBody+1","Murderer","SlashOfDepartureFromHesitation+1","OldLady","PhosphoricSlash","GalaxyChild","IrresoluteSoul+1","Gensokyo:ManorOfTheDishes+1","Gensokyo:RPG","Gensokyo:MedicineKit","BlueStar","RapidSlash+1","CENSORED","SlashOfSaigyouSpringWind","Laetitia","SlashClearingTheSixSenses","RedShoes","ThreeKonsSevenHakus+1","QueenBee","LotusPostureSlash+1","DreamingCurrent","SwordExtraction+1","DespairKnight","LotusPostureSlash+1","WickedSoul+1","SuddenPhantomFormationSlashOfKarmicWind+1","LotusPostureSlash","Porccubus","SlashOfMeditation+1","BlackSwan","SlashOfMeditation+1","MeltingLove","HellFireSword+1","ThreeKonsSevenHakus","LowerRealmReflectionSlash","LittleHelper","CrescentMoonSlash+1"],"relics":["HalfPhantom","REME_ComplimentaryCards","ice","CogitoBucket","LetterFromLob","Hallownest:SalubrasBlessingRelic","Omamori","TreeSap","Black Star","Whetstone","REME_LimitBreaker","Singing Bowl","CaptainsWheel","Gensokyo:LionMask","HonorFeather","Moonlight_r","ChangeAnything","Calling Bell","Strawberry","Question Card","Gambling Chip","Nunchaku","AtMidnight","AspirationHeart","Vajra","Juzu Bracelet","Lantern","REME_HandOfSuture","Turnip","Gensokyo:EmptyGrave","Pocketwatch","Oddly Smooth Stone","Bag of Preparation","Dead Branch"],"acts_visited":["Exordium","Hallownest:Greenpath","Gensokyo:Gensokyoer","TheEnding"],"potions_floor_usage":[18,21,24,33,50,50,55,55],"damage_taken":[{"damage":5,"enemies":"Hallownest:monsterHuskWarrior","floor":1,"turns":4},{"damage":0,"enemies":"Hallownest:monsterHuskGuard","floor":4,"turns":3},{"damage":3,"enemies":"Hallownest:2_Baldur","floor":8,"turns":2},{"damage":4,"enemies":"Hallownest:monsterMossCharger","floor":10,"turns":2},{"damage":36,"enemies":"Hallownest:eliteCrystalGuardian","floor":11,"turns":3},{"damage":31,"enemies":"Hallownest:eliteMossKnight","floor":13,"turns":5},{"damage":0,"enemies":"Hallownest:2_Tiktiks_1_Baldur_1_Crawlid","floor":14,"turns":1},{"damage":31,"enemies":"Hallownest:BossFalseKnight","floor":16,"turns":7},{"damage":4,"enemies":"Gensokyo:2_Gloops","floor":18,"turns":5},{"damage":50,"enemies":"Gensokyo:3_Dogs","floor":21,"turns":4},{"damage":49,"enemies":"Gensokyo:Reisen","floor":24,"turns":3},{"damage":66,"enemies":"Gensokyo:Swordslinger","floor":29,"turns":3},{"damage":23,"enemies":"Gensokyo:Swordslinger","floor":31,"turns":2},{"damage":44,"enemies":"Gensokyo:Eternal_Rivals","floor":33,"turns":5},{"damage":0,"enemies":"Gensokyo:AncientGuardian","floor":35,"turns":1},{"damage":12,"enemies":"Gensokyo:3_Boulders","floor":36,"turns":2},{"damage":0,"enemies":"Gensokyo:Dusk_and_Dawn","floor":37,"turns":4},{"damage":12,"enemies":"Gensokyo:SeedOfUnknown","floor":39,"turns":2},{"damage":0,"enemies":"Gensokyo:Sharpion","floor":40,"turns":2},{"damage":19,"enemies":"Gensokyo:Doremy","floor":45,"turns":3},{"damage":0,"enemies":"Gensokyo:3_Boulders","floor":46,"turns":1},{"damage":6,"enemies":"Gensokyo:AtlasGolem","floor":48,"turns":2},{"damage":2,"enemies":"Gensokyo:Yuyuko","floor":50,"turns":3},{"damage":24,"enemies":"Shield and Spear","floor":54,"turns":2},{"damage":34,"enemies":"The Heart","floor":55,"turns":3}],"seed_played":"-8038666916909490244","potions_obtained":[{"floor":1,"key":"GrandPatriotsElixir:ReiMu"},{"floor":10,"key":"LiquidBronze"},{"floor":13,"key":"SkillPotion"},{"floor":14,"key":"REME_GoldPotion"},{"floor":21,"key":"SpeedPotion"},{"floor":24,"key":"GrandPatriotsElixir:ReiMu"},{"floor":35,"key":"SkillPotion"},{"floor":37,"key":"Dexterity Potion"},{"floor":54,"key":"GamblersBrew"}],"is_trial":false,"path_per_floor":["M","$","?","M","?","R","$","M","T","M","E","R","E","M","R","B",null,"M","?","T","M","?","R","E","R","T","?","R","M","COS","M","R","B",null,"M","M","M","?","M","M","R","$","T","$","E","M","?","M","R","B",null,"R","$","E","B",null],"character_chosen":"YOUMU","items_purchased":["ThreeKonsSevenHakus","PhosphoricSlash","FlashingScatteredFlowers","Vajra","WickedSoul","Lantern","SuddenPhantomFormationSlashOfKarmicWind","LotusPostureSlash","Oddly Smooth Stone","ThreeKonsSevenHakus","LowerRealmReflectionSlash"],"campfire_rested":0,"item_purchase_floors":[2,2,7,42,42,44,44,44,53,53,53],"current_hp_per_floor":[75,75,75,75,80,80,80,77,77,73,38,38,18,18,18,59,86,84,84,84,35,35,35,85,85,85,85,85,57,57,46,107,81,114,114,111,114,114,124,125,125,125,125,125,116,128,121,117,121,121,125,125,125,116,153],"gold":34,"neow_bonus":"","is_daily":false,"chose_seed":false,"campfire_upgraded":9,"win_rate":0.0,"timestamp":1611911515,"path_taken":["M","?","?","M","?","R","$","?","T","M","E","R","E","M","R","BOSS","M","?","?","M","?","R","E","R","T","?","R","?","COS","M","R","BOSS","M","?","M","?","M","?","R","?","T","$","E","M","?","M","R","BOSS","R","$","E","BOSS"],"items_purchased_type":["Card","Card","Card","Relic","Card","Card","Card","Card","Relic","Card","Card"],"build_version":"2020-12-22","purchased_purges":0,"victory":true,"max_hp_per_floor":[80,80,80,80,80,80,80,80,80,80,80,80,80,80,80,86,86,87,87,87,99,99,99,103,103,103,103,103,104,104,107,107,107,114,114,114,114,114,124,125,125,125,125,125,131,131,121,121,121,125,125,125,125,127,248],"card_choices":[{"not_picked":["BeautyBeast","Murderer"],"picked":"Scorched","floor":1},{"not_picked":["SpiderLilyBurial","DispleasureOfTheSevenHakus"],"picked":"FlashingScatteredFlowers","floor":1},{"not_picked":["MeatLantern","Yin"],"picked":"FairyFestival","floor":4},{"not_picked":["SwordExtraction","HumanKnowledgeSword"],"picked":"SwordOfBindingDesires","floor":4},{"not_picked":["PunishingBird","OSAHOGD"],"picked":"SingingMachine","floor":8},{"not_picked":["SwordOfBindingDesires","ThreeKonsSevenHakus"],"picked":"ObsessionWithThePresentWorld","floor":8},{"not_picked":["Porccubus","Wellcheers"],"picked":"LongBird","floor":10},{"not_picked":["KarmicPunishmentOfTheIdleAndUnfocused","ConstancyOfTheConventionalTruth"],"picked":"HumanRealmSword","floor":10},{"not_picked":["LaLuna","Wellcheers","SnowQueen"],"picked":"Singing Bowl","floor":11},{"not_picked":["PunishingBird","Freischutz"],"picked":"CrumblingArmor","floor":11},{"not_picked":["SpiritCuttingSword","HumanKnowledgeSword"],"picked":"TransmigrationSlash","floor":11},{"not_picked":["Laetitia","BigBird"],"picked":"WallGazer","floor":13},{"not_picked":["SpiritCuttingSword","HumanKnowledgeSword"],"picked":"PhosphoricSlash","floor":13},{"not_picked":["Wellcheers","MeatLantern"],"picked":"Alriune","floor":14},{"not_picked":["TwoHundredYojanaInOneSlash","ConstancyOfTheConventionalTruth"],"picked":"PreachingAvici","floor":14},{"not_picked":["ShyLook","Variant","OldLady"],"picked":"Singing Bowl","floor":16},{"not_picked":["ShyLook","CherryBlossoms"],"picked":"Freischutz","floor":16},{"not_picked":["ReincarnationSword","SlashOfSaigyouSpringWind"],"picked":"StrangeHalfBody","floor":16},{"not_picked":["Porccubus","RedShoes","NakedNest"],"picked":"Singing Bowl","floor":18},{"not_picked":["Wellcheers","NakedNest"],"picked":"Murderer","floor":18},{"not_picked":["SanzenSekai","CherryBlossomFlashing+1"],"picked":"SlashOfDepartureFromHesitation+1","floor":18},{"not_picked":["Funeral","QueenBee"],"picked":"OldLady","floor":21},{"not_picked":["FourBirthsSword","HumanRealmSword"],"picked":"PhosphoricSlash","floor":21},{"not_picked":["DreamingCurrent","Porccubus"],"picked":"GalaxyChild","floor":24},{"not_picked":["TransmigrationSlash","SpiderLilyBurial"],"picked":"IrresoluteSoul","floor":24},{"not_picked":["LittleHelper","UniverseFragment"],"picked":"BlueStar","floor":31},{"not_picked":["TwoHundredYojanaInOneSlash","KarmicPunishmentOfTheIdleAndUnfocused+1"],"picked":"RapidSlash+1","floor":31},{"not_picked":["Rudolta","Mercenary"],"picked":"CENSORED","floor":33},{"not_picked":["SlashOfTheEternalFuture","CherryBlossomSword"],"picked":"SlashOfSaigyouSpringWind","floor":33},{"not_picked":["BigBird","Variant"],"picked":"Laetitia","floor":35},{"not_picked":["SpiderLilyBurial","SwordOfBindingDesires+1","TwoHundredYojanaInOneSlash+1"],"picked":"SlashClearingTheSixSenses","floor":35},{"not_picked":["LittlePrince","FieryBird"],"picked":"RedShoes","floor":36},{"not_picked":["PhosphoricSlash+1","TurningAngelCut","ASingleThoughtAndInfiniteKalpas"],"picked":"ThreeKonsSevenHakus+1","floor":36},{"not_picked":["WhitesApple","Yin"],"picked":"QueenBee","floor":37},{"not_picked":["SlashOfMeditation","TwoHundredYojanaInOneSlash","SpiritCuttingSword"],"picked":"LotusPostureSlash+1","floor":37},{"not_picked":["Porccubus","NakedNest"],"picked":"DreamingCurrent","floor":39},{"not_picked":["SlashOfMeditation","SwordOfBindingDesires+1","LifeCuttingSword+1"],"picked":"SwordExtraction+1","floor":39},{"not_picked":["MeatLantern","Variant"],"picked":"DespairKnight","floor":40},{"not_picked":["SpiderLilyBurial+1","LifeCuttingSword+1","HumanGodSword"],"picked":"LotusPostureSlash","floor":40},{"not_picked":["Variant","Woodsman"],"picked":"Porccubus","floor":45},{"not_picked":["HumanGodSword","EchoesOfTheInclemencyOfAllBeings+1","SwordOfBindingDesires"],"picked":"SlashOfMeditation+1","floor":45},{"not_picked":["Variant","FieryBird"],"picked":"BlackSwan","floor":46},{"not_picked":["SuddenPhantomFormationSlashOfKarmicWind","SpiritMediumsBind","FiveSignsOfTheDyingDeva+1"],"picked":"SlashOfMeditation+1","floor":46},{"not_picked":["Funeral","Yin"],"picked":"MeltingLove","floor":48},{"not_picked":["DispleasureOfTheSevenHakus+1","LifeCuttingSword+1","TwoHundredYojanaInOneSlash+1"],"picked":"HellFireSword+1","floor":48},{"not_picked":["Mercenary","PlagueDoctor"],"picked":"LittleHelper","floor":54},{"not_picked":["SuddenPhantomFormationSlashOfKarmicWind","FourBirthsSword","DispleasureOfTheSevenHakus"],"picked":"CrescentMoonSlash+1","floor":54}],"player_experience":68758,"relics_obtained":[{"floor":1,"key":"LetterFromLob"},{"floor":11,"key":"Omamori"},{"floor":13,"key":"War Paint"},{"floor":20,"key":"Whetstone"},{"floor":24,"key":"REME_LimitBreaker"},{"floor":24,"key":"Singing Bowl"},{"floor":26,"key":"CaptainsWheel"},{"floor":34,"key":"Strawberry"},{"floor":34,"key":"Question Card"},{"floor":34,"key":"Gambling Chip"},{"floor":39,"key":"AtMidnight"},{"floor":43,"key":"Juzu Bracelet"},{"floor":45,"key":"REME_HandOfSuture"},{"floor":45,"key":"Turnip"},{"floor":54,"key":"Bag of Preparation"},{"floor":54,"key":"Dead Branch"}],"event_choices":[],"is_beta":false,"boss_relics":[{"not_picked":["Runic Dome","Fusion Hammer"],"picked":"Black Star"},{"not_picked":["Cursed Key","Runic Pyramid"],"picked":"Calling Bell"}],"items_purged_floors":[],"is_endless":false,"potions_floor_spawned":[1,10,13,14,21,24,35,37,46,54],"ascension_level":-10}}