{"host":"bavnrlhi49015oee","time":1611886414,"event":{"mods":["BaseMod","Become a monster ∞Ÿ±‰π÷","Colored Powertips","Lobotomy","LobotomyExtend","Minty Spire (QoL Compilation)","Quick Restart","Ryuuou¡˙Õı","StSLib","Uncapped"],"gold_per_floor":[113,124,134,134,309,309,309,342,390,60,60,70,82,82,82,187,187,207,225,235,235,250,250,3,29,29,29,39,39,39,54,54,152,152,169,169,169,186,186,186,209,220,220,240,240,256,256,267,267,267],"floor_reached":51,"language":"ZHS","playtime":1672,"items_purged":["Doubt","SilentOrchestra"],"score":819,"play_id":"cc3bcc71-6507-4e1e-af7a-6ed385e141b1","local_time":"20210129101334","is_ascension_mode":false,"campfire_choices":[{"data":"Havoc","floor":6,"key":"SMITH"},{"floor":15,"key":"REST"},{"floor":23,"key":"REST"},{"floor":32,"key":"REST"},{"floor":40,"key":"REST"},{"floor":45,"key":"REST"},{"floor":47,"key":"REST"},{"floor":49,"key":"REST"}],"circlet_count":0,"master_deck":["Strike_R","Strike_R","Strike_R","Strike_R","Strike_R","Defend_R","Defend_R","Defend_R","Defend_R","Bash","BodiesMountain","Bloodletting","Bloodbath","Havoc+1","Reaper","Scorched","Twin Strike","Demon Form","GreedKing","Exhume+1","OSAHOGD","Inflame+1","BigBadWolf","Spot Weakness+1","CENSORED","Uppercut+1","Flex+1","Iron Wave+1","Carnage","Pummel","Infernal Blade+1","Mercenary","Limit Break+1","CurseOfTheBell","Flex+1","Burning Pact+1","RedShoes","Inflame+1"],"relics":["Burning Blood","CogitoBucket","RabbitCall","LetterFromLob","Ornamental Fan","Bag of Marbles","Ancient Tea Set","Toxic Egg 2","LuminousBracelet","Heaven_r","Fusion Hammer","SkinProphecy","PreservedInsect","The Courier","Tiny Chest","MutagenicStrength","Calling Bell","Blood Vial","Gremlin Horn","TungstenRod","BackwardClock","AtMidnight","Bronze Scales","Vajra","Kunai"],"acts_visited":["Exordium","TheCity","TheBeyond"],"potions_floor_usage":[22,33,51,51],"damage_taken":[{"damage":14,"enemies":"Small Slimes","floor":1,"turns":4},{"damage":1,"enemies":"2 Louse","floor":2,"turns":2},{"damage":11,"enemies":"Jaw Worm","floor":3,"turns":3},{"damage":63,"enemies":"Lagavulin","floor":8,"turns":9},{"damage":3,"enemies":"Blue Slaver","floor":12,"turns":2},{"damage":0,"enemies":"3 Louse","floor":13,"turns":1},{"damage":39,"enemies":"Large Slime","floor":14,"turns":3},{"damage":65,"enemies":"The Guardian","floor":16,"turns":6},{"damage":5,"enemies":"3 Byrds","floor":18,"turns":2},{"damage":13,"enemies":"Chosen","floor":19,"turns":4},{"damage":74,"enemies":"Shelled Parasite and Fungi","floor":20,"turns":6},{"damage":33,"enemies":"Sentry and Sphere","floor":22,"turns":3},{"damage":55,"enemies":"Slavers","floor":25,"turns":5},{"damage":19,"enemies":"Centurion and Healer","floor":28,"turns":5},{"damage":37,"enemies":"3 Cultists","floor":31,"turns":5},{"damage":53,"enemies":"Champ","floor":33,"turns":6},{"damage":82,"enemies":"3 Shapes","floor":35,"turns":9},{"damage":34,"enemies":"3 Darklings","floor":38,"turns":5},{"damage":25,"enemies":"Sphere and 2 Shapes","floor":42,"turns":4},{"damage":29,"enemies":"4 Shapes","floor":44,"turns":3},{"damage":14,"enemies":"Spire Growth","floor":46,"turns":3},{"damage":47,"enemies":"Maw","floor":48,"turns":7},{"damage":104,"enemies":"Donu and Deca","floor":50,"turns":7},{"damage":135,"enemies":"Malkuth","floor":51,"turns":6},{"damage":296,"enemies":"Hod","floor":51,"turns":11}],"seed_played":"-2345333719641459926","potions_obtained":[{"floor":3,"key":"FairyPotion"},{"floor":16,"key":"AttackPotion"},{"floor":18,"key":"DistilledChaos"},{"floor":33,"key":"SneckoOil"},{"floor":42,"key":"SteroidPotion"},{"floor":44,"key":"BloodPotion"}],"is_trial":false,"path_per_floor":["M","M","M","?","?","R","T","E","T","$","?","M","M","M","R","B",null,"M","M","M","?","M","R","$","E","T","?","M","$","?","M","R","B",null,"M","T","?","M","?","R","T","M","T","M","R","M","R","M","R","B",null],"character_chosen":"IRONCLAD","items_purchased":["Toxic Egg 2","PreservedInsect"],"campfire_rested":7,"item_purchase_floors":[10,24],"current_hp_per_floor":[72,77,72,77,77,77,77,25,25,25,25,33,54,52,82,39,100,100,100,63,63,66,96,96,96,96,96,104,104,104,104,106,71,108,106,106,112,111,111,111,111,110,110,106,115,117,117,118,119,89],"gold":267,"neow_bonus":"","is_daily":false,"chose_seed":false,"campfire_upgraded":1,"win_rate":0.0,"timestamp":1611886414,"path_taken":["M","M","M","?","?","R","?","E","T","$","?","M","M","M","R","BOSS","M","M","M","?","M","R","$","E","T","?","M","?","?","M","R","BOSS","M","?","?","?","?","R","?","M","T","M","R","?","R","M","R","BOSS"],"items_purchased_type":["Relic","Relic"],"build_version":"2020-12-22","purchased_purges":2,"victory":true,"max_hp_per_floor":[80,80,80,85,85,85,85,85,85,85,85,85,100,100,100,100,100,100,100,100,100,100,100,100,102,102,102,104,104,104,106,106,108,108,112,112,112,111,111,111,111,113,113,115,115,117,117,119,119,121],"card_choices":[{"not_picked":["MHz","WallGazer","SpiderBud"],"picked":"Singing Bowl","floor":1},{"not_picked":["SpiderBud","FairyFestival"],"picked":"BodiesMountain","floor":1},{"not_picked":["Armaments","Havoc"],"picked":"Clash","floor":1},{"not_picked":["WallGazer","Murderer","Scorched"],"picked":"Singing Bowl","floor":2},{"not_picked":["Sever Soul","Shrug It Off"],"picked":"Bloodletting","floor":2},{"not_picked":["CrumblingArmor","ShyLook"],"picked":"Bloodbath","floor":3},{"not_picked":["Sentinel","Body Slam"],"picked":"Havoc","floor":3},{"not_picked":["OldLady","LittlePrince","ShyLook"],"picked":"Singing Bowl","floor":8},{"not_picked":["MeatLantern","DespairKnight"],"picked":"BigBird","floor":8},{"not_picked":["Entrench","Warcry"],"picked":"Reaper","floor":8},{"not_picked":["ShyLook","MeatLantern","CrumblingArmor"],"picked":"Singing Bowl","floor":12},{"not_picked":["Murderer","CrumblingArmor"],"picked":"Scorched","floor":12},{"not_picked":["Rampage","Body Slam"],"picked":"Twin Strike","floor":12},{"not_picked":["RedShoes","VoidDream","HeroicMonk"],"picked":"Singing Bowl","floor":13},{"not_picked":["Dark Embrace","Armaments+1"],"picked":"Demon Form","floor":13},{"not_picked":["HeroicMonk","Alriune"],"picked":"GreedKing","floor":16},{"not_picked":["Fiend Fire","Bludgeon"],"picked":"Exhume+1","floor":16},{"not_picked":["CrumblingArmor","Rudolta","OldLady"],"picked":"Singing Bowl","floor":18},{"not_picked":["WhitesApple","Porccubus"],"picked":"OSAHOGD","floor":18},{"not_picked":["Infernal Blade+1","Iron Wave"],"picked":"Inflame+1","floor":18},{"not_picked":["SpiderBud","HeroicMonk","NakedNest"],"picked":"Singing Bowl","floor":19},{"not_picked":["MeatLantern","Wellcheers"],"picked":"BigBadWolf","floor":19},{"not_picked":["Reaper","Searing Blow"],"picked":"Spot Weakness+1","floor":19},{"not_picked":["SpiderBud","BeautyBeast","PunishingBird"],"picked":"Singing Bowl","floor":20},{"not_picked":["Freischutz","Wellcheers"],"picked":"CENSORED","floor":20},{"not_picked":["Perfected Strike","Heavy Blade+1"],"picked":"Uppercut+1","floor":20},{"not_picked":["SpiderBud","CrumblingArmor","WhiteNight"],"picked":"Singing Bowl","floor":22},{"not_picked":["LittlePrince","CrumblingArmor"],"picked":"SilentOrchestra","floor":22},{"not_picked":["Cleave","Clash"],"picked":"Flex+1","floor":22},{"not_picked":["LaLuna","VoidDream"],"picked":"SingingMachine","floor":25},{"not_picked":["Clothesline+1","Thunderclap"],"picked":"Iron Wave+1","floor":25},{"not_picked":["WallGazer","OldLady","Alriune"],"picked":"Singing Bowl","floor":28},{"not_picked":["Dropkick","Disarm+1"],"picked":"Carnage","floor":28},{"not_picked":["LaLuna","MHz","VoidDream"],"picked":"Singing Bowl","floor":31},{"not_picked":["Intimidate+1","Clothesline"],"picked":"Infernal Blade+1","floor":31},{"not_picked":["Scarecrow","LittleHelper","MeatLantern"],"picked":"Singing Bowl","floor":33},{"not_picked":["OldLady","FieryBird"],"picked":"Mercenary","floor":33},{"not_picked":["Reaper","Brutality"],"picked":"Limit Break+1","floor":33},{"not_picked":["BeautyBeast","FieryBird","Variant"],"picked":"Singing Bowl","floor":35},{"not_picked":["Body Slam","Wild Strike+1"],"picked":"Flex+1","floor":35},{"not_picked":["WhitesApple","MeatLantern","Murderer"],"picked":"Singing Bowl","floor":38},{"not_picked":["Wild Strike","Rage+1","Combust"],"picked":"SKIP","floor":38},{"not_picked":["SnowQueen","SilentOrchestra","Freischutz"],"picked":"Singing Bowl","floor":42},{"not_picked":["Clash+1","Heavy Blade+1"],"picked":"Burning Pact+1","floor":42},{"not_picked":["SpiderBud","LittlePrince","GalaxyChild"],"picked":"Singing Bowl","floor":44},{"not_picked":["Shrug It Off+1","Rupture+1","Iron Wave"],"picked":"SKIP","floor":44},{"not_picked":["LittleHelper","CherryBlossoms","ShyLook"],"picked":"Singing Bowl","floor":46},{"not_picked":["Sever Soul","Iron Wave+1","Headbutt"],"picked":"SKIP","floor":46},{"not_picked":["LittlePrince","LittleHelper","GalaxyChild"],"picked":"Singing Bowl","floor":48},{"not_picked":["LittleHelper","PunishingBird"],"picked":"RedShoes","floor":48},{"not_picked":["Metallicize","Exhume+1"],"picked":"Inflame+1","floor":48}],"player_experience":128350,"relics_obtained":[{"floor":1,"key":"LetterFromLob"},{"floor":7,"key":"Ornamental Fan"},{"floor":8,"key":"Bag of Marbles"},{"floor":9,"key":"Ancient Tea Set"},{"floor":25,"key":"The Courier"},{"floor":26,"key":"Tiny Chest"},{"floor":34,"key":"Blood Vial"},{"floor":34,"key":"Gremlin Horn"},{"floor":34,"key":"TungstenRod"},{"floor":35,"key":"AtMidnight"},{"floor":36,"key":"Bronze Scales"},{"floor":41,"key":"Vajra"},{"floor":43,"key":"Kunai"}],"event_choices":[{"damage_healed":0,"gold_gain":0,"player_choice":"Donut","damage_taken":0,"max_hp_gain":5,"max_hp_loss":0,"event_name":"Big Fish","floor":4,"gold_loss":0},{"damage_healed":0,"gold_gain":175,"player_choice":"AGREE","damage_taken":0,"max_hp_gain":0,"max_hp_loss":0,"event_name":"Liars Game","floor":5,"gold_loss":0,"cards_obtained":["Doubt"]},{"damage_healed":0,"gold_gain":0,"player_choice":"Ignored","damage_taken":0,"max_hp_gain":0,"max_hp_loss":0,"event_name":"Shining Light","floor":11,"gold_loss":0},{"damage_healed":0,"gold_gain":0,"player_choice":"Ignored","damage_taken":0,"max_hp_gain":0,"max_hp_loss":0,"event_name":"Ghosts","floor":21,"gold_loss":0},{"damage_healed":0,"gold_gain":0,"player_choice":"Inject Mutagens","damage_taken":0,"relics_obtained":["MutagenicStrength"],"max_hp_gain":0,"max_hp_loss":0,"event_name":"Drug Dealer","floor":27,"gold_loss":0},{"damage_healed":0,"gold_gain":0,"player_choice":"Read","damage_taken":0,"max_hp_gain":0,"max_hp_loss":0,"event_name":"The Library","floor":30,"gold_loss":0,"cards_obtained":["Pummel"]},{"cards_removed":["BigBird"],"damage_healed":6,"gold_gain":0,"player_choice":"Offered Uncommon","damage_taken":0,"max_hp_gain":0,"max_hp_loss":0,"event_name":"Bonfire Elementals","floor":37,"gold_loss":0},{"damage_healed":0,"gold_gain":0,"player_choice":"Ignored","damage_taken":0,"max_hp_gain":0,"max_hp_loss":0,"event_name":"SecretPortal","floor":39,"gold_loss":0}],"is_beta":false,"boss_relics":[{"not_picked":["Runic Pyramid","Tiny House"],"picked":"Fusion Hammer"},{"not_picked":["Runic Dome","Philosopher\u0027s Stone"],"picked":"Calling Bell"}],"items_purged_floors":[10,24],"is_endless":false,"potions_floor_spawned":[3,14,16,18,19,33,42,44],"ascension_level":0}}