{"host":"w3q5ijqu8eoknil3","time":1611929548,"event":{"mods":["AchievementEnabler","BaseMod","Block Reminder","Colored Map","Colored Powertips","Curses Come First","Dark Map","Minty Spire (QoL Compilation)","Quick Restart","Relic Stats","StSLib","ojb\u0027s Better Paths Mod","ojb\u0027s Info Mod","slay the spire mod where everything is the same but ironclad has a cowboy hat"],"gold_per_floor":[117,167,177,192,210,210,243,243,268,287,287,315,327,1,1,1,1],"floor_reached":16,"language":"ENG","playtime":541,"items_purged":[],"score":215,"play_id":"94d157d4-df14-45af-aa15-52423aac0597","local_time":"20210129141228","is_ascension_mode":true,"campfire_choices":[{"floor":6,"key":"REST"},{"floor":8,"key":"REST"},{"data":"Die Die Die","floor":11,"key":"SMITH"},{"data":"Dash","floor":13,"key":"SMITH"},{"floor":15,"key":"REST"}],"circlet_count":0,"master_deck":["AscendersBane","Strike_G","Strike_G","Strike_G","Strike_G","Defend_G","Defend_G","Defend_G","Defend_G","Defend_G","Survivor","Neutralize","Slice","Outmaneuver","Blade Dance","Sucker Punch","Blade Dance","Die Die Die+1","Dash+1","Tools of the Trade"],"relics":["Ring of the Snake","Bag of Preparation","Akabeko","MawBank","Tough Bandages"],"acts_visited":["Exordium"],"potions_floor_usage":[7,10,12],"damage_taken":[{"damage":4,"enemies":"Small Slimes","floor":1,"turns":4},{"damage":14,"enemies":"Cultist","floor":3,"turns":5},{"damage":5,"enemies":"Jaw Worm","floor":4,"turns":4},{"damage":21,"enemies":"Lots of Slimes","floor":5,"turns":6},{"damage":29,"enemies":"3 Sentries","floor":7,"turns":12},{"damage":0,"enemies":"Blue Slaver","floor":10,"turns":1},{"damage":13,"enemies":"Lagavulin","floor":12,"turns":5},{"damage":35,"enemies":"Hexaghost","floor":16,"turns":9}],"seed_played":"-2430732612209323558","potions_obtained":[{"floor":3,"key":"Weak Potion"},{"floor":7,"key":"Strength Potion"},{"floor":10,"key":"EssenceOfSteel"}],"is_trial":false,"path_per_floor":["M","?","M","M","M","R","E","R","T","M","R","E","R","$","R","B"],"character_chosen":"THE_SILENT","items_purchased":["Tough Bandages"],"campfire_rested":3,"item_purchase_floors":[14],"current_hp_per_floor":[55,55,41,36,15,34,5,24,24,24,24,11,11,11,30,0,0],"gold":1,"neow_bonus":"TRANSFORM_CARD","is_daily":false,"chose_seed":false,"campfire_upgraded":2,"win_rate":0.0,"timestamp":1611929548,"path_taken":["M","?","M","M","M","R","E","R","T","M","R","E","R","$","R","BOSS"],"items_purchased_type":["Relic"],"build_version":"2020-12-22","purchased_purges":0,"victory":false,"max_hp_per_floor":[66,66,66,66,66,66,66,66,66,66,66,66,66,66,66,66,66],"relic_stats":{"Tough Bandages":[24],"counters":[8,46],"Bag of Preparation":[6],"MawBank":24,"obtain_stats":[{"Tough Bandages":14,"Bag of Preparation":7,"MawBank":12,"Akabeko":9,"Ring of the Snake":0},{"Tough Bandages":7,"Bag of Preparation":5,"MawBank":7,"Akabeko":5,"Ring of the Snake":0},{"Tough Bandages":37,"Bag of Preparation":31,"MawBank":37,"Akabeko":31,"Ring of the Snake":0}],"Ring of the Snake":[16]},"card_choices":[{"not_picked":["Deflect","Dodge and Roll"],"picked":"Outmaneuver","floor":1},{"not_picked":["Dash","PiercingWail"],"picked":"Blade Dance","floor":3},{"not_picked":["Acrobatics","Deadly Poison"],"picked":"Sucker Punch","floor":4},{"not_picked":["Dodge and Roll","Bane"],"picked":"Blade Dance","floor":5},{"not_picked":["Finisher","Dagger Throw"],"picked":"Die Die Die","floor":7},{"not_picked":["Dagger Throw","Slice"],"picked":"Dash","floor":10},{"not_picked":["Flechettes","Skewer"],"picked":"Tools of the Trade","floor":12}],"player_experience":1019736,"relics_obtained":[{"floor":7,"key":"Bag of Preparation"},{"floor":9,"key":"Akabeko"},{"floor":12,"key":"MawBank"}],"event_choices":[{"damage_healed":0,"gold_gain":50,"player_choice":"Pray","damage_taken":0,"max_hp_gain":0,"max_hp_loss":0,"event_name":"Golden Shrine","floor":2,"gold_loss":0}],"is_beta":false,"boss_relics":[],"items_purged_floors":[],"is_endless":false,"potions_floor_spawned":[3,7,10],"killed_by":"Hexaghost","ascension_level":19}}