{"host":"KYO","time":1611923462,"event":{"mods":["ATMod(°¢èªMod)","BaseMod","Minty Spire (QoL Compilation)","Permanent Neow","Replay The Spire","Shop Mod","StSLib","SuperFastMode","TestMod","[IsaacMod]ÒÔÈö¼âËþ","¡¾ÒÅÎï¿¨ÅÆ¡¿REMEMod"],"gold_per_floor":[112,130,130,480,497,497,526,541,617,643,743,518,534,552,552,624,624,636,652,259,259,279,367,378,378,378],"floor_reached":25,"language":"ZHS","playtime":955,"items_purged":["ReplayTheSpireMod:Doomed","Doubt"],"score":895,"play_id":"09e2a857-b75d-4bb6-b145-92a6ff8b5abf","local_time":"20210129203102","is_ascension_mode":true,"campfire_choices":[{"data":"Backflip","floor":6.0,"key":"SMITH"}],"circlet_count":0,"master_deck":["AscendersBane","Strike_G","Strike_G","Strike_G","Strike_G","Strike_G","Defend_G+1","Defend_G","Defend_G","Defend_G","Survivor","Neutralize+1","AT_FamilyPortrait+1","AT_FamilyPortrait+1","Backflip+1","Amnesia","Clumsy","Amnesia","Parasite","ReplayTheSpireMod:Faulty Equipment","Calculated Gamble+1","Prepared+1","Eviscerate+1","Wraith Form v2+1","Reflex+1"],"relics":["HushsDoor","AT_ATBox","REME_ComplimentaryCards","testmod-TestBox","MoneyPower","testmod-CyclicPeriapt","ReplayTheSpireMod:Ring of Addiction","SacredBark","Golden Egg","testmod-EqualTreatment","MerchantsRug","MagicMushroom","Replay:Towering Pillar of Hats","Orichalcum"],"acts_visited":["Exordium","TheCity"],"potions_floor_usage":[22,23,25,25],"damage_taken":[{"damage":2.0,"enemies":"Jaw Worm","floor":1.0,"turns":3.0},{"damage":17.0,"enemies":"2 Louse","floor":2.0,"turns":3.0},{"damage":0.0,"enemies":"Small Slimes","floor":5.0,"turns":3.0},{"damage":0.0,"enemies":"Gremlin Nob","floor":7.0,"turns":1.0},{"damage":0.0,"enemies":"Blue Slaver","floor":8.0,"turns":4.0},{"damage":0.0,"enemies":"3 Sentries","floor":10.0,"turns":1.0},{"damage":0.0,"enemies":"Exordium Thugs","floor":13.0,"turns":1.0},{"damage":0.0,"enemies":"2 Fungi Beasts","floor":14.0,"turns":1.0},{"damage":6.0,"enemies":"Slime Boss","floor":16.0,"turns":4.0},{"damage":6.0,"enemies":"Shell Parasite","floor":18.0,"turns":3.0},{"damage":0.0,"enemies":"2 Thieves","floor":19.0,"turns":3.0},{"damage":0,"enemies":"Shelled Parasite and Fungi","floor":22,"turns":2},{"damage":0,"enemies":"Book of Stabbing","floor":23,"turns":3},{"damage":0,"enemies":"Sentry and Sphere","floor":24,"turns":4},{"damage":6,"enemies":"Gremlin Leader","floor":25,"turns":7}],"seed_played":"175796349437979284","potions_obtained":[{"floor":2.0,"key":"Fruit Juice"},{"floor":4.0,"key":"Death Potion"},{"floor":4.0,"key":"Strength Potion"},{"floor":4.0,"key":"SkillPotion"},{"floor":5.0,"key":"Adrenaline Potion"},{"floor":7.0,"key":"PowerPotion"},{"floor":10.0,"key":"SkillPotion"},{"floor":13.0,"key":"Venom Potion"},{"floor":19.0,"key":"Weak Potion"},{"floor":22,"key":"REME_GoldPotion"}],"is_trial":false,"path_per_floor":["M","M","?","?","M","R","E","M","T","E","?","$","M","M","R","B",null,"M","M","$","?","M","E","M","E"],"character_chosen":"THE_SILENT","items_purchased":["MerchantsRug","EntropicBrew","Replay:Towering Pillar of Hats","Reflex"],"campfire_rested":0,"item_purchase_floors":[12,12,20,20],"current_hp_per_floor":[57,45,24,24,24,24,24,24,24,24,24,24,24,24,24,18,63,58,59,59,59,60,61,62,57,57],"gold":378,"neow_bonus":"BOSS_RELIC","is_daily":false,"chose_seed":false,"campfire_upgraded":1,"win_rate":0.0,"timestamp":1611923462,"path_taken":["M","M","?","?","M","R","E","M","T","E","?","$","M","M","R","BOSS","M","M","$","?","M","E","M","E"],"items_purchased_type":["Relic","Potion","Relic","Card"],"build_version":"2020-12-18","purchased_purges":2,"victory":false,"max_hp_per_floor":[66,71,71,71,71,71,71,71,71,71,69,69,69,69,69,69,76,76,76,76,76,76,76,76,76,76],"card_choices":[{"not_picked":["ReplayTheSpireMod:Shiv Toss","Sucker Punch","Bane"],"picked":"SKIP","floor":1.0},{"not_picked":["Poisoned Stab","Slice"],"picked":"Backflip","floor":2.0},{"not_picked":["Backflip","ReplayTheSpireMod:From All Sides","AT_Desolate"],"picked":"SKIP","floor":5.0},{"not_picked":["Leg Sweep","Calculated Gamble","Blade Dance"],"picked":"SKIP","floor":7.0},{"not_picked":["Slice","Backflip"],"picked":"Calculated Gamble","floor":8.0},{"not_picked":["AT_ArcaneSupremacy","Dagger Spray"],"picked":"Prepared","floor":10.0},{"not_picked":["Blur","AT_WindFlip","Dodge and Roll"],"picked":"SKIP","floor":13.0},{"not_picked":["Cloak And Dagger","Bouncing Flask","AT_WindRun"],"picked":"SKIP","floor":14.0},{"not_picked":["REME_LeechingPoison","Replay:Bag of Tricks"],"picked":"Wraith Form v2","floor":16.0},{"not_picked":["Backflip","Underhanded Strike","Blade Dance"],"picked":"SKIP","floor":18.0},{"not_picked":["Slice+1","Poisoned Stab","Deflect"],"picked":"SKIP","floor":19.0},{"not_picked":["Sneak Up","Bane","Atom Bomb"],"picked":"SKIP","floor":22},{"not_picked":["AT_ArcaneSupremacy","Deadly Poison","Poisoned Stab"],"picked":"SKIP","floor":23},{"not_picked":["AT_WomanClash","Outmaneuver","Catalyst"],"picked":"SKIP","floor":24}],"player_experience":703205,"relics_obtained":[{"floor":4.0,"key":"ReplayTheSpireMod:Ring of Addiction"},{"floor":4.0,"key":"SacredBark"},{"floor":4.0,"key":"Potion Belt"},{"floor":4.0,"key":"Ring of Greed"},{"floor":4.0,"key":"Old Coin"},{"floor":4.0,"key":"Golden Egg"},{"floor":7.0,"key":"testmod-EqualTreatment"},{"floor":10.0,"key":"PokeGo"},{"floor":23,"key":"Orichalcum"}],"event_choices":[{"damage_healed":0.0,"max_hp_gain":0.0,"max_hp_loss":0.0,"gold_gain":0.0,"event_name":"Shining Light","player_choice":"Entered Light","floor":3.0,"gold_loss":0.0,"damage_taken":21.0,"cards_upgraded":["AT_FamilyPortrait","Defend_G"]},{"damage_healed":0.0,"max_hp_gain":0.0,"max_hp_loss":0.0,"gold_gain":100.0,"event_name":"¶÷ÂåË¹µÄÅÌ×Ó","player_choice":"Sell","floor":11.0,"relics_lost":["Ring of Greed"],"gold_loss":0.0,"damage_taken":0.0},{"damage_healed":0,"gold_gain":0,"player_choice":"Ignored","damage_taken":0,"max_hp_gain":0,"max_hp_loss":0,"event_name":"The Mausoleum","floor":21,"gold_loss":0}],"is_beta":true,"boss_relics":[{"not_picked":["testmod-PortableAltar","ChampionBelt"],"picked":"MagicMushroom"},{"not_picked":[]}],"items_purged_floors":[12,20],"is_endless":false,"potions_floor_spawned":[2,5,7,10,13,19,22],"killed_by":"Gremlin Leader","ascension_level":20}}