{"host":"qvl114e0jmbc6yhm","time":1611958684,"event":{"mods":["Act Like it!","BaseMod","Hermit","Highlight Path","Hubris","Jedi Mod","Marisa????????","Marked Mod","Minty Spire (QoL Compilation)","Permanent Neow","Random Character Button","Relic Sorter","Relic Stats","Replay The Spire","Shop Mod","Spicy Shops","StSLib","The Jungle","The Runesmith"],"gold_per_floor":[14,14,61,76,90,126,147,191,214,251,265,265],"floor_reached":11,"language":"ENG","playtime":527,"items_purged":[],"score":145,"play_id":"5ff16111-04c7-4766-a192-930fdad4e4ba","local_time":"20210129171804","is_ascension_mode":true,"campfire_choices":[],"circlet_count":0,"master_deck":["AscendersBane","Strike_R","Strike_R","Strike_R","Strike_R","Strike_R","Defend_R","Defend_R","Defend_R","Defend_R","Bash","Pommel Strike","Shockwave","Warcry","Replay:Many Hands","Headbutt","Bludgeon","Feel No Pain"],"relics":["Burning Blood","Dead Branch","Golden Idol","Replay:Baseball","hubris:ToyBattleship","Replay:Bandana","Bag of Preparation"],"acts_visited":["Exordium"],"potions_floor_usage":[7,11,11],"damage_taken":[{"damage":7,"enemies":"Small Slimes","floor":1,"turns":4},{"damage":9,"enemies":"Jaw Worm","floor":4,"turns":4},{"damage":0,"enemies":"Cultist","floor":5,"turns":4},{"damage":17,"enemies":"Replay:BlueRogue","floor":6,"turns":5},{"damage":9,"enemies":"Exordium Thugs","floor":7,"turns":4},{"damage":26,"enemies":"Gremlin Nob","floor":8,"turns":4},{"damage":9,"enemies":"3 Louse","floor":10,"turns":4},{"damage":32,"enemies":"Replay:BlueRogue","floor":11,"turns":6}],"seed_played":"-6635300160600463240","potions_obtained":[{"floor":5,"key":"AttackPotion"},{"floor":7,"key":"AttackPotion"},{"floor":10,"key":"ColorlessPotion"}],"is_trial":false,"path_per_floor":["M","?","T","M","M","E","M","E","T","M","E"],"character_chosen":"IRONCLAD","items_purchased":[],"campfire_rested":0,"item_purchase_floors":[],"current_hp_per_floor":[67,67,67,64,69,58,55,35,35,32,0,0],"gold":265,"neow_bonus":"ONE_RARE_RELIC","is_daily":false,"chose_seed":false,"campfire_upgraded":0,"win_rate":0.0,"timestamp":1611958684,"path_taken":["M","?","?","M","M","E","?","E","T","M","E"],"items_purchased_type":[],"build_version":"2020-12-22","purchased_purges":0,"victory":false,"max_hp_per_floor":[75,69,69,69,69,69,69,69,69,69,69,69],"relic_stats":{"counters":[8,35],"Golden Idol":30,"Dead Branch":[49],"Bag of Preparation":[4],"obtain_stats":[{"Replay:Baseball":3,"Replay:Bandana":8,"Golden Idol":2,"Dead Branch":0,"hubris:ToyBattleship":6,"Bag of Preparation":9,"Burning Blood":0},{"Replay:Baseball":1,"Replay:Bandana":6,"Golden Idol":1,"Dead Branch":0,"hubris:ToyBattleship":4,"Bag of Preparation":6,"Burning Blood":0},{"Replay:Baseball":4,"Replay:Bandana":25,"Golden Idol":4,"Dead Branch":0,"hubris:ToyBattleship":17,"Bag of Preparation":25,"Burning Blood":0}],"Burning Blood":41},"card_choices":[{"not_picked":["Pommel Strike","Twin Strike","Rampage"],"picked":"SKIP","floor":1},{"not_picked":["Twin Strike","Rampage"],"picked":"Pommel Strike","floor":1},{"not_picked":["hubris:SharpeningStone","Replay:Undeath\u0027s Touch"],"picked":"Shockwave","floor":4},{"not_picked":["Perfected Strike","Thunderclap"],"picked":"Warcry","floor":5},{"not_picked":["Thunderclap","Anger"],"picked":"Replay:Many Hands","floor":6},{"not_picked":["Clash","Flex"],"picked":"Headbutt","floor":7},{"not_picked":["Bloodletting","hubris:SharpeningStone"],"picked":"Bludgeon","floor":8},{"not_picked":["hubris:ReadiedAction","Reckless Charge"],"picked":"Feel No Pain","floor":10}],"player_experience":2465047,"relics_obtained":[{"floor":3,"key":"Replay:Baseball"},{"floor":6,"key":"hubris:ToyBattleship"},{"floor":8,"key":"Replay:Bandana"},{"floor":9,"key":"Bag of Preparation"}],"event_choices":[{"damage_healed":0,"gold_gain":0,"player_choice":"Lose Max HP","damage_taken":0,"relics_obtained":["Golden Idol"],"max_hp_gain":0,"max_hp_loss":6,"event_name":"Golden Idol","floor":2,"gold_loss":0}],"is_beta":false,"boss_relics":[],"items_purged_floors":[],"is_endless":false,"potions_floor_spawned":[5,7,10],"killed_by":"Replay:BlueRogue","ascension_level":14}}