{"host":"kqmpijrcxbgb80ry","time":1611944627,"event":{"mods":["BaseMod","Colored Map","Colored Powertips","Duelist Mod","Highlight Path","Hubris","Infinite Spire","Mimic Mod","Minty Spire (QoL Compilation)","Permanent Neow","Replay The Spire","Shop Mod","StSLib","SuperFastMode"],"gold_per_floor":[118,118,131,146,321,351,364,30,65,76,86,86,86,96,96,111,111,212,212,230,230,249,174,174,174,174,174,212,238,249,269,269,184,184,288,288,308,85,85,96,107,107,107,107,107,107,119,119,119],"floor_reached":48,"language":"ENG","playtime":2120,"items_purged":["Doubt","hubris:Compulsion"],"score":477,"play_id":"5b997046-5c33-4aae-aa36-4b22118c3cd6","local_time":"20210129132347","is_ascension_mode":false,"campfire_choices":[{"floor":15.0,"key":"REST"},{"floor":17.0,"key":"REST"},{"floor":25.0,"key":"REST"},{"data":"RitualDagger","floor":32.0,"key":"SMITH"},{"data":"ReplayTheSpireMod:Black Plague","floor":34.0,"key":"SMITH"},{"data":"Pummel","floor":42,"key":"SMITH"},{"data":"Whirlwind","floor":46,"key":"SMITH"}],"circlet_count":0,"master_deck":["Strike_R","Strike_R","Defend_R","Defend_R","Defend_R","Defend_R","Bash","Whirlwind+1","Pummel+1","Demon Form","Sword Boomerang","Shrug It Off","Twin Strike","Thunderclap+1","RitualDagger+1","Hallucinations","Pummel+1"],"relics":["Black Blood","infinitespire:Beetle Shell","infinitespire:ShieldingShard","Onion Ring","Strawberry","Brimstone","hubris:Backtick","hubris:OldNail","CaptainsWheel","Self Forming Clay","hubris:IronBody","Snack Pack","Replay:Grab Bag","Philosopher\u0027s Stone","Sozu","Kintsugi","King of Hearts","BranchBurnRelic"],"acts_visited":["Exordium","TheCity","TheBeyond"],"potions_floor_usage":[],"damage_taken":[{"damage":5.0,"enemies":"Small Slimes","floor":1.0,"turns":3.0},{"damage":2.0,"enemies":"2 Louse","floor":3.0,"turns":4.0},{"damage":13.0,"enemies":"Jaw Worm","floor":4.0,"turns":3.0},{"damage":57.0,"enemies":"3 Sentries","floor":6.0,"turns":9.0},{"damage":3.0,"enemies":"Large Slime","floor":7.0,"turns":7.0},{"damage":16.0,"enemies":"3 Louse","floor":9.0,"turns":8.0},{"damage":9.0,"enemies":"3 Louse","floor":10.0,"turns":3.0},{"damage":9.0,"enemies":"2 Fungi Beasts","floor":11.0,"turns":2.0},{"damage":11.0,"enemies":"Blue Slaver","floor":14.0,"turns":3.0},{"damage":20.0,"enemies":"Large Slime","floor":16.0,"turns":6.0},{"damage":58.0,"enemies":"Hexaghost","floor":18.0,"turns":8.0},{"damage":56.0,"enemies":"Shell Parasite","floor":20.0,"turns":10.0},{"damage":12.0,"enemies":"2 Thieves","floor":22.0,"turns":3.0},{"damage":0.0,"enemies":"Sentry and Sphere","floor":28.0,"turns":4.0},{"damage":10.0,"enemies":"Gremlin Leader","floor":29.0,"turns":3.0},{"damage":0.0,"enemies":"Sentry and Sphere","floor":30.0,"turns":3.0},{"damage":0.0,"enemies":"Snecko","floor":31.0,"turns":3.0},{"damage":68.0,"enemies":"Collector","floor":35.0,"turns":9.0},{"damage":0,"enemies":"Orb Walker","floor":37,"turns":4},{"damage":4,"enemies":"3 Darklings","floor":40,"turns":2},{"damage":4,"enemies":"Jaw Worm Horde","floor":41,"turns":3},{"damage":12,"enemies":"Spire Growth","floor":47,"turns":6},{"damage":96,"enemies":"Nightmare","floor":48,"turns":5}],"seed_played":"-236212013275695710","potions_obtained":[{"floor":6.0,"key":"Elixir"},{"floor":7.0,"key":"SmokeBomb"},{"floor":10.0,"key":"FearPotion"},{"floor":18.0,"key":"BloodPotion"},{"floor":29.0,"key":"PowerPotion"}],"is_trial":false,"path_per_floor":["M","?","M","M","?","E","M","$","MIM","M","M","PTL","PTL","M","R","M","R","B",null,"M","AVR","M","?","?","R","?","?","MIM","E","M","M","R","?","R","B",null,"M","$","?","M","M","R","?","AVR","T","R","M","NM"],"character_chosen":"IRONCLAD","items_purchased":["Onion Ring","Demon Form","King of Hearts"],"campfire_rested":3,"item_purchase_floors":[8,8,38],"current_hp_per_floor":[88,88,88,81,81,30,33,33,30,27,24,24,24,19,47,33,61,9,95,51,51,51,51,45,73,73,73,85,87,95,95,95,95,95,39,95,95,95,95,95,95,95,95,95,95,95,95,0,0],"gold":119,"neow_bonus":"TEN_PERCENT_HP_BONUS","is_daily":false,"chose_seed":false,"campfire_upgraded":4,"win_rate":0.0,"timestamp":1611944627,"path_taken":["M","?","M","M","?","E","M","$","MIM","M","M","PTL","PTL","M","R","M","R","BOSS","M","AVR","M","?","?","R","?","?","MIM","E","?","M","R","?","R","BOSS","M","$","?","M","?","R","?","AVR","T","R","M","NM"],"items_purchased_type":["Relic","Card","Relic"],"build_version":"2020-12-22","purchased_purges":2,"victory":false,"max_hp_per_floor":[88,88,88,88,88,88,88,88,95,95,95,95,95,95,95,95,95,95,95,95,95,95,95,95,95,95,95,95,95,95,95,95,95,95,95,95,95,95,95,95,95,95,95,95,95,95,95,95,95],"card_choices":[{"not_picked":["Sentinel","Shockwave"],"picked":"Body Slam","floor":1.0},{"not_picked":["Heavy Blade","ReplayTheSpireMod:LeadingStrike"],"picked":"Whirlwind","floor":3.0},{"not_picked":["Wild Strike","Second Wind"],"picked":"Pummel","floor":4.0},{"not_picked":["Whirlwind","Headbutt","Battle Trance"],"picked":"SKIP","floor":6.0},{"not_picked":["hubris:ReadiedAction","Headbutt"],"picked":"Searing Blow","floor":7.0},{"not_picked":["Abandon","Life Link"],"picked":"Sword Boomerang","floor":9.0},{"not_picked":["Evolve","ReplayTheSpireMod:Strike From Hell"],"picked":"Shrug It Off","floor":10.0},{"not_picked":["Battle Trance","Cleave","Iron Wave"],"picked":"SKIP","floor":11.0},{"not_picked":["Pommel Strike","Fiend Fire"],"picked":"Twin Strike","floor":14.0},{"not_picked":["Hemokinesis","hubris:ReadiedAction","Clothesline"],"picked":"SKIP","floor":16.0},{"not_picked":["Pommel Strike","Abandon"],"picked":"Thunderclap+1","floor":20.0},{"not_picked":["hubris:ReadiedAction","True Grit","Anger"],"picked":"SKIP","floor":22.0},{"not_picked":["Flex","Rampage","Headbutt"],"picked":"SKIP","floor":29.0},{"not_picked":["Immolate","Pommel Strike","Flex+1"],"picked":"SKIP","floor":30.0},{"not_picked":["Uppercut","Armaments","ReplayTheSpireMod:Muscle Training"],"picked":"SKIP","floor":31.0},{"not_picked":["Intimidate","Run Through","Clash+1"],"picked":"SKIP","floor":37},{"not_picked":["True Grit+1","Thunderclap+1","Combust"],"picked":"SKIP","floor":40},{"not_picked":["True Grit+1","Thunderclap+1","Combust"],"picked":"SKIP","floor":40},{"not_picked":["Ghostly Armor","Pommel Strike+1","Fire Breathing+1"],"picked":"SKIP","floor":41},{"not_picked":["Flex","Combust+1","Carnage+1"],"picked":"SKIP","floor":47}],"player_experience":366683,"relics_obtained":[{"floor":2.0,"key":"infinitespire:Beetle Shell"},{"floor":6.0,"key":"infinitespire:ShieldingShard"},{"floor":9.0,"key":"Strawberry"},{"floor":28.0,"key":"Self Forming Clay"},{"floor":29.0,"key":"hubris:IronBody"}],"event_choices":[{"damage_healed":0.0,"max_hp_gain":0.0,"max_hp_loss":0.0,"gold_gain":175.0,"event_name":"Liars Game","player_choice":"AGREE","floor":5.0,"gold_loss":0.0,"damage_taken":0.0,"cards_obtained":["Doubt"]},{"cards_removed":["Searing Blow"],"damage_healed":0.0,"max_hp_gain":0.0,"max_hp_loss":0.0,"gold_gain":0.0,"event_name":"Beggar","player_choice":"Gave Gold","floor":23.0,"gold_loss":75.0,"damage_taken":0.0},{"damage_healed":0.0,"max_hp_gain":0.0,"max_hp_loss":0.0,"gold_gain":0.0,"event_name":"Nest","player_choice":"Joined the Cult","floor":24.0,"gold_loss":0.0,"damage_taken":6.0,"cards_obtained":["RitualDagger"]},{"damage_healed":0.0,"max_hp_gain":0.0,"max_hp_loss":0.0,"gold_gain":0.0,"event_name":"Addict","player_choice":"Obtained Relic","floor":33.0,"gold_loss":85.0,"damage_taken":0.0,"relics_obtained":["Snack Pack"]},{"damage_healed":0,"gold_gain":0,"player_choice":"Ignored","damage_taken":0,"max_hp_gain":0,"max_hp_loss":0,"event_name":"SecretPortal","floor":39,"gold_loss":0},{"damage_healed":0,"gold_gain":0,"player_choice":"Copied","damage_taken":0,"max_hp_gain":0,"max_hp_loss":0,"event_name":"Duplicator","floor":43,"gold_loss":0,"cards_obtained":["Pummel"]}],"is_beta":false,"boss_relics":[{"not_picked":["Honey Jar","hubris:Stopwatch"],"picked":"Black Blood"},{"not_picked":["infinitespire:Cupcake","Mark of Pain"],"picked":"Replay:Grab Bag"},{"not_picked":["ReplayTheSpireMod:DimensionalGlitch","hubris:CrackedHourglass"],"picked":"Philosopher\u0027s Stone"},{"not_picked":["hubris:TerracottaHorce","Cursed Key"],"picked":"Sozu"},{"not_picked":["Snecko Eye","Pandora\u0027s Box"],"picked":"Kintsugi"}],"items_purged_floors":[21,38],"is_endless":false,"potions_floor_spawned":[6,7,10,18,29,30,41,47],"killed_by":"Nightmare","ascension_level":0}}