{"host":"aukiz5jlacd3g5yc","time":1611900742,"event":{"mods":["2.2 Compatiblity","BaseMod","Bestiary","Colored Map","Colored Powertips","Downfall","GifTheSpireLib","Hubris","Minty Spire (QoL Compilation)","Permanent Neow","Quick Restart","Random Character Button","Rare Cards Sparkle","Relic Sorter","Relic Stats","Replay The Spire","StSLib","everything is the same but u backflip on backflip","slay the spire mod where everything is the same but ironclad has a cowboy hat"],"gold_per_floor":[99,113,170,27,127,127,127,127,127,127],"floor_reached":8,"language":"ENG","playtime":731,"items_purged":[],"score":44,"play_id":"1efa1871-4907-4c78-ab51-e7be2983499f","local_time":"20210129001222","is_ascension_mode":true,"campfire_choices":[{"data":"champ:Taunt","floor":1,"key":"SMITH"}],"circlet_count":0,"master_deck":["champ:Strike","champ:Strike","champ:Strike","champ:Strike","champ:Defend","champ:Defend","champ:Defend","champ:Defend","champ:Execute","champ:Taunt+1","champ:CalledShot","champ:DefensiveShout+1","champ:ViciousMockery","champ:EnGarde","champ:SkillfulDodge","champ:SwordSigil+1","hubris:Greed"],"relics":["champ:ChampionCrown","champ:DefensiveTrainingManual","hubris:SphereOfDissonance","CloakClasp","Meat on the Bone"],"acts_visited":["Exordium"],"potions_floor_usage":[5],"damage_taken":[{"damage":10,"enemies":"Cultist","floor":2,"turns":3},{"damage":75,"enemies":"Gremlin Nob","floor":3,"turns":7},{"damage":25,"enemies":"downfall:FleeingMerchant","floor":4,"turns":4},{"damage":81,"enemies":"downfall:FleeingMerchant","floor":5,"turns":20},{"damage":12,"enemies":"3 Sentries","floor":8,"turns":6}],"seed_played":"-1419118016416931500","potions_obtained":[{"floor":3,"key":"Regen Potion"}],"is_trial":false,"path_per_floor":["R","M","?","$","?","?","T","E"],"character_chosen":"THE_CHAMP","items_purchased":["champ:EnGarde","champ:SkillfulDodge"],"campfire_rested":0,"item_purchase_floors":[4,4],"current_hp_per_floor":[90,90,35,30,12,12,12,0,0,0],"gold":127,"neow_bonus":"RANDOM_COMMON_RELIC","is_daily":false,"chose_seed":false,"campfire_upgraded":1,"win_rate":0.0,"timestamp":1611900742,"path_taken":["R","?","?","$","?","?","T","E"],"items_purchased_type":["Card","Card"],"build_version":"2020-12-22","purchased_purges":0,"victory":false,"max_hp_per_floor":[90,90,90,90,90,90,90,90,90,90],"relic_stats":{"counters":[5,40],"CloakClasp":[15],"obtain_stats":[{"champ:DefensiveTrainingManual":0,"hubris:SphereOfDissonance":3,"champ:ChampionCrown":0,"CloakClasp":5,"Meat on the Bone":7},{"champ:DefensiveTrainingManual":0,"hubris:SphereOfDissonance":2,"champ:ChampionCrown":0,"CloakClasp":4,"Meat on the Bone":4},{"champ:DefensiveTrainingManual":0,"hubris:SphereOfDissonance":10,"champ:ChampionCrown":0,"CloakClasp":34,"Meat on the Bone":34}],"Meat on the Bone":0},"card_choices":[{"not_picked":["champ:HeartStrike","champ:Shatter"],"picked":"champ:CalledShot","floor":2},{"not_picked":["champ:ShieldSlam","champ:StanceDance"],"picked":"champ:DefensiveShout","floor":3},{"not_picked":["champ:DefensiveShout","champ:PreemptiveStrike"],"picked":"champ:ViciousMockery","floor":4},{"not_picked":["champ:EnGarde","champ:GutPunch"],"picked":"champ:SwordSigil","floor":5}],"player_experience":374030,"relics_obtained":[{"floor":3,"key":"hubris:SphereOfDissonance"},{"floor":5,"key":"CloakClasp"},{"floor":7,"key":"Meat on the Bone"}],"event_choices":[],"is_beta":false,"boss_relics":[],"items_purged_floors":[],"is_endless":false,"potions_floor_spawned":[3],"killed_by":"3 Sentries","ascension_level":1}}