{"host":"gfxjwtol062e9znw","time":1611928464,"event":{"mods":["BaseMod","Colored Map","Minty Spire (QoL Compilation)"],"gold_per_floor":[119,131,150,162,177,177,207,207,231,231,231,243,258,285,285,387,387,397,397,273,273,288,313,313,343,367,367,367,85,85,112,112,216,216,226,226,243,243,258,258,258,258,258,283,8,34,50,50,50,50],"floor_reached":51,"language":"ENG","playtime":2581,"items_purged":["Defend_P","Prostrate"],"score":999,"play_id":"530fba59-4028-4920-a65f-862a681983cf","local_time":"20210130005423","is_ascension_mode":true,"campfire_choices":[{"data":"Vault","floor":6,"key":"SMITH"},{"data":"Eruption","floor":8,"key":"SMITH"},{"floor":10,"key":"REST"},{"data":"ClearTheMind","floor":15,"key":"SMITH"},{"data":"DeusExMachina","floor":24,"key":"SMITH"},{"floor":28,"key":"REST"},{"data":"Establishment","floor":30,"key":"SMITH"},{"data":"BattleHymn","floor":32,"key":"SMITH"},{"floor":40,"key":"REST"},{"data":"Collect","floor":42,"key":"SMITH"},{"floor":49,"key":"REST"}],"circlet_count":0,"master_deck":["Strike_P","Strike_P","Defend_P","Defend_P","Eruption+1","Vigilance","Vault+1","Halt","ClearTheMind+1","EmptyFist","WheelKick","Evaluate","Tantrum+1","DeceiveReality","FollowUp+1","Establishment+1","Collect+1","Consecrate+1","ReachHeaven+1","DeusExMachina+1","Wallop+1","CutThroughFate+1","BattleHymn+1","EmptyBody+1","Vault+1","CurseOfTheBell","CutThroughFate+1","Madness+1","Madness+1","WindmillStrike+1","SandsOfTime+1"],"relics":["PureWater","Molten Egg 2","PreservedInsect","Blood Vial","Centennial Puzzle","Philosopher\u0027s Stone","Regal Pillow","Lantern","Orichalcum","Toxic Egg 2","Darkstone Periapt","Calling Bell","Art of War","Shuriken","WingedGreaves","Toy Ornithopter","Bag of Preparation","Damaru"],"acts_visited":["Exordium","TheCity","TheBeyond"],"potions_floor_usage":[5,7,16,23,23,23,31,44,50],"damage_taken":[{"damage":7,"enemies":"Small Slimes","floor":1,"turns":3},{"damage":5,"enemies":"2 Louse","floor":2,"turns":4},{"damage":4,"enemies":"Jaw Worm","floor":3,"turns":3},{"damage":1,"enemies":"2 Fungi Beasts","floor":4,"turns":4},{"damage":0,"enemies":"Exordium Thugs","floor":5,"turns":3},{"damage":0,"enemies":"Gremlin Nob","floor":7,"turns":3},{"damage":1,"enemies":"Large Slime","floor":12,"turns":5},{"damage":0,"enemies":"2 Fungi Beasts","floor":13,"turns":3},{"damage":0,"enemies":"Lagavulin","floor":14,"turns":3},{"damage":52,"enemies":"The Guardian","floor":16,"turns":8},{"damage":0,"enemies":"3 Byrds","floor":18,"turns":4},{"damage":1,"enemies":"Shell Parasite","floor":22,"turns":2},{"damage":0,"enemies":"Gremlin Leader","floor":23,"turns":2},{"damage":13,"enemies":"Book of Stabbing","floor":25,"turns":3},{"damage":0,"enemies":"Gremlin Leader","floor":31,"turns":4},{"damage":23,"enemies":"Champ","floor":33,"turns":6},{"damage":0,"enemies":"3 Darklings","floor":35,"turns":3},{"damage":10,"enemies":"3 Shapes","floor":37,"turns":3},{"damage":0,"enemies":"Jaw Worm Horde","floor":39,"turns":4},{"damage":27,"enemies":"Nemesis","floor":44,"turns":4},{"damage":0,"enemies":"Maw","floor":47,"turns":5},{"damage":105,"enemies":"Time Eater","floor":50,"turns":10}],"seed_played":"7595901651843472478","potions_obtained":[{"floor":2,"key":"Energy Potion"},{"floor":4,"key":"SteroidPotion"},{"floor":5,"key":"EssenceOfSteel"},{"floor":14,"key":"SkillPotion"},{"floor":22,"key":"BlessingOfTheForge"},{"floor":25,"key":"Dexterity Potion"},{"floor":31,"key":"EssenceOfSteel"},{"floor":33,"key":"Fire Potion"},{"floor":44,"key":"SneckoOil"}],"is_trial":false,"path_per_floor":["M","M","M","M","M","R","E","R","T","R","?","M","M","E","R","B",null,"M","?","$","?","M","E","R","E","T","?","R","$","R","E","R","B",null,"M","?","M","?","M","R","?","R","T","E","$","T","M","?","R","B",null],"character_chosen":"WATCHER","items_purchased":["FearPotion","BattleHymn","Toxic Egg 2","FairyPotion","SandsOfTime+1"],"campfire_rested":4,"item_purchase_floors":[20,29,29,45,45],"current_hp_per_floor":[58,53,49,48,48,48,48,48,48,65,62,63,65,65,65,13,65,65,65,65,54,55,57,57,46,46,46,70,70,70,70,70,47,76,76,76,66,56,58,76,76,76,76,49,49,49,51,51,76,8],"gold":50,"neow_bonus":"THREE_RARE_CARDS","is_daily":false,"chose_seed":false,"campfire_upgraded":7,"win_rate":0.0,"timestamp":1611928463,"path_taken":["M","M","M","M","M","R","E","R","T","R","?","M","M","E","R","BOSS","M","?","$","?","M","E","R","E","T","?","R","$","R","E","R","BOSS","M","?","M","?","?","R","?","R","T","E","$","?","M","?","R","BOSS"],"items_purchased_type":["Potion","Card","Relic","Potion","Card"],"build_version":"2020-12-22","purchased_purges":2,"victory":true,"max_hp_per_floor":[65,65,65,65,65,65,65,65,65,65,65,65,65,65,65,65,65,65,65,65,70,70,70,70,70,70,70,70,70,70,70,70,70,76,76,76,76,76,76,76,76,76,76,76,76,76,76,76,76,76],"card_choices":[{"not_picked":["Omniscience","Wish"],"picked":"Vault","floor":0},{"not_picked":["FlurryOfBlows","Perseverance"],"picked":"Halt","floor":1},{"not_picked":["Swivel","ThirdEye"],"picked":"ClearTheMind","floor":2},{"not_picked":["Halt","Pray"],"picked":"EmptyFist","floor":3},{"not_picked":["BowlingBash","Scrawl"],"picked":"WheelKick","floor":4},{"not_picked":["Prostrate","FlurryOfBlows"],"picked":"InnerPeace","floor":5},{"not_picked":["LessonLearned+1","MentalFortress"],"picked":"Evaluate","floor":7},{"not_picked":["Swivel","PathToVictory"],"picked":"Tantrum+1","floor":12},{"not_picked":["Adaptation","JustLucky+1"],"picked":"DeceiveReality","floor":13},{"not_picked":["ThirdEye","Fasting2"],"picked":"FollowUp+1","floor":14},{"not_picked":["DevaForm","DeusExMachina"],"picked":"Establishment","floor":16},{"not_picked":["FearNoEvil+1","Halt"],"picked":"Collect","floor":18},{"not_picked":["Fasting2","CutThroughFate+1"],"picked":"ReachHeaven+1","floor":22},{"not_picked":["MasterReality","ThirdEye"],"picked":"DeusExMachina","floor":23},{"not_picked":["BowlingBash+1","Pray"],"picked":"Wallop+1","floor":25},{"not_picked":["Worship+1","SignatureMove+1"],"picked":"EmptyBody+1","floor":31},{"not_picked":["ConjureBlade+1","Brilliance+1"],"picked":"Vault+1","floor":33},{"not_picked":["Adaptation","CrushJoints+1","SashWhip+1"],"picked":"SKIP","floor":35},{"not_picked":["Consecrate+1","Conclude+1"],"picked":"CutThroughFate+1","floor":37},{"not_picked":["Collect+1","Prostrate+1","Sanctity+1"],"picked":"SKIP","floor":39},{"not_picked":["Evaluate+1","EmptyFist+1"],"picked":"WindmillStrike+1","floor":44},{"not_picked":["PathToVictory+1","SashWhip+1","Prostrate+1"],"picked":"SKIP","floor":47}],"player_experience":33264,"relics_obtained":[{"floor":7,"key":"Molten Egg 2"},{"floor":9,"key":"PreservedInsect"},{"floor":14,"key":"Centennial Puzzle"},{"floor":23,"key":"Regal Pillow"},{"floor":25,"key":"Lantern"},{"floor":26,"key":"Orichalcum"},{"floor":31,"key":"Darkstone Periapt"},{"floor":34,"key":"Art of War"},{"floor":34,"key":"Shuriken"},{"floor":34,"key":"WingedGreaves"},{"floor":43,"key":"Toy Ornithopter"},{"floor":44,"key":"Bag of Preparation"},{"floor":46,"key":"Damaru"}],"event_choices":[{"damage_healed":0,"gold_gain":0,"player_choice":"Success","damage_taken":3,"relics_obtained":["Blood Vial"],"max_hp_gain":0,"max_hp_loss":0,"event_name":"Scrap Ooze","floor":11,"gold_loss":0},{"damage_healed":0,"gold_gain":0,"player_choice":"Read","damage_taken":0,"max_hp_gain":0,"max_hp_loss":0,"event_name":"The Library","floor":19,"gold_loss":0,"cards_obtained":["Consecrate"]},{"damage_healed":0,"gold_gain":0,"player_choice":"Shed Blood","damage_taken":16,"max_hp_gain":5,"max_hp_loss":0,"event_name":"Forgotten Altar","floor":21,"gold_loss":0},{"damage_healed":0,"gold_gain":0,"cards_transformed":["Strike_P","Strike_P"],"player_choice":"Became Test Subject","damage_taken":0,"max_hp_gain":0,"max_hp_loss":0,"event_name":"Drug Dealer","floor":27,"gold_loss":0,"cards_obtained":["Prostrate","CutThroughFate"]},{"damage_healed":0,"gold_gain":0,"player_choice":"Ignored","damage_taken":0,"max_hp_gain":0,"max_hp_loss":0,"event_name":"Tomb of Lord Red Mask","floor":36,"gold_loss":0},{"damage_healed":0,"gold_gain":0,"player_choice":"Embrace Madness","damage_taken":10,"max_hp_gain":0,"max_hp_loss":0,"event_name":"Winding Halls","floor":38,"gold_loss":0,"cards_obtained":["Madness","Madness"]},{"cards_removed":["Defend_P"],"damage_healed":0,"gold_gain":0,"player_choice":"Purged","damage_taken":0,"max_hp_gain":0,"max_hp_loss":0,"event_name":"Purifier","floor":41,"gold_loss":0},{"cards_removed":["InnerPeace"],"damage_healed":0,"gold_gain":0,"player_choice":"Removed Skill","damage_taken":0,"max_hp_gain":0,"max_hp_loss":0,"event_name":"Falling","floor":48,"gold_loss":0}],"is_beta":false,"boss_relics":[{"not_picked":["Runic Pyramid","Coffee Dripper"],"picked":"Philosopher\u0027s Stone"},{"not_picked":["SlaversCollar","SacredBark"],"picked":"Calling Bell"}],"items_purged_floors":[20,45],"is_endless":false,"potions_floor_spawned":[2,4,5,14,22,25,31,33,44,47],"ascension_level":4}}