{"host":"xrbutm0tzv4qwo7u","time":1611948621,"event":{"mods":["AchievementEnabler","BaseMod","Better Altar","Better Match","Better Note","Better Sensory Stone","Better Skull","Better Third Choice","Colored Map","Colored Powertips","Curses Come First","Dark Map","Hermit","Minty Spire (QoL Compilation)","Quick Restart","Rare Cards Sparkle","Relic Stats","StSLib","The Cursed","The Marked"],"gold_per_floor":[117,117,117,137,154,185,185,204,204,204,204,217,217,232,232,333,333,352,23,23,23,36,36,36,36],"floor_reached":24,"language":"ENG","playtime":739,"items_purged":[],"score":231,"play_id":"c3513f65-49b5-4908-8690-9f4e9990313a","local_time":"20210129133021","is_ascension_mode":true,"campfire_choices":[{"data":"Flechettes","floor":7,"key":"SMITH"},{"data":"Blade Dance","floor":10,"key":"SMITH"},{"floor":13,"key":"REST"},{"floor":15,"key":"REST"},{"floor":23,"key":"RECALL"}],"circlet_count":0,"master_deck":["Strike_G","Strike_G+1","Strike_G","Strike_G","Defend_G","Defend_G","Defend_G","Defend_G","Defend_G","Survivor","Neutralize","Infinite Blades+1","Flechettes+1","Acrobatics+1","Acrobatics","Blade Dance+1","Flying Knee","Blur","Deflect","Phantasmal Killer","Backstab","Footwork","Infinite Blades+1","Adrenaline","Ghostly","Ghostly","Ghostly","Ghostly","Ghostly","Sucker Punch"],"relics":["Ring of the Serpent","NeowsBlessing","Calipers","Bottled Tornado","DollysMirror","MutagenicStrength"],"acts_visited":["Exordium","TheCity"],"potions_floor_usage":[16,16],"damage_taken":[{"damage":0,"enemies":"Jaw Worm","floor":1,"turns":1},{"damage":0,"enemies":"Small Slimes","floor":4,"turns":1},{"damage":0,"enemies":"Cultist","floor":5,"turns":1},{"damage":31,"enemies":"Lagavulin","floor":6,"turns":9},{"damage":8,"enemies":"2 Fungi Beasts","floor":8,"turns":4},{"damage":3,"enemies":"Blue Slaver","floor":12,"turns":4},{"damage":11,"enemies":"Large Slime","floor":14,"turns":4},{"damage":16,"enemies":"Hexaghost","floor":16,"turns":9},{"damage":16,"enemies":"2 Thieves","floor":18,"turns":4},{"damage":11,"enemies":"Chosen","floor":22,"turns":4},{"damage":24,"enemies":"Slavers","floor":24,"turns":4}],"seed_played":"4797033640014211547","potions_obtained":[{"floor":1,"key":"PowerPotion"},{"floor":14,"key":"FearPotion"},{"floor":16,"key":"Strength Potion"}],"is_trial":false,"path_per_floor":["M","?","?","M","M","E","R","M","T","R","?","M","R","M","R","B",null,"M","$","?","?","M","R","E"],"character_chosen":"THE_SILENT","items_purchased":["Footwork","DollysMirror","Adrenaline"],"campfire_rested":2,"item_purchase_floors":[19,19,19],"current_hp_per_floor":[70,70,70,70,70,39,39,31,31,31,17,14,35,24,45,29,70,54,54,35,35,24,24,0,0],"gold":36,"neow_bonus":"THREE_ENEMY_KILL","is_daily":false,"chose_seed":false,"campfire_upgraded":2,"win_rate":0.0,"timestamp":1611948621,"path_taken":["M","?","?","M","?","E","R","M","T","R","?","M","R","M","R","BOSS","M","$","?","?","M","R","E"],"items_purchased_type":["Card","Relic","Card"],"build_version":"2020-12-22","purchased_purges":0,"victory":false,"max_hp_per_floor":[70,70,70,70,70,70,70,70,70,70,70,70,70,70,70,70,70,70,70,35,35,35,35,35,35],"relic_stats":{"counters":[11,45],"obtain_stats":[{"Calipers":6,"NeowsBlessing":0,"DollysMirror":19,"MutagenicStrength":21,"Bottled Tornado":9,"Ring of the Serpent":17,"Ring of the Snake":0},{"Calipers":4,"NeowsBlessing":0,"DollysMirror":9,"MutagenicStrength":9,"Bottled Tornado":5,"Ring of the Serpent":8,"Ring of the Snake":0},{"Calipers":12,"NeowsBlessing":0,"DollysMirror":37,"MutagenicStrength":37,"Bottled Tornado":16,"Ring of the Serpent":33,"Ring of the Snake":0}]},"card_choices":[{"not_picked":["Expertise","Sucker Punch"],"picked":"Infinite Blades","floor":1},{"not_picked":["Dagger Throw","Outmaneuver"],"picked":"Acrobatics","floor":4},{"not_picked":["Eviscerate","Deadly Poison"],"picked":"Acrobatics","floor":5},{"not_picked":["Noxious Fumes","Footwork"],"picked":"Blade Dance","floor":6},{"not_picked":["Escape Plan","Dagger Throw"],"picked":"Flying Knee","floor":8},{"not_picked":["Sucker Punch","Acrobatics"],"picked":"Blur","floor":12},{"not_picked":["Skewer","PiercingWail"],"picked":"Deflect","floor":14},{"not_picked":["Die Die Die","Envenom"],"picked":"Phantasmal Killer","floor":16},{"not_picked":["Deflect","Bouncing Flask"],"picked":"Backstab","floor":18},{"not_picked":["Finisher","Dagger Spray"],"picked":"Sucker Punch","floor":22}],"player_experience":68515,"relics_obtained":[{"floor":6,"key":"Calipers"},{"floor":9,"key":"Bottled Tornado"}],"event_choices":[{"damage_healed":0,"gold_gain":0,"cards_transformed":["Strike_G"],"player_choice":"Change","damage_taken":0,"max_hp_gain":0,"max_hp_loss":0,"event_name":"Living Wall","floor":2,"gold_loss":0,"cards_obtained":["Flechettes"]},{"damage_healed":0,"gold_gain":0,"player_choice":"Forge","damage_taken":0,"max_hp_gain":0,"max_hp_loss":0,"event_name":"Accursed Blacksmith","floor":3,"gold_loss":0,"cards_upgraded":["Infinite Blades"]},{"damage_healed":31,"gold_gain":0,"player_choice":"Upgrade","damage_taken":14,"max_hp_gain":0,"max_hp_loss":70,"event_name":"betterThird:BetterShining","floor":11,"gold_loss":0,"cards_upgraded":["Acrobatics","Strike_G"]},{"damage_healed":0,"gold_gain":0,"player_choice":"Became a Ghost","damage_taken":0,"max_hp_gain":0,"max_hp_loss":35,"event_name":"Ghosts","floor":20,"gold_loss":0,"cards_obtained":["Ghostly","Ghostly","Ghostly","Ghostly","Ghostly"]},{"damage_healed":0,"gold_gain":0,"player_choice":"Inject Mutagens","damage_taken":0,"relics_obtained":["MutagenicStrength"],"max_hp_gain":0,"max_hp_loss":0,"event_name":"Drug Dealer","floor":21,"gold_loss":0}],"is_beta":false,"boss_relics":[{"not_picked":["Ectoplasm","Fusion Hammer"],"picked":"Ring of the Serpent"}],"items_purged_floors":[],"is_endless":false,"potions_floor_spawned":[1,14,16],"killed_by":"Slavers","ascension_level":1}}