{"host":"haq22x9zdvtvc76a","time":1611934432,"event":{"mods":["BaseMod","Downfall","Minty Spire (QoL Compilation)","StSLib"],"gold_per_floor":[99,117,132,79,79,27,27,37,37,37,67,67,81,115,135,240,240,40,57,167,167,167,167,467,479,479,479,479,479],"floor_reached":27,"language":"ENG","playtime":1777,"items_purged":["Regret"],"score":296,"play_id":"a1529801-3d6c-4b32-9272-3e0cf91da9ee","local_time":"20210129103352","is_ascension_mode":true,"campfire_choices":[{"floor":1.0,"key":"RECALL"},{"data":"champ:MurderStrike","floor":12.0,"key":"SMITH"},{"data":"champ:EnchantCrown","floor":18,"key":"SMITH"},{"data":"champ:ArenaPreparation","floor":23,"key":"SMITH"},{"data":"champ:TripleStrike","floor":27,"key":"SMITH"}],"circlet_count":0,"master_deck":["champ:Strike","champ:Strike","champ:Defend","champ:Defend","champ:Defend","champ:Execute","champ:Taunt","champ:PreciseThrust","champ:DefensiveShout","champ:ArenaPreparation","champ:FocusedDefense","champ:Haymaker","champ:MurderStrike+1","Decay","champ:ArenaPreparation+1","champ:EnchantCrown+1","champ:RisingSlash","champ:BerserkerStyle","champ:FlashCut","champ:FocusedDefense","champ:RageSigil","champ:SwordSigil","champ:SkillfulDodge","champ:VampiricStrike","champ:Backstep","champ:TripleStrike+1","RitualDagger"],"relics":["champ:ChampionCrown","Regal Pillow","Blood Vial","champ:SpectersHand","Prayer Wheel","Bottled Tornado","Coffee Dripper","downfall:HeartBlessingRed","downfall:HeartBlessingGreen","ClockworkSouvenir","sneckomod:BabySnecko","Old Coin"],"acts_visited":["Exordium","TheCity"],"potions_floor_usage":[16,20],"damage_taken":[{"damage":10.0,"enemies":"Small Slimes","floor":2.0,"turns":4.0},{"damage":20.0,"enemies":"Cultist","floor":3.0,"turns":3.0},{"damage":25.0,"enemies":"downfall:FleeingMerchant","floor":4.0,"turns":4.0},{"damage":52.0,"enemies":"downfall:FleeingMerchant","floor":6.0,"turns":4.0},{"damage":15.0,"enemies":"2 Louse","floor":8.0,"turns":3.0},{"damage":30.0,"enemies":"Gremlin Nob","floor":11.0,"turns":2.0},{"damage":56.0,"enemies":"Large Slime","floor":13.0,"turns":1.0},{"damage":49.0,"enemies":"Lagavulin","floor":14.0,"turns":4.0},{"damage":32,"enemies":"3 Louse","floor":15,"turns":2},{"damage":81,"enemies":"DF_ARCHETYPE_STREAMLINE","floor":16,"turns":8},{"damage":52,"enemies":"Shell Parasite","floor":19,"turns":4},{"damage":89,"enemies":"downfall:FleeingMerchant","floor":20,"turns":4},{"damage":45,"enemies":"Centurion and Healer","floor":25,"turns":4}],"seed_played":"2432906361659244228","potions_obtained":[{"floor":2.0,"key":"Energy Potion"},{"floor":8.0,"key":"SpeedPotion"},{"floor":11.0,"key":"SkillPotion"},{"floor":15,"key":"sneckomod:MuddlingPotion"},{"floor":16,"key":"Swift Potion"},{"floor":25,"key":"Explosive Potion"}],"is_trial":false,"path_per_floor":["R","M","M","$","?","$","T","M","?","?","E","R","M","E","M","B",null,"R","M","$","?","?","R","T","M","?","R"],"character_chosen":"THE_CHAMP","items_purchased":["champ:FocusedDefense","champ:RisingSlash","ClockworkSouvenir"],"campfire_rested":0,"item_purchase_floors":[4,6,20],"current_hp_per_floor":[90,90,90,85,85,78,78,80,80,80,82,82,84,82,80,74,90,90,90,78,78,78,78,78,77,71,71,71,71],"gold":479,"neow_bonus":"RANDOM_COMMON_RELIC","is_daily":false,"chose_seed":false,"campfire_upgraded":4,"win_rate":0.0,"timestamp":1611934432,"path_taken":["R","M","M","$","?","?","T","?","?","?","E","R","M","E","M","BOSS","R","M","$","?","?","R","T","M","?","R"],"items_purchased_type":["Card","Card","Relic"],"build_version":"2020-12-22","purchased_purges":1,"victory":false,"max_hp_per_floor":[90,90,90,90,90,90,90,90,90,90,90,90,90,90,90,90,90,90,90,90,90,90,90,90,90,90,90,90,90],"card_choices":[{"not_picked":["champ:SetATrap","champ:Haymaker"],"picked":"champ:PreciseThrust","floor":2.0},{"not_picked":["champ:GladiatorStyle","champ:Circumvent"],"picked":"champ:DefensiveShout","floor":3.0},{"not_picked":["champ:EnGarde","champ:Circumvent"],"picked":"champ:ArenaPreparation","floor":4.0},{"not_picked":["champ:AdrenalArmor","champ:Shatter"],"picked":"champ:EnchantCrown","floor":6.0},{"not_picked":["champ:PreciseThrust","champ:BerserkersShout"],"picked":"champ:BerserkerStyle","floor":8.0},{"not_picked":["champ:RisingSlash","champ:Shatter"],"picked":"champ:FlashCut","floor":11.0},{"not_picked":["champ:DefensiveShout","champ:RapidStrikes"],"picked":"champ:FocusedDefense","floor":13.0},{"not_picked":["champ:AdrenalArmor","champ:Backstep"],"picked":"champ:RageSigil","floor":13.0},{"not_picked":["champ:FanOfKnives","champ:HeartStrike"],"picked":"champ:SwordSigil","floor":14},{"not_picked":["champ:Duel","champ:StanceDance"],"picked":"champ:SkillfulDodge","floor":15},{"not_picked":["champ:ViciousMockery","champ:AdrenalArmor","champ:SwordSigil"],"picked":"SKIP","floor":15},{"not_picked":["champ:CheapShot","champ:IgnorePain"],"picked":"champ:VampiricStrike","floor":16},{"not_picked":["champ:FlashCut","champ:ShieldWall","champ:EnGarde"],"picked":"SKIP","floor":19},{"not_picked":["champ:GladiatorStyle","champ:Shatter","champ:EnGarde+1"],"picked":"SKIP","floor":19},{"not_picked":["champ:DeathBlow","champ:Circumvent+1"],"picked":"champ:Backstep","floor":20},{"not_picked":["champ:Parry","champ:BladeFlurry"],"picked":"champ:TripleStrike","floor":25},{"not_picked":["champ:CrookedStrike","champ:FanOfKnives","champ:RapidStrikes"],"picked":"SKIP","floor":25}],"player_experience":1681908,"relics_obtained":[{"floor":7.0,"key":"Blood Vial"},{"floor":11.0,"key":"Prayer Wheel"},{"floor":14,"key":"Bottled Tornado"},{"floor":24,"key":"Old Coin"}],"event_choices":[{"damage_healed":0.0,"max_hp_gain":0.0,"max_hp_loss":0.0,"gold_gain":0.0,"event_name":"Big Fish","player_choice":"Box","floor":9.0,"gold_loss":0.0,"damage_taken":0.0,"relics_obtained":["champ:SpectersHand"],"cards_obtained":["Regret"]}],"is_beta":false,"boss_relics":[{"not_picked":["Runic Dome","Fusion Hammer"],"picked":"Coffee Dripper"}],"items_purged_floors":[20],"is_endless":false,"potions_floor_spawned":[2,8,11,15,16,25],"ascension_level":2}}