{"host":"8d3fefv2347kqkpz","time":1611955885,"event":{"mods":["AchievementEnabler","Act Like it!","Aspiration","BaseMod","Better Vampires","Colored Map","Colored Powertips","Conspire","GifTheSpireLib","Highlight Path","Hubris","Mimic Mod","Minty Spire (QoL Compilation)","Quick Restart","Rare Cards Sparkle","Relic Stats","Replay The Spire","Spicy Shops","StSLib","The Jungle","Waifu the Spire"],"gold_per_floor":[113,13,13,13,13,51,93,93,120,120,134,194,194,41,41,204,204,237,11,50,106,168,168,168,221,303,368,368,413,41,55,55,197,197,226,277,277,321,366,366,41,66,66,66,84,84,84,97,97,97,97],"floor_reached":50,"language":"ZHS","playtime":1792,"items_purged":["Strike_R","Strike_R","conspire:SpireCoStock","Strike_R","conspire:SpireCoStock+1"],"score":565,"play_id":"2083e2f9-5bde-4bc0-a731-ffd402efd641","local_time":"20210130053125","is_ascension_mode":false,"campfire_choices":[{"data":"Searing Blow","floor":8.0,"key":"SMITH"},{"data":"Searing Blow+1","floor":10.0,"key":"SMITH"},{"floor":13.0,"key":"REST"},{"data":"Searing Blow+3","floor":15.0,"key":"SMITH"},{"data":"Searing Blow+4","floor":23.0,"key":"SMITH"},{"data":"Searing Blow+5","floor":28.0,"key":"SMITH"},{"floor":32.0,"key":"REST"},{"data":"Searing Blow+7","floor":40.0,"key":"SMITH"},{"data":"Searing Blow+8","floor":44.0,"key":"SMITH"},{"data":"Searing Blow+9","floor":46.0,"key":"SMITH"},{"floor":49.0,"key":"REST"}],"circlet_count":0,"master_deck":["Strike_R+1","Strike_R","Defend_R","Defend_R","Defend_R","Defend_R","Bash","Cleave","Rage+1","Searing Blow+10","hubris:ReadiedAction","Demonic Infusion","Dropkick+1","Offering","Warcry+1","Purity+1","Madness","Madness"],"relics":["Black Blood","NeowsBlessing","Golden Idol","ReplayTheSpireMod:Shallot","conspire:TopHat","Gremlin Horn","Guide Book","PrismaticShard","Red Mask","aspiration:FetidBarrel","Mercury Hourglass","Replay:Baseball","conspire:SpecialSausage","Bottled Flame"],"acts_visited":["Exordium","TheCity","TheBeyond"],"potions_floor_usage":[],"damage_taken":[{"damage":0.0,"enemies":"2 Louse","floor":1.0,"turns":1.0},{"damage":0.0,"enemies":"3 Sentries","floor":6.0,"turns":1.0},{"damage":0.0,"enemies":"Jaw Worm","floor":7.0,"turns":1.0},{"damage":0.0,"enemies":"Small Slimes","floor":11.0,"turns":2.0},{"damage":41.0,"enemies":"Lagavulin","floor":12.0,"turns":7.0},{"damage":34.0,"enemies":"Hexaghost","floor":16.0,"turns":9.0},{"damage":21.0,"enemies":"Spheric Guardian","floor":18.0,"turns":6.0},{"damage":3.0,"enemies":"conspire:FuzzyDice","floor":20.0,"turns":7.0},{"damage":31.0,"enemies":"3 Cultists","floor":21.0,"turns":5.0},{"damage":28.0,"enemies":"Masked Bandits","floor":22.0,"turns":5.0},{"damage":27.0,"enemies":"Book of Stabbing","floor":25.0,"turns":5.0},{"damage":13.0,"enemies":"Centurion and Healer","floor":26.0,"turns":5.0},{"damage":19.0,"enemies":"Gremlin Leader","floor":27.0,"turns":4.0},{"damage":20.0,"enemies":"Centurion and Healer","floor":29.0,"turns":6.0},{"damage":1.0,"enemies":"Cultist and Chosen","floor":31.0,"turns":5.0},{"damage":18.0,"enemies":"conspire:MysteriousRune","floor":33.0,"turns":7.0},{"damage":11.0,"enemies":"3 Darklings","floor":35.0,"turns":2.0},{"damage":11.0,"enemies":"3 Shapes","floor":36.0,"turns":4.0},{"damage":20.0,"enemies":"Spire Growth","floor":38.0,"turns":5.0},{"damage":6.0,"enemies":"Jaw Worm Horde","floor":39.0,"turns":4.0},{"damage":12.0,"enemies":"Maw","floor":42.0,"turns":6.0},{"damage":2.0,"enemies":"Writhing Mass","floor":45.0,"turns":3.0},{"damage":25.0,"enemies":"Spire Growth","floor":48.0,"turns":3.0},{"damage":107,"enemies":"conspire:OrnateMirror","floor":50,"turns":6}],"seed_played":"-2527676275086284831","potions_obtained":[{"floor":1.0,"key":"FearPotion"},{"floor":7.0,"key":"Elixir"},{"floor":12.0,"key":"BlessingOfTheForge"},{"floor":18.0,"key":"Fire Potion"},{"floor":25.0,"key":"GamblersBrew"},{"floor":29.0,"key":"SteroidPotion"},{"floor":35.0,"key":"Energy Potion"},{"floor":39.0,"key":"SkillPotion"}],"is_trial":false,"path_per_floor":["M","?","?","?","$","E","M","R","T","R","M","E","R","$","R","B",null,"M","$","M","M","?","R","?","E","MIM","E","R","M","$","M","R","B",null,"M","M","?","M","M","R","$","M","T","R","M","R","?","M","R","B"],"character_chosen":"IRONCLAD","items_purchased":["Guide Book","PrismaticShard","DuplicationPotion","EssenceOfSteel"],"campfire_rested":3,"item_purchase_floors":[14,19,30,30],"current_hp_per_floor":[80,80,60,44,44,50,56,56,56,56,62,27,51,51,51,23,80,71,71,80,61,45,45,45,30,29,22,22,14,14,25,49,43,80,80,80,80,72,78,78,78,78,78,78,80,80,70,57,80,0,0],"gold":97,"neow_bonus":"THREE_ENEMY_KILL","is_daily":false,"chose_seed":false,"campfire_upgraded":8,"win_rate":0.0,"timestamp":1611955885,"path_taken":["M","?","?","?","?","E","M","R","T","R","M","E","R","$","R","BOSS","M","$","M","M","?","R","?","E","MIM","E","R","M","?","M","R","BOSS","M","M","?","M","M","R","$","M","T","R","M","R","?","M","R","BOSS"],"items_purchased_type":["Relic","Relic","Potion","Potion"],"build_version":"2020-12-22","purchased_purges":5,"victory":false,"max_hp_per_floor":[80,80,80,80,80,80,80,80,80,80,80,80,80,80,80,80,80,80,80,80,80,80,80,80,80,80,80,80,80,80,80,80,80,80,80,80,80,80,80,80,80,80,80,80,80,80,80,80,80,80,80],"relic_stats":{"Gremlin Horn":[16,16],"counters":[24,108],"Golden Idol":153,"Black Blood":224,"obtain_stats":[{"NeowsBlessing":0,"Gremlin Horn":12,"Golden Idol":3,"aspiration:FetidBarrel":25,"Guide Book":14,"Black Blood":17,"conspire:SpecialSausage":34,"PrismaticShard":19,"Burning Blood":0,"conspire:TopHat":9,"Mercury Hourglass":26,"Replay:Baseball":27,"Bottled Flame":43,"ReplayTheSpireMod:Shallot":6,"Red Mask":22},{"NeowsBlessing":0,"Gremlin Horn":5,"Golden Idol":1,"aspiration:FetidBarrel":11,"Guide Book":5,"Black Blood":6,"conspire:SpecialSausage":16,"PrismaticShard":7,"Burning Blood":0,"conspire:TopHat":3,"Mercury Hourglass":12,"Replay:Baseball":13,"Bottled Flame":21,"ReplayTheSpireMod:Shallot":2,"Red Mask":10},{"NeowsBlessing":0,"Gremlin Horn":12,"Golden Idol":1,"aspiration:FetidBarrel":49,"Guide Book":12,"Black Blood":21,"conspire:SpecialSausage":76,"PrismaticShard":27,"Burning Blood":0,"conspire:TopHat":3,"Mercury Hourglass":54,"Replay:Baseball":58,"Bottled Flame":96,"ReplayTheSpireMod:Shallot":2,"Red Mask":44}],"Mercury Hourglass":[186]},"card_choices":[{"not_picked":["Rage","Armaments"],"picked":"Cleave","floor":1.0},{"not_picked":["ReplayTheSpireMod:Strike From Hell","Thunderclap"],"picked":"Rage","floor":6.0},{"not_picked":["ReplayTheSpireMod:Strike From Hell","Battle Trance"],"picked":"Searing Blow","floor":7.0},{"not_picked":["hubris:ReadiedAction","Abandon","Dropkick"],"picked":"SKIP","floor":11.0},{"not_picked":["hubris:ReadiedAction","Warcry","Whirlwind"],"picked":"SKIP","floor":12.0},{"not_picked":["Warcry","Whirlwind"],"picked":"hubris:ReadiedAction","floor":12.0},{"not_picked":["Reaper","Fiend Fire"],"picked":"Demonic Infusion","floor":16.0},{"not_picked":["Burning Pact","Massacre","Wild Strike"],"picked":"SKIP","floor":18.0},{"not_picked":["Dodge and Roll","Cloak And Dagger","Evaluate"],"picked":"SKIP","floor":20.0},{"not_picked":["Replay:AtTheReady","Dagger Spray"],"picked":"Dropkick+1","floor":21.0},{"not_picked":["Cloak And Dagger+1","FlyingSleeves+1","Infernal Blade"],"picked":"SKIP","floor":25.0},{"not_picked":["Ball Lightning","hubris:ReadiedAction","Chill"],"picked":"SKIP","floor":27.0},{"not_picked":["Flex","JustLucky","Replay:BluntJabs"],"picked":"SKIP","floor":29.0},{"not_picked":["Halt","ReplayTheSpireMod:GoodbyeWorld+1","Bloodletting"],"picked":"SKIP","floor":31.0},{"not_picked":["ReplayTheSpireMod:From All Sides","Midas Touch"],"picked":"Offering","floor":33.0},{"not_picked":["True Grit+1","Noxious Fumes","Ball Lightning+1"],"picked":"SKIP","floor":35.0},{"not_picked":["conspire:DoublingDagger+1","Anger+1","Defy Death+1"],"picked":"SKIP","floor":36.0},{"not_picked":["Gash+1","Body Slam+1"],"picked":"Warcry+1","floor":38.0},{"not_picked":["Prepared+1","Doom and Gloom","BootSequence+1"],"picked":"SKIP","floor":39.0},{"not_picked":["JustLucky+1","ReplayTheSpireMod:Tripwire+1","Deadly Poison+1"],"picked":"SKIP","floor":42.0},{"not_picked":["PathToVictory","Distraction+1"],"picked":"Purity+1","floor":45.0},{"not_picked":["Deadly Poison+1","Stack","Blind+1"],"picked":"SKIP","floor":48.0}],"player_experience":229120,"relics_obtained":[{"floor":6.0,"key":"ReplayTheSpireMod:Shallot"},{"floor":9.0,"key":"conspire:TopHat"},{"floor":12.0,"key":"Gremlin Horn"},{"floor":22.0,"key":"Red Mask"},{"floor":25.0,"key":"aspiration:FetidBarrel"},{"floor":26.0,"key":"Mercury Hourglass"},{"floor":27.0,"key":"Replay:Baseball"},{"floor":43.0,"key":"Bottled Flame"}],"event_choices":[{"damage_healed":0.0,"max_hp_gain":0.0,"max_hp_loss":0.0,"gold_gain":0.0,"event_name":"conspire:Investor","player_choice":"Invest 2","floor":2.0,"gold_loss":0.0,"damage_taken":0.0},{"damage_healed":0.0,"max_hp_gain":0.0,"max_hp_loss":0.0,"gold_gain":0.0,"event_name":"Golden Idol","player_choice":"Take Damage","floor":3.0,"gold_loss":0.0,"damage_taken":20.0,"relics_obtained":["Golden Idol"]},{"damage_healed":0.0,"max_hp_gain":0.0,"max_hp_loss":0.0,"gold_gain":0.0,"event_name":"Shining Light","player_choice":"Entered Light","floor":4.0,"gold_loss":0.0,"damage_taken":16.0,"cards_upgraded":["Strike_R","conspire:SpireCoStock"]},{"damage_healed":0.0,"max_hp_gain":0.0,"max_hp_loss":0.0,"gold_gain":0.0,"event_name":"Masked Bandits","player_choice":"Fought Bandits","floor":22.0,"gold_loss":0.0,"damage_taken":0.0},{"damage_healed":0.0,"max_hp_gain":0.0,"max_hp_loss":0.0,"gold_gain":0.0,"event_name":"Winding Halls","player_choice":"Embrace Madness","floor":47.0,"gold_loss":0.0,"damage_taken":10.0,"cards_obtained":["Madness","Madness"]}],"is_beta":false,"boss_relics":[{"not_picked":["Mark of Pain","Electric Blood"],"picked":"Black Blood"},{"not_picked":["Calling Bell","aspiration:WatcherSkillbook"],"picked":"conspire:SpecialSausage"}],"items_purged_floors":[19,30,30,41,41],"is_endless":false,"potions_floor_spawned":[1,7,12,18,25,29,31,35,39,45],"killed_by":"conspire:OrnateMirror","ascension_level":0}}