{"host":"AZZAM","time":1611881930,"event":{"mods":["BaseMod","Colored Map","Highlight Path","Minty Spire (QoL Compilation)","Relic Stats","Unceasing Turn Reminder"],"gold_per_floor":[18,35,51,151,168,168,168],"floor_reached":6,"language":"ENG","playtime":159,"items_purged":[],"score":44,"play_id":"340a2e06-edbc-4f8a-9d9a-72316d0638ce","local_time":"20210129035850","is_ascension_mode":true,"campfire_choices":[],"circlet_count":0,"master_deck":["Strike_G","Strike_G","Strike_G","Strike_G","Strike_G","Defend_G","Defend_G","Defend_G","Defend_G","Defend_G","Survivor","Neutralize","The Bomb","Skewer","Blade Dance","Noxious Fumes","Slice"],"relics":["Ring of the Snake"],"acts_visited":["Exordium"],"potions_floor_usage":[6,6],"damage_taken":[{"damage":1,"enemies":"Small Slimes","floor":1,"turns":4},{"damage":1,"enemies":"Cultist","floor":2,"turns":4},{"damage":6,"enemies":"2 Louse","floor":3,"turns":3},{"damage":15,"enemies":"Exordium Wildlife","floor":5,"turns":3},{"damage":48,"enemies":"Gremlin Nob","floor":6,"turns":4}],"seed_played":"-418064940098880955","potions_obtained":[{"floor":3,"key":"Swift Potion"},{"floor":5,"key":"BlessingOfTheForge"}],"is_trial":false,"path_per_floor":["M","M","M","?","M","E"],"character_chosen":"THE_SILENT","items_purchased":[],"campfire_rested":0,"item_purchase_floors":[],"current_hp_per_floor":[69,68,62,62,47,0,0],"gold":168,"neow_bonus":"RANDOM_COLORLESS_2","is_daily":false,"chose_seed":false,"campfire_upgraded":0,"win_rate":0.0,"timestamp":1611881930,"path_taken":["M","M","M","?","M","E"],"items_purchased_type":[],"build_version":"2020-12-18","purchased_purges":0,"victory":false,"max_hp_per_floor":[70,70,70,70,70,70,70],"relic_stats":{"counters":[5,18],"obtain_stats":[{"Ring of the Snake":0},{"Ring of the Snake":0},{"Ring of the Snake":0}],"Ring of the Snake":[10]},"card_choices":[{"not_picked":["Sadistic Nature","Panache"],"picked":"The Bomb","floor":0},{"not_picked":["Outmaneuver","Calculated Gamble"],"picked":"Skewer","floor":1},{"not_picked":["Backflip","Calculated Gamble"],"picked":"Blade Dance","floor":2},{"not_picked":["Poisoned Stab","Well Laid Plans"],"picked":"Noxious Fumes","floor":3},{"not_picked":["Blade Dance","Cloak And Dagger"],"picked":"Slice","floor":5}],"player_experience":63624,"relics_obtained":[],"event_choices":[{"damage_healed":0,"gold_gain":100,"player_choice":"Pray","damage_taken":0,"max_hp_gain":0,"max_hp_loss":0,"event_name":"Golden Shrine","floor":4,"gold_loss":0}],"is_beta":true,"boss_relics":[],"items_purged_floors":[],"is_endless":false,"potions_floor_spawned":[3,5],"killed_by":"Gremlin Nob","ascension_level":3}}