{"host":"q0ahhcf6jhp3yzzb","time":1611955873,"event":{"mods":["BaseMod","Downfall","Minty Spire (QoL Compilation)","Relic Stats","StSLib"],"gold_per_floor":[99,99,99,99,112,112,163,163,163,191,207,207,233,64,74,179,179,79,98,115,132,17,17,17,17,34,46,58,58,68,68,88,193,193,193,205,225,236,20,38,119,19,39,39,39,39,56,71,90,90],"floor_reached":51,"language":"ENG","playtime":3116,"items_purged":["Slimebound:Strike_Slimebound","Slimebound:Strike_Slimebound+1"],"score":712,"play_id":"9fc3fbf7-6c18-40af-b11c-2fd77adcfd84","local_time":"20210129143113","is_ascension_mode":false,"campfire_choices":[{"data":"Slimebound:Tackle","floor":1.0,"key":"SMITH"},{"data":"Slimebound:SplitAcid","floor":6.0,"key":"SMITH"},{"data":"Slimebound:GoopSpray","floor":8.0,"key":"SMITH"},{"data":"Slimebound:Equalize","floor":18.0,"key":"SMITH"},{"data":"Slimebound:LeadByExample","floor":23,"key":"SMITH"},{"data":"Slimebound:RainOfGoop","floor":25,"key":"SMITH"},{"data":"Slimebound:ComboTackle","floor":29,"key":"SMITH"},{"data":"Slimebound:SlimeSlap","floor":35,"key":"SMITH"},{"data":"Slimebound:AcidTongue","floor":42,"key":"SMITH"}],"circlet_count":0,"master_deck":["Slimebound:Strike_Slimebound+1","Slimebound:Tackle+1","Slimebound:Defend_Slimebound","Slimebound:Defend_Slimebound+1","Slimebound:Defend_Slimebound","Slimebound:Defend_Slimebound","Slimebound:Split+1","Slimebound:CorrosiveSpit","Slimebound:LeechEnergy+1","Slimebound:ItLooksTasty","Slimebound:SplitAcid+1","Slimebound:GoopSpray+1","Slimebound:AcidTongue+1","Slimebound:Equalize+1","Slimebound:LeadByExample+1","Slimebound:PressTheAttack","Slimebound:ServeAndProtect","Slimebound:RainOfGoop+1","Slimebound:MassFeed","Slimebound:SplitMire","Slimebound:ForwardTackle+1","Slimebound:Overexert","Slimebound:ComboTackle+1","Slimebound:MegaLick+1","Slimebound:SpikyOuterGoop","Slimebound:SlimeSpikes","Slimebound:SlimeSpikes+1","Slimebound:OozeBath","Slimebound:Schlurp","Slimebound:DisruptingSlam+1","expansioncontent:YouAreMine","expansioncontent:Chronoboost","Slimebound:Prepare","Slimebound:Repurpose+1"],"relics":["Slimebound:AbsorbEndCombat","downfall:HeartsMalice","Whetstone","Spirit Poop","Gremlin Horn","Velvet Choker","downfall:HeartBlessingGreen","Bottled Tornado","SacredBark","InkBottle","downfall:HeartBlessingBlue"],"acts_visited":["Exordium","TheCity","TheBeyond"],"potions_floor_usage":[22,33,36,36,38,40,50,50],"damage_taken":[{"damage":0.0,"enemies":"2 Louse","floor":2.0,"turns":1.0},{"damage":0.0,"enemies":"Small Slimes","floor":3.0,"turns":1.0},{"damage":0.0,"enemies":"Cultist","floor":4.0,"turns":1.0},{"damage":6.0,"enemies":"2 Fungi Beasts","floor":5.0,"turns":4.0},{"damage":17.0,"enemies":"Gremlin Nob","floor":10.0,"turns":4.0},{"damage":4.0,"enemies":"Exordium Thugs","floor":11.0,"turns":3.0},{"damage":20.0,"enemies":"3 Sentries","floor":13.0,"turns":6.0},{"damage":0.0,"enemies":"downfall:FleeingMerchant","floor":14.0,"turns":4.0},{"damage":5.0,"enemies":"Red Slaver","floor":15.0,"turns":4.0},{"damage":48.0,"enemies":"WA_ARCHETYPE_RETAIN","floor":16.0,"turns":11.0},{"damage":17,"enemies":"Spheric Guardian","floor":19,"turns":4},{"damage":3,"enemies":"Shell Parasite","floor":20,"turns":6},{"damage":3,"enemies":"3 Cultists","floor":21,"turns":5},{"damage":3,"enemies":"downfall:FleeingMerchant","floor":22,"turns":4},{"damage":4,"enemies":"Cultist and Chosen","floor":26,"turns":4},{"damage":4,"enemies":"Shelled Parasite and Fungi","floor":27,"turns":4},{"damage":12,"enemies":"Snecko","floor":28,"turns":6},{"damage":15,"enemies":"Centurion and Healer","floor":30,"turns":4},{"damage":11,"enemies":"Shelled Parasite and Fungi","floor":32,"turns":5},{"damage":32,"enemies":"IC_MUSHROOM_ARCHETYPE","floor":33,"turns":6},{"damage":20,"enemies":"3 Darklings","floor":36,"turns":4},{"damage":19,"enemies":"3 Shapes","floor":37,"turns":8},{"damage":8,"enemies":"Sphere and 2 Shapes","floor":38,"turns":3},{"damage":1,"enemies":"downfall:FleeingMerchant","floor":39,"turns":4},{"damage":15,"enemies":"Jaw Worm Horde","floor":40,"turns":4},{"damage":16,"enemies":"3 Darklings","floor":43,"turns":3},{"damage":11,"enemies":"Maw","floor":47,"turns":8},{"damage":48,"enemies":"Spire Growth","floor":48,"turns":5},{"damage":2,"enemies":"Transient","floor":49,"turns":5},{"damage":21,"enemies":"SI_POISON_ARCHETYPE","floor":50,"turns":11}],"seed_played":"-2427760032983469813","potions_obtained":[{"floor":10.0,"key":"Explosive Potion"},{"floor":15.0,"key":"Slimebound:SlimyTonguePotion"},{"floor":20,"key":"Swift Potion"},{"floor":27,"key":"BlessingOfTheForge"},{"floor":28,"key":"PowerPotion"},{"floor":38,"key":"Guardian:BlockOnCardUsePotion"},{"floor":43,"key":"Weak Potion"},{"floor":46,"key":"FairyPotion"},{"floor":46,"key":"SpeedPotion"}],"is_trial":false,"path_per_floor":["R","M","M","M","M","R","T","R","?","E","M","?","E","$","M","B",null,"R","M","M","M","$","R","T","R","M","M","M","R","M","?","M","B",null,"R","M","M","M","$","M","T","R","M","?","?","?","M","M","M","B",null],"character_chosen":"SLIMEBOUND","items_purchased":["Slimebound:ServeAndProtect","EntropicBrew","Slimebound:Schlurp","Block Potion"],"campfire_rested":0,"item_purchase_floors":[14,22,39,39],"current_hp_per_floor":[65,65,65,65,59,59,59,59,59,46,48,48,30,44,51,19,65,65,48,68,74,74,74,74,74,77,77,79,79,75,75,85,73,86,86,87,80,78,83,90,90,100,98,98,88,88,97,53,71,70],"gold":90,"neow_bonus":"THREE_ENEMY_KILL","is_daily":false,"chose_seed":false,"campfire_upgraded":9,"win_rate":0.0,"timestamp":1611955873,"path_taken":["R","M","M","M","M","R","T","R","?","E","M","?","E","$","M","BOSS","R","M","?","M","$","R","T","R","M","M","M","R","M","?","M","BOSS","R","M","M","M","$","M","T","R","M","?","?","?","M","?","M","BOSS"],"items_purchased_type":["Card","Potion","Card","Potion"],"build_version":"2020-12-22","purchased_purges":2,"victory":true,"max_hp_per_floor":[65,65,65,65,65,65,65,65,65,65,65,65,65,65,65,65,65,65,65,68,74,74,74,74,74,77,77,80,80,83,83,86,86,86,86,89,95,95,95,101,101,111,111,111,111,111,111,111,111,111],"relic_stats":{"Gremlin Horn":[15,15],"counters":[30,136],"Whetstone":["Slimebound:LeechEnergy","Slimebound:Strike_Slimebound"],"obtain_stats":[{"Gremlin Horn":13,"downfall:HeartBlessingBlue":42,"SacredBark":34,"Spirit Poop":12,"Velvet Choker":17,"downfall:HeartsMalice":0,"downfall:HeartBlessingGreen":18,"Slimebound:AbsorbEndCombat":0,"Whetstone":10,"Bottled Tornado":24,"InkBottle":41},{"Gremlin Horn":7,"downfall:HeartBlessingBlue":25,"SacredBark":20,"Spirit Poop":6,"Velvet Choker":10,"downfall:HeartsMalice":0,"downfall:HeartBlessingGreen":10,"Slimebound:AbsorbEndCombat":0,"Whetstone":5,"Bottled Tornado":14,"InkBottle":25},{"Gremlin Horn":16,"downfall:HeartBlessingBlue":105,"SacredBark":82,"Spirit Poop":10,"Velvet Choker":35,"downfall:HeartsMalice":0,"downfall:HeartBlessingGreen":35,"Slimebound:AbsorbEndCombat":0,"Whetstone":7,"Bottled Tornado":53,"InkBottle":105}],"InkBottle":[11]},"card_choices":[{"not_picked":["Slimebound:ItLooksTasty","Slimebound:DisruptingSlam"],"picked":"Slimebound:LeechEnergy","floor":2.0},{"not_picked":["Slimebound:ComboTackle","Slimebound:GoopTackle"],"picked":"Slimebound:ItLooksTasty","floor":3.0},{"not_picked":["Slimebound:Dissolve","Slimebound:SplitBruiser"],"picked":"Slimebound:SplitAcid","floor":4.0},{"not_picked":["Slimebound:SamplingLick","Slimebound:SlimeSpikes"],"picked":"Slimebound:GoopSpray","floor":5.0},{"not_picked":["Slimebound:Nibble","Slimebound:SplitBruiser"],"picked":"Slimebound:AcidTongue","floor":10.0},{"not_picked":["Slimebound:SplitBruiser","Slimebound:ComboTackle"],"picked":"Slimebound:Equalize","floor":11.0},{"not_picked":["Slimebound:FirmFortitude","Slimebound:GoopSpray"],"picked":"Slimebound:LeadByExample","floor":13.0},{"not_picked":["Slimebound:SlimeBrawl","Slimebound:GoopTackle"],"picked":"Slimebound:PressTheAttack","floor":14.0},{"not_picked":["Slimebound:RollThrough","Slimebound:SlimeSpikes"],"picked":"Slimebound:RainOfGoop","floor":15.0},{"not_picked":["Slimebound:OozeBath","Slimebound:RallyTheTroops"],"picked":"Slimebound:MassFeed","floor":16.0},{"not_picked":["Slimebound:SamplingLick","Slimebound:SlimeSpikes+1"],"picked":"Slimebound:SplitMire","floor":19},{"not_picked":["Slimebound:SamplingLick","Slimebound:FormOfPuddle+1"],"picked":"Slimebound:ForwardTackle+1","floor":20},{"not_picked":["Slimebound:ItLooksTasty","Slimebound:PressTheAttack","Slimebound:DouseInSlime"],"picked":"SKIP","floor":21},{"not_picked":["Slimebound:SamplingLick","Slimebound:HauntingLick"],"picked":"Slimebound:Overexert","floor":22},{"not_picked":["Slimebound:GoopSpray","Slimebound:SamplingLick"],"picked":"Slimebound:ComboTackle","floor":26},{"not_picked":["Slimebound:ComboTackle","Slimebound:Replication","Slimebound:RollThrough"],"picked":"SKIP","floor":27},{"not_picked":["Slimebound:LeechingTouch","Slimebound:GrowthPunch+1"],"picked":"Slimebound:MegaLick+1","floor":28},{"not_picked":["Slimebound:LeechingTouch","Slimebound:ForwardTackle","Slimebound:FinishingTackle"],"picked":"SKIP","floor":30},{"not_picked":["Slimebound:ComboTackle","Slimebound:LeechEnergy+1"],"picked":"Slimebound:SpikyOuterGoop","floor":32},{"not_picked":["Slimebound:RallyTheTroops","Slimebound:MassFeed"],"picked":"Slimebound:SlimeSlap","floor":33},{"not_picked":["Slimebound:ViciousTackle+1","Slimebound:FinishingTackle"],"picked":"Slimebound:SlimeSpikes","floor":36},{"not_picked":["Slimebound:SlimeSpikes","Slimebound:GoopTackle+1","Slimebound:SlimeBrawl+1"],"picked":"SKIP","floor":37},{"not_picked":["Slimebound:ViciousTackle","Slimebound:Nibble+1"],"picked":"Slimebound:SlimeSpikes+1","floor":38},{"not_picked":["Slimebound:SamplingLick","Slimebound:SlimeSpikes+1"],"picked":"Slimebound:OozeBath","floor":39},{"not_picked":["Slimebound:Chomp","Slimebound:SlimeBarrage+1","Slimebound:FlameTackle"],"picked":"SKIP","floor":40},{"not_picked":["Slimebound:SamplingLick","Slimebound:RainOfGoop+1"],"picked":"Slimebound:DisruptingSlam+1","floor":43},{"not_picked":["expansioncontent:Chronoboost","expansioncontent:Hexaburn"],"picked":"expansioncontent:YouAreMine","floor":45},{"not_picked":["expansioncontent:Hexaburn","expansioncontent:PolyBeam"],"picked":"expansioncontent:Chronoboost","floor":45},{"not_picked":["Slimebound:SplitAcid","Slimebound:HauntingLick+1","Slimebound:DivideAndConquer+1"],"picked":"SKIP","floor":47},{"not_picked":["Slimebound:CheckThePlaybook","Slimebound:Schlurp+1"],"picked":"Slimebound:Prepare","floor":48},{"not_picked":["Slimebound:SplitAcid+1","Slimebound:FinishingTackle"],"picked":"Slimebound:Repurpose+1","floor":49}],"player_experience":855810,"relics_obtained":[{"floor":10.0,"key":"Whetstone"},{"floor":13.0,"key":"Gremlin Horn"},{"floor":24,"key":"Bottled Tornado"},{"floor":41,"key":"InkBottle"}],"event_choices":[{"cards_removed":["downfall:Malfunctioning"],"damage_healed":0.0,"max_hp_gain":0.0,"max_hp_loss":0.0,"gold_gain":0.0,"event_name":"Bonfire Elementals","player_choice":"Offered Curse","floor":12.0,"gold_loss":0.0,"damage_taken":0.0,"relics_obtained":["Spirit Poop"]},{"cards_removed":["Slimebound:SlimeSlap"],"damage_healed":0,"gold_gain":0,"player_choice":"Removed Attack","damage_taken":0,"max_hp_gain":0,"max_hp_loss":0,"event_name":"Falling","floor":44,"gold_loss":0},{"damage_healed":0,"gold_gain":0,"player_choice":"Got Potions","damage_taken":0,"max_hp_gain":0,"max_hp_loss":0,"event_name":"Lab","floor":46,"gold_loss":0}],"is_beta":false,"boss_relics":[{"not_picked":["Snecko Eye","Empty Cage"],"picked":"Velvet Choker"},{"not_picked":["Sozu","Pandora\u0027s Box"],"picked":"SacredBark"}],"items_purged_floors":[14,39],"is_endless":false,"potions_floor_spawned":[10,15,20,27,28,32,36,38,43,47],"ascension_level":0}}