{"host":"lktusdb9orijgc6z","time":1611929880,"event":{"mods":["BaseMod","Bestiary","Colored Map","Colored Powertips","Minty Spire (QoL Compilation)","Permanent Neow","Quick Restart","Relic Stats","StSLib","everything is the same but u backflip on backflip","slay the spire mod where everything is the same but ironclad has a cowboy hat"],"gold_per_floor":[20,20,20,20,36,36,49,82,82,93,93,127,127,152,152,227,227,238,254,254,274,287,320,330,330,330],"floor_reached":25,"language":"ENG","playtime":1207,"items_purged":[],"score":516,"play_id":"b8a6944c-082e-485a-844d-e5fd8416903c","local_time":"20210129151800","is_ascension_mode":true,"campfire_choices":[{"floor":6.0,"key":"REST"},{"data":"Sweeping Beam","floor":11.0,"key":"SMITH"},{"data":"Storm","floor":13.0,"key":"SMITH"},{"data":"Ball Lightning","floor":15.0,"key":"SMITH"}],"circlet_count":0,"master_deck":["AscendersBane","Strike_B+1","Defend_B+1","Defend_B","Defend_B","Zap","Dualcast","Hello World","Capacitor","Sweeping Beam+1","Self Repair","Cold Snap","Streamline","Storm+1","Ball Lightning+1","Biased Cognition","Seek+1","BootSequence+1","Tempest+1","Melter","Consume","Heatsinks","Amplify","Loop","Self Repair"],"relics":["Cracked Core","Thread and Needle","Pocketwatch","Mummified Hand","Regal Pillow","Odd Mushroom","Astrolabe","Nloth\u0027s Gift","WingedGreaves"],"acts_visited":["TheCity"],"potions_floor_usage":[24],"damage_taken":[{"damage":0.0,"enemies":"2 Louse","floor":1.0,"turns":3.0},{"damage":3.0,"enemies":"Small Slimes","floor":5.0,"turns":3.0},{"damage":8.0,"enemies":"Jaw Worm","floor":7.0,"turns":2.0},{"damage":6.0,"enemies":"Lagavulin","floor":8.0,"turns":6.0},{"damage":4.0,"enemies":"Exordium Thugs","floor":10.0,"turns":4.0},{"damage":11.0,"enemies":"3 Sentries","floor":12.0,"turns":5.0},{"damage":2.0,"enemies":"The Mushroom Lair","floor":14.0,"turns":3.0},{"damage":6.0,"enemies":"Slime Boss","floor":16.0,"turns":6.0},{"damage":11,"enemies":"2 Thieves","floor":18,"turns":3},{"damage":11,"enemies":"Shell Parasite","floor":19,"turns":3},{"damage":17,"enemies":"Centurion and Healer","floor":21,"turns":4},{"damage":22,"enemies":"Shelled Parasite and Fungi","floor":22,"turns":4},{"damage":0,"enemies":"Gremlin Leader","floor":23,"turns":4},{"damage":0,"enemies":"Sentry and Sphere","floor":24,"turns":3},{"damage":39,"enemies":"Slavers","floor":25,"turns":3}],"seed_played":"-2794439396448461787","potions_obtained":[{"floor":1.0,"key":"Strength Potion"},{"floor":5.0,"key":"EntropicBrew"},{"floor":12.0,"key":"Strength Potion"},{"floor":19,"key":"CultistPotion"},{"floor":21,"key":"GamblersBrew"},{"floor":24,"key":"GamblersBrew"}],"is_trial":false,"path_per_floor":["M","?","?","?","M","R","M","E","T","M","R","E","R","?","R","B",null,"M","M","?","M","M","E","M","E"],"character_chosen":"DEFECT","items_purchased":[],"campfire_rested":1,"item_purchase_floors":[],"current_hp_per_floor":[64,64,43,25,22,43,35,36,36,39,39,35,35,40,40,41,64,60,56,56,46,31,31,38,0,0],"gold":330,"neow_bonus":"ONE_RARE_RELIC","is_daily":false,"chose_seed":false,"campfire_upgraded":3,"win_rate":0.0,"timestamp":1611929880,"path_taken":["M","?","?","?","M","R","M","E","T","M","R","E","R","?","R","BOSS","M","M","?","M","M","E","M","E"],"items_purchased_type":[],"build_version":"2020-12-22","purchased_purges":0,"victory":false,"max_hp_per_floor":[71,71,71,71,71,71,71,71,71,71,71,71,71,71,71,71,71,71,71,71,71,71,71,71,71,71],"relic_stats":{"Regal Pillow":0,"counters":[15,56],"Mummified Hand":[45],"Astrolabe":["Seek","BootSequence","Tempest"],"Nloth\u0027s Gift":1,"obtain_stats":[{"Regal Pillow":12,"Mummified Hand":9,"Astrolabe":17,"Thread and Needle":0,"WingedGreaves":23,"Nloth\u0027s Gift":20,"Bottled Tornado":8,"Odd Mushroom":14,"Cracked Core":0,"Pocketwatch":4},{"Regal Pillow":6,"Mummified Hand":4,"Astrolabe":8,"Thread and Needle":0,"WingedGreaves":13,"Nloth\u0027s Gift":10,"Bottled Tornado":4,"Odd Mushroom":7,"Cracked Core":0,"Pocketwatch":1},{"Regal Pillow":23,"Mummified Hand":14,"Astrolabe":32,"Thread and Needle":0,"WingedGreaves":50,"Nloth\u0027s Gift":38,"Bottled Tornado":14,"Odd Mushroom":26,"Cracked Core":0,"Pocketwatch":3}],"Pocketwatch":[48]},"card_choices":[{"not_picked":["Double Energy","Gash"],"picked":"Hello World","floor":1.0},{"not_picked":["Conserve Battery","Rip and Tear"],"picked":"Sweeping Beam","floor":5.0},{"not_picked":["Steam","Beam Cell"],"picked":"Self Repair","floor":7.0},{"not_picked":["Tempest","Heatsinks"],"picked":"Cold Snap","floor":8.0},{"not_picked":["Aggregate","Hello World"],"picked":"Streamline","floor":10.0},{"not_picked":["Chill","Gash"],"picked":"Storm","floor":12.0},{"not_picked":["Coolheaded","Steam"],"picked":"Ball Lightning","floor":14.0},{"not_picked":["Meteor Strike","Electrodynamics"],"picked":"Biased Cognition","floor":16.0},{"not_picked":["Gash","BootSequence+1"],"picked":"Melter","floor":18},{"not_picked":["Barrage","Genetic Algorithm"],"picked":"Consume","floor":19},{"not_picked":["Melter","Leap"],"picked":"Heatsinks","floor":21},{"not_picked":["Barrage+1","Conserve Battery"],"picked":"Amplify","floor":22},{"not_picked":["Scrape","Fusion"],"picked":"Loop","floor":23},{"not_picked":["FTL","Recycle"],"picked":"Self Repair","floor":24}],"player_experience":713760,"relics_obtained":[{"floor":8.0,"key":"Bottled Tornado"},{"floor":9.0,"key":"Mummified Hand"},{"floor":12.0,"key":"Regal Pillow"},{"floor":14.0,"key":"Odd Mushroom"},{"floor":23,"key":"WingedGreaves"}],"event_choices":[{"damage_healed":0.0,"max_hp_gain":0.0,"max_hp_loss":0.0,"gold_gain":0.0,"cards_transformed":["Strike_B"],"event_name":"Living Wall","player_choice":"Change","floor":2.0,"gold_loss":0.0,"damage_taken":0.0,"cards_obtained":["Capacitor"]},{"damage_healed":0.0,"max_hp_gain":0.0,"max_hp_loss":0.0,"gold_gain":0.0,"event_name":"Shining Light","player_choice":"Entered Light","floor":3.0,"gold_loss":0.0,"damage_taken":21.0,"cards_upgraded":["Strike_B","Defend_B"]},{"damage_healed":0.0,"max_hp_gain":0.0,"max_hp_loss":0.0,"gold_gain":0.0,"event_name":"Scrap Ooze","player_choice":"Success","floor":4.0,"gold_loss":0.0,"damage_taken":18.0,"relics_obtained":["Pocketwatch"]},{"damage_healed":0.0,"max_hp_gain":0.0,"max_hp_loss":0.0,"gold_gain":0.0,"event_name":"Mushrooms","player_choice":"Fought Mushrooms","floor":14.0,"gold_loss":0.0,"damage_taken":0.0},{"damage_healed":0,"gold_gain":0,"player_choice":"Traded Relic","damage_taken":0,"relics_obtained":["Nloth\u0027s Gift"],"max_hp_gain":0,"max_hp_loss":0,"event_name":"N\u0027loth","floor":20,"relics_lost":["Bottled Tornado"],"gold_loss":0}],"is_beta":false,"boss_relics":[{"not_picked":["Inserter","Busted Crown"],"picked":"Astrolabe"}],"items_purged_floors":[],"is_endless":false,"potions_floor_spawned":[1,5,8,12,19,21,24],"killed_by":"Slavers","ascension_level":20}}