{"host":"hbel9g7s7ibv8po6","time":1611920683,"event":{"mods":["Act Like it!","BaseMod","Duelist Mod","Minty Spire (QoL Compilation)","StSLib"],"gold_per_floor":[145,145,145,155,155,189,189,216,290,240,274,274,21,52,52,151,151,163,163,174,48,48,48,76,76,76],"floor_reached":25,"language":"ENG","playtime":1384,"items_purged":["theDuelist:Sparks","theDuelist:Deskbot005"],"score":477,"play_id":"e793e897-9064-4d26-b0c0-c48035610060","local_time":"20210129194443","is_ascension_mode":true,"campfire_choices":[{"data":"theDuelist:Nameless:War:AllyJustice","floor":7.0,"key":"SMITH"},{"data":"theDuelist:Apoqliphort","floor":15.0,"key":"SMITH"},{"data":"theDuelist:ScrapIronScarecrow","floor":23,"key":"SMITH"}],"circlet_count":0,"master_deck":["AscendersBane","theDuelist:Biofalcon","theDuelist:CastleWalls","theDuelist:CastleWalls","theDuelist:Deskbot004","theDuelist:Deskbot004","theDuelist:Deskbot005","theDuelist:GreenGadget","theDuelist:JunkSpeeder","theDuelist:Nameless:War:AllyJustice+1","theDuelist:ZONE","theDuelist:Apoqliphort+1","theDuelist:Shekhinaga","Master of Strategy","theDuelist:Deskbot001","theDuelist:PlatinumGadget","theDuelist:Geartown","theDuelist:ScrapIronScarecrow+1"],"relics":["theDuelist:MillenniumPuzzle","theDuelist:CardPoolRelic","theDuelist:CardPoolBasicRelic","theDuelist:BoosterPackPoolRelic","theDuelist:CardPoolAddRelic","theDuelist:CardPoolMinusRelic","theDuelist:CardPoolSaveRelic","theDuelist:CardPoolOptionsRelic","NeowsBlessing","theDuelist:SummonAnchor","theDuelist:NamelessPowerRelicB","theDuelist:DuelistLetterOpener","theDuelist:BoosterPackHealer","theDuelist:MetronomeRelicB","Letter Opener","theDuelist:ZoneToken","Torii","Runic Pyramid","MutagenicStrength","theDuelist:NamelessWarRelicA","Cables"],"acts_visited":["Exordium","TheCity"],"potions_floor_usage":[18,24],"damage_taken":[{"damage":0.0,"enemies":"Jaw Worm","floor":1.0,"turns":1.0},{"damage":0.0,"enemies":"2 Louse","floor":4.0,"turns":1.0},{"damage":0.0,"enemies":"Gremlin Nob","floor":6.0,"turns":1.0},{"damage":23.0,"enemies":"Lagavulin","floor":8.0,"turns":5.0},{"damage":10.0,"enemies":"Gremlin Nob","floor":11.0,"turns":3.0},{"damage":8.0,"enemies":"Lagavulin","floor":14.0,"turns":3.0},{"damage":0.0,"enemies":"Slime Boss","floor":16.0,"turns":5.0},{"damage":3,"enemies":"3 Byrds","floor":18,"turns":4},{"damage":15,"enemies":"Shell Parasite","floor":20,"turns":3},{"damage":44,"enemies":"Slavers","floor":24,"turns":5},{"damage":16,"enemies":"Snake Plant","floor":25,"turns":1}],"seed_played":"8869907209158329281","potions_obtained":[{"floor":4.0,"key":"CultistPotion"},{"floor":11.0,"key":"theDuelist:CoolBottle"},{"floor":14.0,"key":"AttackPotion"}],"is_trial":false,"path_per_floor":["M","?","?","M","?","E","R","E","T","?","E","?","$","E","R","B",null,"M","?","M","$","?","R","E","M"],"character_chosen":"THE_DUELIST","items_purchased":["Master of Strategy","theDuelist:ScrapIronScarecrow"],"campfire_rested":0,"item_purchase_floors":[13,21],"current_hp_per_floor":[72,66,78,78,71,71,71,52,52,52,42,42,42,38,38,38,76,77,77,66,66,54,54,10,0,0],"gold":76,"neow_bonus":"THREE_ENEMY_KILL","is_daily":false,"chose_seed":false,"campfire_upgraded":3,"win_rate":0.0,"timestamp":1611920683,"path_taken":["M","?","?","?","?","E","R","E","T","?","E","?","?","E","R","BOSS","M","?","M","$","?","R","E","M"],"items_purchased_type":["Card","Card"],"build_version":"2020-12-22","purchased_purges":2,"victory":false,"max_hp_per_floor":[80,80,88,88,88,88,88,88,88,88,88,88,88,88,88,88,88,88,88,88,88,89,89,89,89,89],"card_choices":[{"not_picked":["theDuelist:PowerGiant","theDuelist:WingedKuriboh","theDuelist:Hinotama","theDuelist:WormWarlord"],"picked":"theDuelist:JunkSpeeder","floor":1.0},{"not_picked":["theDuelist:CoreBlaster","theDuelist:DoubleTool","theDuelist:CardsFromTheSky","theDuelist:StimPack"],"picked":"theDuelist:ZONE","floor":4.0},{"not_picked":["theDuelist:PineappleBlast","theDuelist:NightmareWheel"],"picked":"theDuelist:Apoqliphort","floor":6.0},{"not_picked":["theDuelist:AncientGearReactorDragon","theDuelist:HeavyFreightTrainDerricane"],"picked":"theDuelist:Shekhinaga","floor":8.0},{"not_picked":["theDuelist:Geargiauger","theDuelist:CyberRaider","theDuelist:GreenGadget","theDuelist:CoreBlaster","theDuelist:CannonSoldier"],"picked":"SKIP","floor":11.0},{"not_picked":["theDuelist:TokenVacuum","theDuelist:CardsFromTheSky","theDuelist:Deskbot003","theDuelist:RainbowBridge"],"picked":"theDuelist:Deskbot001","floor":14.0},{"not_picked":["theDuelist:Deskbot009","theDuelist:JinzoLord","theDuelist:SevenCompleted","theDuelist:SteamTrainKing"],"picked":"theDuelist:PlatinumGadget","floor":16.0},{"not_picked":["theDuelist:BreakDraw","theDuelist:YellowGadget","theDuelist:CyberRaider","theDuelist:BarrelDragon","theDuelist:AncientGearFist"],"picked":"SKIP","floor":18},{"not_picked":["theDuelist:ArtifactSanctum","theDuelist:UnionHangar","theDuelist:WonderGarage","theDuelist:Jinzo"],"picked":"theDuelist:Geartown","floor":20},{"not_picked":["theDuelist:Deskbot001+1","theDuelist:FrontlineObserver","theDuelist:AncientGearBox","theDuelist:JunkKuriboh","theDuelist:HeavyMechSupportPlatform"],"picked":"SKIP","floor":24}],"player_experience":159947,"relics_obtained":[{"floor":6.0,"key":"theDuelist:BoosterPackHealer"},{"floor":8.0,"key":"theDuelist:MetronomeRelicB"},{"floor":9.0,"key":"Letter Opener"},{"floor":11.0,"key":"theDuelist:ZoneToken"},{"floor":14.0,"key":"Torii"},{"floor":24,"key":"Cables"}],"event_choices":[{"damage_healed":0.0,"max_hp_gain":0.0,"max_hp_loss":0.0,"gold_gain":0.0,"event_name":"Aknamkanon\u0027s Tomb","player_choice":"Dig - random Duelist relic","duelist":true,"floor":2.0,"gold_loss":0.0,"damage_taken":0.0},{"power_reward":3.0,"total_magic_score":17.0,"gold_gain":0.0,"duelist":true,"damage_taken":0.0,"relics_obtained":["theDuelist:NamelessPowerRelicB"],"points":11.0,"war_reward":4.0,"max_hp_gain":12.0,"max_hp_loss":4.0,"spent_points":{"magic":0.0,"greed":0.0,"war":4.0,"power":3.0,"hunger":4.0},"event_name":"Nameless Tomb","hunger_reward":4.0,"floor":3.0,"gold_loss":0.0,"cards_obtained":["theDuelist:Nameless:War:AllyJustice"]},{"damage_healed":0.0,"max_hp_gain":0.0,"max_hp_loss":0.0,"gold_gain":0.0,"event_name":"Scrap Ooze","player_choice":"Success","floor":5.0,"gold_loss":0.0,"damage_taken":7.0,"relics_obtained":["theDuelist:DuelistLetterOpener"]},{"cards_removed":["theDuelist:Sparks"],"damage_healed":0.0,"max_hp_gain":0.0,"max_hp_loss":0.0,"gold_gain":0.0,"event_name":"The Cleric","player_choice":"Card Removal","floor":10.0,"gold_loss":50.0,"damage_taken":0.0},{"damage_healed":0.0,"max_hp_gain":0.0,"max_hp_loss":0.0,"gold_gain":0.0,"event_name":"Egyptian Village","player_choice":"Delta Electro","duelist":true,"floor":12.0,"gold_loss":0.0,"damage_taken":0.0,"cards_obtained":["Delta Electromagnet Warrior"]},{"damage_healed":0,"gold_gain":0,"player_choice":"Inject Mutagens","damage_taken":0,"relics_obtained":["MutagenicStrength"],"max_hp_gain":0,"max_hp_loss":0,"event_name":"Drug Dealer","floor":19,"gold_loss":0},{"total_magic_score":45,"gold_gain":0,"duelist":true,"damage_taken":13,"relics_obtained":["theDuelist:NamelessWarRelicA"],"points":5,"war_reward":1,"max_hp_gain":1,"max_hp_loss":0,"spent_points":{"magic":0,"greed":0,"war":1,"power":0,"hunger":4},"event_name":"Nameless Tomb","hunger_reward":4,"floor":22,"gold_loss":0,"cards_obtained":[]}],"is_beta":false,"boss_relics":[{"not_picked":["Calling Bell","theDuelist:MillenniumKey"],"picked":"Runic Pyramid"}],"items_purged_floors":[13,21],"is_endless":false,"potions_floor_spawned":[4,11,14],"killed_by":"Snake Plant","ascension_level":10}}