{"host":"yyfz7fpozqrhk2m1","time":1611960739,"event":{"mods":["BaseMod","Minty Spire (QoL Compilation)"],"gold_per_floor":[114,134,147,159,159,159,487,503,503,503,531,546,6,24,24,124,124,137,153,153,153],"floor_reached":20,"language":"ENG","playtime":2711,"items_purged":["Strike_G"],"score":188,"play_id":"d597979a-898d-4cb2-ae6a-8666553246ec","local_time":"20210129175219","is_ascension_mode":false,"campfire_choices":[{"data":"Deadly Poison","floor":6.0,"key":"SMITH"},{"floor":10.0,"key":"REST"},{"floor":15.0,"key":"REST"}],"circlet_count":0,"master_deck":["Strike_G","Strike_G","Strike_G","Strike_G","Defend_G","Defend_G","Defend_G","Defend_G","Defend_G","Survivor","Neutralize","Deadly Poison+1","Dagger Throw+1","Well Laid Plans","Dagger Throw","Catalyst","Tools of the Trade","Bouncing Flask","PiercingWail","Backstab","Prepared","Venomology","Blade Dance+1"],"relics":["Ring of the Snake","Tingsha","Old Coin","Dream Catcher","Pen Nib","Mercury Hourglass","Vajra","Cursed Key"],"acts_visited":["Exordium","TheCity"],"potions_floor_usage":[18,19,20],"damage_taken":[{"damage":0.0,"enemies":"2 Louse","floor":1.0,"turns":3.0},{"damage":0.0,"enemies":"Cultist","floor":2.0,"turns":3.0},{"damage":0.0,"enemies":"Small Slimes","floor":3.0,"turns":3.0},{"damage":7.0,"enemies":"Looter","floor":4.0,"turns":3.0},{"damage":18.0,"enemies":"Gremlin Nob","floor":7.0,"turns":4.0},{"damage":6.0,"enemies":"Lots of Slimes","floor":8.0,"turns":4.0},{"damage":18.0,"enemies":"Lagavulin","floor":11.0,"turns":6.0},{"damage":0.0,"enemies":"2 Fungi Beasts","floor":12.0,"turns":3.0},{"damage":0.0,"enemies":"Large Slime","floor":14.0,"turns":4.0},{"damage":15.0,"enemies":"The Guardian","floor":16.0,"turns":7.0},{"damage":0,"enemies":"Shell Parasite","floor":18,"turns":4},{"damage":2,"enemies":"Spheric Guardian","floor":19,"turns":3},{"damage":82,"enemies":"Centurion and Healer","floor":20,"turns":6}],"seed_played":"4331463867627275373","potions_obtained":[{"floor":3.0,"key":"Regen Potion"},{"floor":4.0,"key":"SpeedPotion"},{"floor":8.0,"key":"Poison Potion"},{"floor":11.0,"key":"ColorlessPotion"},{"floor":14.0,"key":"Ancient Potion"}],"is_trial":false,"path_per_floor":["M","M","M","M","?","R","E","M","T","R","E","M","$","M","R","B",null,"M","M","M"],"character_chosen":"THE_SILENT","items_purchased":["Mercury Hourglass","Vajra","Backstab"],"campfire_rested":2,"item_purchase_floors":[13,13,13],"current_hp_per_floor":[49,49,49,42,42,42,36,30,30,51,33,33,33,33,54,39,70,70,68,0,0],"gold":153,"neow_bonus":"ONE_RARE_RELIC","is_daily":false,"chose_seed":false,"campfire_upgraded":1,"win_rate":0.0,"timestamp":1611960739,"path_taken":["M","M","M","M","?","R","E","M","T","R","E","M","$","M","R","BOSS","M","M","M"],"items_purchased_type":["Relic","Relic","Card"],"build_version":"2020-12-22","purchased_purges":1,"victory":false,"max_hp_per_floor":[70,70,70,70,70,70,70,70,70,70,70,70,70,70,70,70,70,70,70,70,70],"card_choices":[{"not_picked":["Escape Plan","Deflect"],"picked":"Deadly Poison","floor":1.0},{"not_picked":["Infinite Blades","Heel Hook"],"picked":"Dagger Throw","floor":2.0},{"not_picked":["Underhanded Strike","Prepared"],"picked":"Well Laid Plans","floor":3.0},{"not_picked":["Slice","Masterful Stab"],"picked":"Dagger Throw","floor":4.0},{"not_picked":["Dagger Throw","Backflip"],"picked":"Catalyst","floor":7.0},{"not_picked":["Cloak And Dagger","Deadly Poison"],"picked":"Tools of the Trade","floor":8.0},{"not_picked":["Flechettes","Cloak And Dagger"],"picked":"Bouncing Flask","floor":10.0},{"not_picked":["Deflect","Dodge and Roll","Underhanded Strike"],"picked":"SKIP","floor":11.0},{"not_picked":["Backflip","Cloak And Dagger"],"picked":"PiercingWail","floor":12.0},{"not_picked":["Bouncing Flask","Endless Agony","Dodge and Roll"],"picked":"SKIP","floor":14.0},{"not_picked":["Underhanded Strike","Flechettes"],"picked":"Prepared","floor":15.0},{"not_picked":["Adrenaline","Storm of Steel"],"picked":"Venomology","floor":16.0},{"not_picked":["Leg Sweep","Dagger Spray+1"],"picked":"Blade Dance+1","floor":18},{"not_picked":["Sucker Punch","Cloak And Dagger+1","Dagger Throw+1"],"picked":"SKIP","floor":19}],"player_experience":638226,"relics_obtained":[{"floor":7.0,"key":"Old Coin"},{"floor":9.0,"key":"Dream Catcher"},{"floor":11.0,"key":"Pen Nib"}],"event_choices":[{"damage_healed":0.0,"max_hp_gain":0.0,"max_hp_loss":0.0,"gold_gain":0.0,"event_name":"Upgrade Shrine","player_choice":"Upgraded","floor":5.0,"gold_loss":0.0,"damage_taken":0.0,"cards_upgraded":["Dagger Throw"]}],"is_beta":false,"boss_relics":[{"not_picked":["Fusion Hammer","Astrolabe"],"picked":"Cursed Key"}],"items_purged_floors":[13],"is_endless":false,"potions_floor_spawned":[3,4,8,11,14],"killed_by":"Centurion and Healer","ascension_level":0}}