{"host":"Ringo","time":1611914702,"event":{"mods":["BaseMod","Colored Map","Conspire","Dota2Spire","Minty Spire (QoL Compilation)","Replay The Spire","StSLib","[IsaacMod]ÒÔÈö¼âËþ","¡¾ÒÅÎï¿¨ÅÆ¡¿REMEMod"],"gold_per_floor":[118,137,172,184,203,234,260,260],"floor_reached":7,"language":"ZHS","playtime":261,"items_purged":[],"score":280,"play_id":"35fbc3dc-2389-4c15-ad5d-f32b837849c9","local_time":"20210129180502","daily_mods":["Chimera","Shiny","Vintage","Diverse","Colorless Cards","Heirloom","Time Dilation","Flight","DeadlyEvents","Elite Swarm","Lethality","Binary"],"is_ascension_mode":true,"campfire_choices":[],"circlet_count":0,"master_deck":["AscendersBane","Bash","Survivor","Zap","Eruption","Strike_R","Strike_G","Strike_B","Defend_R","Defend_G","Defend_P","Brilliance","Devotion","Replay:AllIn","LessonLearned","Vault","Alpha","Establishment","REME_WorshipGod","Replay:LoomingThreat","DeusExMachina","Judgement","ConjureBlade","REME_EmptyShield","MasterReality","Blasphemy","Ragnarok","REME_CRH","Scrawl","Wish","Omniscience","SpiritShield","DevaForm","Hyperbeam","REME_ForAll","Machine Learning","Buffer","Mirror Shield","Seek","Echo Form","All For One","Reboot","Fission","Core Surge","Multi-Cast","Thunder Strike","Biased Cognition","REME_Shoggoth","ElectricPowerLearning","Electrodynamics","ReplayRNGCard","ReplayTheSpireMod:Omega Cannon","Rainbow","Meteor Strike","ReplayTheSpireMod:Fabricate Wheel","Amplify","Creative AI","REME_ShadowForm","ReplayTheSpireMod:Necrosis","Corpse Explosion","Die Die Die","Atom Bomb","ReplayTheSpireMod:From All Sides","Adrenaline","Envenom","Doppelganger","Burst","Wraith Form v2","REME_SpectralBlade","Tools of the Trade","REME_CopyPotion","After Image","Poison Darts","A Thousand Cuts","REME_LeechingPoison","Venomology","Replay:Bag of Tricks","Malaise","Phantasmal Killer","Night Terror","Unload","REME_GrazeFinale","Bullet Time","Storm of Steel","Glass Knife","Grand Finale","Double Tap","Demon Form","REME_ACTH","Fiend Fire","Eclipse","conspire:Purge","Berserk","Impervious","Juggernaut","Brutality","Demonic Infusion","conspire:HitWhereItHurts","Exhume","Offering","REME_Fury","Bludgeon","Feed","Replay:Many Hands","Limit Break","Corruption","Barricade","Hemogenesis","REME_TheLastStrike","Reaper","Immolate","Thinking Ahead","Metamorphosis","Master of Strategy","BloodyBrimstone","Magnetism","REME_HeartOfCthun","Chrysalis","Mayhem","REME_PuzzleBox","Secret Weapon","Midas Touch","ReplayTheSpireMod:Brewmster","ChaosCard","REME_AllRoundStrike","Poisoned Strike","REME_MawOfCthun","Battery","REME_EyeOfCthun","REME_WheelOfFate","Sadistic Nature","REME_Flogging","ReplayUltimateDefense","Transmutation","DoctorFetus","REME_BattleFury","HandOfGreed","ReplayTheSpireMod:Necrogeddon","Apotheosis","Panache","Violence","Secret Technique","REME_BodyOfCthun","The Bomb","EpicFetus","SuicideKing","Crow Ritual","REME_BuildACard","REME_ProfessionalPlagiarism","Vault","Creative AI"],"relics":["Snecko Eye","Busted Crown","HushsDoor","REME_ComplimentaryCards","replay:Trail_Library","SatanicBible","StoneCalendar","REME_HourglassOfDeath","Meat on the Bone","Question Card","Smiling Mask","REME_PuzzleBoxRelic","Ice Cream","Shuriken"],"acts_visited":["Exordium"],"potions_floor_usage":[7,7],"damage_taken":[{"damage":0.0,"enemies":"2 Louse","floor":1.0,"turns":2.0},{"damage":0,"enemies":"Jaw Worm","floor":2,"turns":1},{"damage":0,"enemies":"Small Slimes","floor":3,"turns":2},{"damage":0,"enemies":"Exordium Wildlife","floor":4,"turns":1},{"damage":0,"enemies":"Large Slime","floor":5,"turns":1},{"damage":0,"enemies":"Lagavulin","floor":6,"turns":1},{"damage":0,"enemies":"3 Sentries","floor":7,"turns":1}],"seed_played":"7929519707081412379","potions_obtained":[{"floor":4,"key":"EntropicBrew"},{"floor":7,"key":"LiquidMemories"}],"is_trial":true,"path_per_floor":["M","M","M","M","M","E","E"],"character_chosen":"IRONCLAD","items_purchased":[],"campfire_rested":0,"item_purchase_floors":[],"current_hp_per_floor":[75,75,75,75,75,75,75,75],"gold":260,"neow_bonus":"","is_daily":false,"chose_seed":false,"campfire_upgraded":0,"win_rate":0.0,"timestamp":1611914702,"path_taken":["M","M","M","M","M","E","E"],"items_purchased_type":[],"build_version":"2020-12-18","purchased_purges":0,"victory":false,"max_hp_per_floor":[75,75,75,75,75,75,75,75],"card_choices":[{"not_picked":[],"picked":"Creative AI","floor":6},{"not_picked":["Juggernaut"],"picked":"SKIP","floor":7}],"player_experience":583963,"relics_obtained":[{"floor":1,"key":"REME_HourglassOfDeath"},{"floor":2,"key":"Meat on the Bone"},{"floor":3,"key":"Question Card"},{"floor":4,"key":"Smiling Mask"},{"floor":5,"key":"REME_PuzzleBoxRelic"},{"floor":6,"key":"Ice Cream"},{"floor":7,"key":"Shuriken"}],"event_choices":[],"is_beta":true,"boss_relics":[],"items_purged_floors":[],"is_endless":false,"potions_floor_spawned":[4,7],"killed_by":"3 Sentries","ascension_level":20}}