{"host":"jfbo3eu2ui08ej1u","time":1611882410,"event":{"mods":["2.2 Compatiblity","AchievementEnabler","Act Like it!","Aspiration","BaseMod","Better Altar","Better Match","Better Note","Better Sensory Stone","Better Skull","Better Third Choice","Block Reminder","Colored Map","Colored Powertips","Conspire","DeckTracker","Displayed Cursed Tome","Energized Spire","Fox Events","GifTheSpireLib","Hubris","Infinite Spire","Marked Mod","Minty Spire (QoL Compilation)","Pale of the Ancients","Poor People Problems","Quick Restart","Relic Filter","Reliquary","Reorder Act Four","Replay The Spire","Shop Mod","Spicy Shops","Spire Arcade","StSLib","Stuff the Spire","The Blue Laboratory","The Disciple","The Forsaken","The Hierophant","The Marked","Uncapped","Unceasing Turn Reminder","Wandering Minibosses"],"gold_per_floor":[115,135,154,15,15,40,52,52,100,100,110,110,139,135,135,207,207,223,16,36,36,36,36,31,31],"floor_reached":24,"language":"ENG","playtime":709,"items_purged":[],"score":412,"play_id":"6a0e4e1b-c671-4bea-922d-e2c9d6cb0c20","local_time":"20210128200650","is_ascension_mode":true,"campfire_choices":[{"data":"Eruption","floor":8,"key":"SMITH"},{"data":"Replay:Hum","floor":12,"key":"SMITH"},{"floor":15,"key":"REST"}],"circlet_count":0,"master_deck":["AscendersBane","Strike_P","Strike_P","Strike_P","Defend_P","Defend_P","Defend_P","Defend_P","Eruption+1","Vigilance","ReachHeaven","Protect","FearNoEvil","Replay:Hum+1","EmptyFist","ThirdEye+1","Protect+1","Wish+1","Collect+1","Alpha+1","Establishment","ThirdEye+1","Thinking Ahead+1","InnerPeace+1"],"relics":["PureWater","Toxic Egg 2","aspiration:HiddenCompartment","reliquary:PartyBalloon","energizedSpire:BlackCloud"],"acts_visited":["Exordium","TheCity"],"potions_floor_usage":[6,11,13,18],"damage_taken":[{"damage":4,"enemies":"2 Louse","floor":1,"turns":4},{"damage":4,"enemies":"Small Slimes","floor":2,"turns":3},{"damage":0,"enemies":"Cultist","floor":3,"turns":3},{"damage":3,"enemies":"Lagavulin","floor":6,"turns":6},{"damage":0,"enemies":"Large Slime","floor":7,"turns":4},{"damage":12,"enemies":"Gremlin Gang","floor":11,"turns":5},{"damage":6,"enemies":"Gremlin Nob","floor":13,"turns":3},{"damage":10,"enemies":"2 Fungi Beasts","floor":14,"turns":6},{"damage":25,"enemies":"Slime Boss","floor":16,"turns":8},{"damage":25,"enemies":"3 Byrds","floor":18,"turns":5},{"damage":24,"enemies":"2 Thieves","floor":20,"turns":3},{"damage":14,"enemies":"Centurion and Healer","floor":24,"turns":1}],"seed_played":"8305350255740222343","potions_obtained":[{"floor":2,"key":"blueLaboratory:SavagePotion"},{"floor":3,"key":"Flashbang"},{"floor":11,"key":"DistilledChaos"},{"floor":13,"key":"blueLaboratory:BottledHope"}],"is_trial":false,"path_per_floor":["M","M","M","$","?","E","M","R","T","?","M","R","E","M","R","B",null,"M","$","M","$","PTL","PTL","M"],"character_chosen":"WATCHER","items_purchased":["Replay:Hum","EmptyFist","Thinking Ahead+1"],"campfire_rested":1,"item_purchase_floors":[4,4,19],"current_hp_per_floor":[63,59,59,59,59,56,56,56,56,56,44,44,38,28,50,25,62,37,37,13,13,13,13,0,0],"gold":31,"neow_bonus":"TEN_PERCENT_HP_BONUS","is_daily":false,"chose_seed":false,"campfire_upgraded":2,"win_rate":0.0,"timestamp":1611882410,"path_taken":["M","M","M","$","?","E","M","R","T","?","M","R","E","M","R","BOSS","M","?","M","$","PTL","PTL","M"],"items_purchased_type":["Card","Card","Card"],"build_version":"2020-12-22","purchased_purges":0,"victory":false,"max_hp_per_floor":[74,74,74,74,74,74,74,74,74,74,74,74,74,74,74,74,74,74,74,74,74,74,74,74,74],"card_choices":[{"not_picked":["ThirdEye","Evaluate"],"picked":"ReachHeaven","floor":1},{"not_picked":["Worship","Evaluate"],"picked":"Protect","floor":2},{"not_picked":["Adaptation","EmptyFist"],"picked":"FearNoEvil","floor":3},{"not_picked":["Replay:DivineShield+1","Replay:Anticipation+1"],"picked":"ThirdEye+1","floor":6},{"not_picked":["Prostrate+1","Replay:AtTheReady+1"],"picked":"Protect+1","floor":7},{"not_picked":["Sanctity+1","Replay:ManipulateFuture+1"],"picked":"Collect+1","floor":11},{"not_picked":["Evaluate+1","MarkedMod:Acupuncture","EmptyFist"],"picked":"SKIP","floor":13},{"not_picked":["Collect+1","CrushJoints"],"picked":"Alpha+1","floor":14},{"not_picked":["Ragnarok","MarkedMod:ChiBlock+1"],"picked":"Establishment","floor":16},{"not_picked":["SashWhip","MarkedMod:Acupuncture"],"picked":"ThirdEye+1","floor":18},{"not_picked":["Collect+1","Worship+1"],"picked":"InnerPeace+1","floor":20}],"player_experience":1247946,"relics_obtained":[{"floor":6,"key":"Toxic Egg 2"},{"floor":9,"key":"aspiration:HiddenCompartment"},{"floor":13,"key":"reliquary:PartyBalloon"}],"event_choices":[{"damage_healed":0,"gold_gain":0,"cards_transformed":["Strike_P"],"player_choice":"Transformed","damage_taken":0,"max_hp_gain":0,"max_hp_loss":0,"event_name":"Transmorgrifier","floor":10,"gold_loss":0,"cards_obtained":["Wish"]}],"is_beta":false,"boss_relics":[{"not_picked":["conspire:RoyalGoblet","energizedSpire:CursedPentagram"],"picked":"energizedSpire:BlackCloud"}],"items_purged_floors":[],"is_endless":false,"potions_floor_spawned":[2,3,11,13],"killed_by":"Centurion and Healer","ascension_level":20}}