{"host":"hixkpep13ay54y5b","time":1611946243,"event":{"mods":["AchievementEnabler","BaseMod","BetterRewards","Colored Map","Hubris","Infinite Spire","Minty Spire (QoL Compilation)","Quick Restart","Replay The Spire","Shop Mod","StSLib","SuperFastMode"],"gold_per_floor":[119,135,135,135,146,146,71,89,89,108,143,155,167,193,205,322,334,329,360,372,397,429,441,463,475,487,516,539,551,590,602,614,626,626],"floor_reached":33,"language":"ENG","playtime":924,"items_purged":["Strike_B"],"score":271,"play_id":"924736dd-4868-4bef-873c-9228502c0890","local_time":"20210129135043","is_ascension_mode":false,"campfire_choices":[{"data":"BootSequence","floor":6.0,"key":"SMITH"},{"data":"Buffer","floor":12.0,"key":"SMITH"},{"data":"Mirror Shield","floor":23.0,"key":"SMITH"},{"data":"Genetic Algorithm","floor":25.0,"key":"SMITH"},{"data":"Defend_B","floor":29.0,"key":"SMITH"},{"floor":32,"key":"REST"}],"circlet_count":0,"master_deck":["Strike_B","Strike_B","Strike_B","Defend_B+1","Defend_B","Defend_B","Defend_B","Zap","Dualcast","BootSequence+1","Darkness+1","Blizzard+1","Genetic Algorithm+1","Buffer+1","Mirror Shield+1","Capacitor+1"],"relics":["Cracked Core","NeowsBlessing","hubris:PeanutButter","MawBank","hubris:Towel","hubris:Stopwatch","Bag of Preparation","Letter Opener"],"acts_visited":["Exordium","TheCity"],"potions_floor_usage":[31],"damage_taken":[{"damage":0.0,"enemies":"Jaw Worm","floor":1.0,"turns":1.0},{"damage":0.0,"enemies":"Cultist","floor":2.0,"turns":1.0},{"damage":0.0,"enemies":"Small Slimes","floor":5.0,"turns":1.0},{"damage":0.0,"enemies":"3 Louse","floor":8.0,"turns":3.0},{"damage":0.0,"enemies":"Large Slime","floor":10.0,"turns":5.0},{"damage":21.0,"enemies":"3 Sentries","floor":11.0,"turns":8.0},{"damage":1.0,"enemies":"Exordium Wildlife","floor":14.0,"turns":3.0},{"damage":12.0,"enemies":"The Guardian","floor":16.0,"turns":9.0},{"damage":0.0,"enemies":"2 Thieves","floor":18.0,"turns":4.0},{"damage":0.0,"enemies":"Chosen","floor":19.0,"turns":5.0},{"damage":0.0,"enemies":"Snecko","floor":21.0,"turns":5.0},{"damage":8.0,"enemies":"Centurion and Healer","floor":22.0,"turns":9.0},{"damage":0.0,"enemies":"Snake Plant","floor":24.0,"turns":3.0},{"damage":0.0,"enemies":"Cultist and Chosen","floor":27.0,"turns":6.0},{"damage":9.0,"enemies":"Centurion and Healer","floor":28.0,"turns":8.0},{"damage":27.0,"enemies":"Nightmare","floor":30.0,"turns":13.0},{"damage":0,"enemies":"Colosseum Slavers","floor":31,"turns":3},{"damage":84,"enemies":"Automaton","floor":33,"turns":12}],"seed_played":"-7352169494335423931","potions_obtained":[{"floor":2.0,"key":"FearPotion"},{"floor":8.0,"key":"Elixir"},{"floor":10.0,"key":"Flashbang"},{"floor":22.0,"key":"Toxic Potion"},{"floor":30.0,"key":"LiquidBronze"}],"is_trial":false,"path_per_floor":["M","M","?","?","M","R","$","M","T","M","E","R","?","M","R_BF","B",null,"M","M","$","M","M","R","M","R","T","M","M","R","NM","?","R","B"],"character_chosen":"DEFECT","items_purchased":[],"campfire_rested":1,"item_purchase_floors":[],"current_hp_per_floor":[75,75,75,75,75,75,75,75,75,75,54,54,54,53,75,63,75,75,75,75,75,67,67,67,67,67,67,58,58,31,31,53,0,0],"gold":626,"neow_bonus":"THREE_ENEMY_KILL","is_daily":false,"chose_seed":false,"campfire_upgraded":5,"win_rate":0.0,"timestamp":1611946243,"path_taken":["M","M","?","?","?","R","$","M","T","M","E","R","?","M","R_BF","BOSS","M","M","$","M","M","R","M","R","T","M","M","R","NM","?","R","BOSS"],"items_purchased_type":[],"build_version":"2020-12-22","purchased_purges":1,"victory":false,"max_hp_per_floor":[75,75,75,75,75,75,75,75,75,75,75,75,75,75,75,75,75,75,75,75,75,75,75,75,75,75,75,75,75,75,75,75,75,75],"card_choices":[{"not_picked":["Panic Button","Hologram"],"picked":"BootSequence","floor":1.0},{"not_picked":["Steam Power","Force Field","Darkness"],"picked":"SKIP","floor":2.0},{"not_picked":["Steam Power","Force Field"],"picked":"Darkness","floor":2.0},{"not_picked":["Hologram","Conserve Battery"],"picked":"Blizzard","floor":5.0},{"not_picked":["Beam Cell","BootSequence","Gash"],"picked":"SKIP","floor":8.0},{"not_picked":["Fusion","ReplayTheSpireMod:GoodbyeWorld"],"picked":"Genetic Algorithm","floor":10.0},{"not_picked":["Go for the Eyes","Beam Cell"],"picked":"Buffer","floor":11.0},{"not_picked":["Hologram","Stack","Conserve Battery"],"picked":"SKIP","floor":14.0},{"not_picked":["Buffer","ReplayTheSpireMod:Omega Cannon"],"picked":"Mirror Shield","floor":16.0},{"not_picked":["Streamline+1","Go for the Eyes","Steam"],"picked":"SKIP","floor":18.0},{"not_picked":["Genetic Algorithm","Ball Lightning","ReplayTheSpireMod:Reroute Power"],"picked":"SKIP","floor":19.0},{"not_picked":["Hello World+1","ReplaySolidLightProjector","Creative AI"],"picked":"SKIP","floor":21.0},{"not_picked":["ReplaySort","Ball Lightning","BasicCrystalCard"],"picked":"SKIP","floor":22.0},{"not_picked":["Sweeping Beam","Rip and Tear","Conserve Battery"],"picked":"SKIP","floor":24.0},{"not_picked":["Panic Button","Turbo+1","hubris:Ukulele+1"],"picked":"SKIP","floor":27.0},{"not_picked":["Steam","Hologram","Rebound"],"picked":"SKIP","floor":28.0},{"not_picked":["ReplayTheSpireMod:System Scan","White Noise+1"],"picked":"Capacitor+1","floor":30.0}],"player_experience":158674,"relics_obtained":[{"floor":9.0,"key":"hubris:PeanutButter"},{"floor":11.0,"key":"MawBank"},{"floor":26.0,"key":"Bag of Preparation"},{"floor":30.0,"key":"Letter Opener"}],"event_choices":[{"damage_healed":0.0,"max_hp_gain":0.0,"max_hp_loss":0.0,"gold_gain":0.0,"event_name":"Wheel of Change","player_choice":"Full Heal","floor":4.0,"gold_loss":0.0,"damage_taken":0.0},{"damage_healed":0,"gold_gain":0,"player_choice":"Fight","damage_taken":0,"max_hp_gain":0,"max_hp_loss":0,"event_name":"Colosseum","floor":31,"gold_loss":0},{"damage_healed":0,"gold_gain":0,"player_choice":"Fled From Nobs","damage_taken":0,"max_hp_gain":0,"max_hp_loss":0,"event_name":"Colosseum","floor":31,"gold_loss":0}],"is_beta":false,"boss_relics":[{"not_picked":["ReplayTheSpireMod:SealedPack","hubris:RunicObelisk"],"picked":"hubris:Stopwatch"}],"items_purged_floors":[7],"is_endless":true,"potions_floor_spawned":[2,8,10,22,30],"killed_by":"Automaton","ascension_level":0}}