{"host":"o3b7ow6d1xe49css","time":1611904478,"event":{"mods":["Act Like it!","Aspiration","BaseMod","Bestiary","Better Altar","Better Match","Better Note","Better Sensory Stone","Better Skull","Better Third Choice","Colored Powertips","Conspire","Energized Spire","Force Act Four","GifTheSpireLib","Halation","Hermit","Hubris","Infinite Spire","Lobotomy","Minty Spire (QoL Compilation)","Quick Restart","Relic Filter Mod","Reliquary","Replay The Spire","Spicy Shops","Spikes Relics","Spire Arcade","StSLib","Stuff the Spire","The Blue Laboratory","Wandering Minibosses"],"gold_per_floor":[117,128,138,163,163,163,194,219,271,296,64,64,93,109,109,207,207,219,239,73,19,19,19,19,19],"floor_reached":24,"language":"ENG","playtime":774,"items_purged":["ReplayTheSpireMod:Restless Dread","Strike_P"],"score":465,"play_id":"132eb273-61cb-42bc-9e7b-b95e00c23bae","local_time":"20210128221438","daily_mods":["Heirloom","Flight"],"is_ascension_mode":true,"campfire_choices":[{"data":"Eruption","floor":6,"key":"SMITH"},{"data":"CrushJoints","floor":15,"key":"SMITH"},{"data":"BowlingBash","floor":23,"key":"SMITH"}],"circlet_count":0,"master_deck":["Strike_P","Defend_P","Defend_P","Defend_P","Defend_P","Eruption+1","Vigilance","CrushJoints+1","UniverseFragment","BowlingBash+1","GreedKing","Replay:AllIn","Consecrate","Consecrate+1","OldLady","Establishment","Scorched"],"relics":["PureWater","Ring of Chaos","halation:OrihimeAndHikoboshiSamaAndTears","CogitoBucket","Bronze Scales","Akabeko","hubris:Zylophone","Nunchaku","ReplayTheSpireMod:CursedCoin","hubris:CrystalStatue","StuffTheSpire:Rhapsscallions","BehaviorAdjustment","aspiration:SecretTechniqueScroll","hubris:FunFungus","BicycleWheel","energizedSpire:EnergizedDie"],"acts_visited":["Exordium","TheCity"],"potions_floor_usage":[7,8,13,18,19],"damage_taken":[{"damage":0,"enemies":"Cultist","floor":1,"turns":2},{"damage":0,"enemies":"Jaw Worm","floor":2,"turns":1},{"damage":1,"enemies":"2 Louse","floor":3,"turns":3},{"damage":0,"enemies":"Gremlin Nob","floor":7,"turns":2},{"damage":0,"enemies":"3 Sentries","floor":8,"turns":3},{"damage":0,"enemies":"Gremlin Nob","floor":10,"turns":2},{"damage":0,"enemies":"3 Sentries","floor":13,"turns":3},{"damage":0,"enemies":"Exordium Thugs","floor":14,"turns":2},{"damage":3,"enemies":"Slime Boss","floor":16,"turns":5},{"damage":0,"enemies":"2 Thieves","floor":18,"turns":2},{"damage":0,"enemies":"Shell Parasite","floor":19,"turns":3},{"damage":90,"enemies":"Nightmare","floor":24,"turns":4}],"seed_played":"-8947673479173129055","potions_obtained":[{"floor":1,"key":"blueLaboratory:HorrorPotion"},{"floor":3,"key":"blueLaboratory:BubblePotion"},{"floor":7,"key":"blueLaboratory:BottleOfVodka"},{"floor":10,"key":"Adrenaline Potion"},{"floor":16,"key":"DistilledChaos"}],"is_trial":true,"path_per_floor":["M","M","M","T","?","R","E","E","T","E","$","?","E","M","R","B",null,"M","M","$","?","HB","R","NM"],"character_chosen":"WATCHER","items_purchased":["ReplayTheSpireMod:CursedCoin","Consecrate+1","hubris:CrystalStatue","hubris:FunFungus"],"campfire_rested":0,"item_purchase_floors":[11,11,11,20],"current_hp_per_floor":[72,72,71,71,71,71,71,71,71,71,71,71,75,75,75,72,75,75,75,75,75,75,75,0,0],"gold":19,"neow_bonus":"","is_daily":false,"chose_seed":false,"campfire_upgraded":3,"win_rate":0.0,"timestamp":1611904478,"path_taken":["M","M","M","?","?","R","E","E","T","E","$","?","E","?","R","BOSS","M","M","$","?","HB","R","NM"],"items_purchased_type":["Relic","Card","Relic","Relic"],"build_version":"2020-12-22","purchased_purges":2,"victory":false,"max_hp_per_floor":[72,72,72,72,72,72,72,72,72,72,72,72,76,76,76,76,76,76,76,76,76,76,76,76,76],"card_choices":[{"not_picked":["Prostrate","PathToVictory"],"picked":"CrushJoints","floor":1},{"not_picked":["Wellcheers","SpiderBud","CherryBlossoms"],"picked":"Singing Bowl","floor":1},{"not_picked":["PunishingBird","MeatLantern"],"picked":"UniverseFragment","floor":1},{"not_picked":["MHz","WallGazer","CherryBlossoms"],"picked":"Singing Bowl","floor":2},{"not_picked":["Halt","Collect"],"picked":"BowlingBash","floor":2},{"not_picked":["SpiderBud","Scarecrow"],"picked":"GreedKing","floor":3},{"not_picked":["SandsOfTime","MentalFortress","EmptyMind"],"picked":"SKIP","floor":3},{"not_picked":["DespairKnight","WallGazer"],"picked":"OldLady","floor":7},{"not_picked":["Replay:ManipulateFuture","Adaptation"],"picked":"Consecrate","floor":7},{"not_picked":["SingingMachine","Murderer","OSAHOGD"],"picked":"Singing Bowl","floor":8},{"not_picked":["Replay:BluntJabs","Brilliance","Replay:AtTheReady"],"picked":"SKIP","floor":8},{"not_picked":["CrumblingArmor","GalaxyChild","Wellcheers"],"picked":"Singing Bowl","floor":10},{"not_picked":["Replay:AtTheReady","ForeignInfluence","Replay:Hum"],"picked":"SKIP","floor":10},{"not_picked":["DespairKnight","FieryBird","MHz"],"picked":"Singing Bowl","floor":13},{"not_picked":["Wellcheers","Laetitia"],"picked":"OldLady","floor":13},{"not_picked":["Replay:DivineShield","WaveOfTheHand","Replay:LoomingThreat"],"picked":"SKIP","floor":13},{"not_picked":["BigBadWolf","Freischutz","BeautyBeast"],"picked":"Singing Bowl","floor":14},{"not_picked":["WaveOfTheHand","Nirvana","BowlingBash"],"picked":"SKIP","floor":14},{"not_picked":["WallGazer","MeatLantern","FairyFestival"],"picked":"Singing Bowl","floor":16},{"not_picked":["LessonLearned","ConjureBlade"],"picked":"Establishment","floor":16},{"not_picked":["VoidDream","DreamingCurrent","CherryBlossoms"],"picked":"Singing Bowl","floor":18},{"not_picked":["EmptyBody","Replay:AtTheReady","FearNoEvil"],"picked":"SKIP","floor":18},{"not_picked":["MHz","LittlePrince"],"picked":"Scorched","floor":19},{"not_picked":["SandsOfTime+1","CutThroughFate","Prostrate"],"picked":"SKIP","floor":19}],"player_experience":1881244,"relics_obtained":[{"floor":4,"key":"Bronze Scales"},{"floor":7,"key":"Akabeko"},{"floor":8,"key":"hubris:Zylophone"},{"floor":10,"key":"Nunchaku"},{"floor":13,"key":"StuffTheSpire:Rhapsscallions"}],"event_choices":[{"cards_removed":["Strike_P"],"damage_healed":0,"gold_gain":0,"player_choice":"Offered Basic","damage_taken":0,"max_hp_gain":0,"max_hp_loss":0,"event_name":"Bonfire Elementals","floor":12,"gold_loss":0},{"damage_healed":0,"gold_gain":0,"player_choice":"Paid Gold","damage_taken":0,"relics_obtained":["BicycleWheel"],"max_hp_gain":0,"max_hp_loss":0,"event_name":"WeMeetAgain","floor":21,"gold_loss":54}],"is_beta":false,"boss_relics":[{"not_picked":["halation:SmartPhone","halation:MonkeysPaw"],"picked":"aspiration:SecretTechniqueScroll"}],"items_purged_floors":[11,20],"is_endless":false,"potions_floor_spawned":[1,3,7,10,16],"killed_by":"Nightmare","ascension_level":5}}