{"host":"3y2rtlgteqp2nuo3","time":1611894979,"event":{"mods":["2.2 Compatiblity","AchievementEnabler","BaseMod","Colored Map","DeckTracker","Highlight Path","Keyboard Shortcuts","Minty Spire (QoL Compilation)","Permanent Neow","Quick Restart","StSLib","SuperFastMode","everything is the same but u backflip on backflip"],"gold_per_floor":[111,128,139,139,70,70,104,121,121,121,137,137,149,162,162,261,261,280,205,224,224,224],"floor_reached":21,"language":"KOR","playtime":502,"items_purged":["Strike_R"],"score":256,"play_id":"7f81a38d-7e67-4cf3-bbf5-38f6a66d353e","local_time":"20210129133619","is_ascension_mode":true,"campfire_choices":[{"data":"Bash","floor":6.0,"key":"SMITH"},{"floor":12.0,"key":"REST"},{"data":"Searing Blow","floor":15.0,"key":"SMITH"}],"circlet_count":0,"master_deck":["Strike_R","Strike_R","Defend_R","Defend_R","Defend_R","Defend_R","Bash+1","Spot Weakness","Shrug It Off","Reckless Charge","True Grit","Evolve","Searing Blow+1","Battle Trance","Headbutt","Reaper","Fire Breathing"],"relics":["Burning Blood","Paper Frog","Pocketwatch","Philosopher\u0027s Stone"],"acts_visited":["Exordium","TheCity"],"potions_floor_usage":[16],"damage_taken":[{"damage":11.0,"enemies":"Cultist","floor":1.0,"turns":4.0},{"damage":3.0,"enemies":"2 Louse","floor":2.0,"turns":4.0},{"damage":18.0,"enemies":"Jaw Worm","floor":3.0,"turns":5.0},{"damage":46.0,"enemies":"Lagavulin","floor":7.0,"turns":7.0},{"damage":5.0,"enemies":"Exordium Wildlife","floor":8.0,"turns":4.0},{"damage":5.0,"enemies":"Red Slaver","floor":11.0,"turns":4.0},{"damage":0.0,"enemies":"2 Fungi Beasts","floor":13.0,"turns":3.0},{"damage":6.0,"enemies":"Looter","floor":14.0,"turns":3.0},{"damage":39,"enemies":"Hexaghost","floor":16,"turns":8},{"damage":40,"enemies":"Shell Parasite","floor":18,"turns":8},{"damage":19,"enemies":"Spheric Guardian","floor":20,"turns":5},{"damage":47,"enemies":"Snecko","floor":21,"turns":6}],"seed_played":"-2167673399414464654","potions_obtained":[{"floor":3.0,"key":"DistilledChaos"},{"floor":7.0,"key":"ElixirPotion"},{"floor":11.0,"key":"AttackPotion"},{"floor":13.0,"key":"LiquidMemories"}],"is_trial":false,"path_per_floor":["M","M","M","?","$","R","E","M","T","?","M","R","M","M","R","B",null,"M","$","M","M"],"character_chosen":"IRONCLAD","items_purchased":["Evolve"],"campfire_rested":1,"item_purchase_floors":[5],"current_hp_per_floor":[67,70,58,51,51,51,11,12,12,12,13,37,43,43,43,10,63,45,45,32,0,0],"gold":224,"neow_bonus":"TRANSFORM_CARD","is_daily":false,"chose_seed":false,"campfire_upgraded":2,"win_rate":0.0,"timestamp":1611894979,"path_taken":["M","M","M","?","$","R","E","M","T","?","M","R","M","M","R","BOSS","M","$","M","M"],"items_purchased_type":["Card"],"build_version":"2020-12-22","purchased_purges":1,"victory":false,"max_hp_per_floor":[80,80,80,80,80,80,80,80,80,80,80,80,80,80,80,80,80,80,80,80,80,80],"card_choices":[{"not_picked":["Twin Strike","Hemokinesis"],"picked":"Shrug It Off","floor":1.0},{"not_picked":["Armaments","Metallicize"],"picked":"Reckless Charge","floor":2.0},{"not_picked":["Combust","Body Slam"],"picked":"True Grit","floor":3.0},{"not_picked":["Uppercut","Spot Weakness"],"picked":"Searing Blow","floor":7.0},{"not_picked":["Havoc","Feel No Pain","Flex"],"picked":"SKIP","floor":8.0},{"not_picked":["Dark Embrace","Havoc"],"picked":"Battle Trance","floor":11.0},{"not_picked":["Body Slam","Entrench","Uppercut"],"picked":"SKIP","floor":13.0},{"not_picked":["Thunderclap","Flex"],"picked":"Headbutt","floor":14.0},{"not_picked":["Barricade","Fiend Fire"],"picked":"Reaper","floor":16},{"not_picked":["Flex+1","Uppercut","Wild Strike"],"picked":"SKIP","floor":18},{"not_picked":["Cleave","Havoc"],"picked":"Fire Breathing","floor":20}],"player_experience":728035,"relics_obtained":[{"floor":7.0,"key":"Paper Frog"},{"floor":9.0,"key":"Pocketwatch"}],"event_choices":[{"cards_removed":["Strike_R"],"damage_healed":0.0,"max_hp_gain":0.0,"max_hp_loss":0.0,"gold_gain":0.0,"event_name":"Golden Wing","player_choice":"Card Removal","floor":4.0,"gold_loss":0.0,"damage_taken":7.0},{"damage_healed":0.0,"max_hp_gain":0.0,"max_hp_loss":0.0,"gold_gain":0.0,"event_name":"Scrap Ooze","player_choice":"Fled","floor":10.0,"gold_loss":0.0,"damage_taken":0.0}],"is_beta":false,"boss_relics":[{"not_picked":["Fusion Hammer","Runic Dome"],"picked":"Philosopher\u0027s Stone"}],"items_purged_floors":[19],"is_endless":false,"potions_floor_spawned":[3,7,11,13],"killed_by":"Snecko","ascension_level":8}}