{"host":"dm4yvegl9um2tlqd","time":1611922514,"event":{"mods":["2.2 Compatiblity","AchievementEnabler","BaseMod","Colored Map","DeckTracker","Highlight Path","KOR Keyword Fix","Keyboard Shortcuts","Minty Spire (QoL Compilation)","Permanent Neow","Quick Restart","Random Character Button","StSLib","SuperFastMode","everything is the same but u backflip on backflip"],"gold_per_floor":[113,129,145,145,145,176,176,203,229,243,269,117,135,147,147,246,246,258,275,291,309,309,336,336,362,362,362,362],"floor_reached":27,"language":"KOR","playtime":1109,"items_purged":["Strike_B"],"score":355,"play_id":"1ace96c2-fd9a-4d53-8165-591b671646ce","local_time":"20210129211514","is_ascension_mode":true,"campfire_choices":[{"data":"Dualcast","floor":7,"key":"SMITH"},{"data":"Loop","floor":15,"key":"SMITH"},{"data":"Consume","floor":24,"key":"SMITH"}],"circlet_count":0,"master_deck":["Strike_B","Defend_B","Defend_B","Defend_B","Defend_B","Zap","Dualcast+1","Consume+1","Gash","Cold Snap","Ball Lightning","Glacier","Coolheaded","Loop+1","Sweeping Beam","Gash","Leap+1","Hologram","Blizzard","Go for the Eyes+1","Skim","Consume+1","Ball Lightning+1","Chaos"],"relics":["Cracked Core","NeowsBlessing","DataDisk","Omamori","Mango","Strawberry","Orichalcum","Nuclear Battery","White Beast Statue","Incense Burner","CaptainsWheel"],"acts_visited":["Exordium","TheCity"],"potions_floor_usage":[6,25,27],"damage_taken":[{"damage":0,"enemies":"Cultist","floor":1,"turns":1},{"damage":0,"enemies":"2 Louse","floor":2,"turns":1},{"damage":0,"enemies":"Jaw Worm","floor":3,"turns":1},{"damage":21,"enemies":"3 Sentries","floor":6,"turns":7},{"damage":15,"enemies":"Gremlin Nob","floor":8,"turns":4},{"damage":13,"enemies":"Large Slime","floor":10,"turns":4},{"damage":16,"enemies":"Lagavulin","floor":11,"turns":7},{"damage":10,"enemies":"Lots of Slimes","floor":13,"turns":6},{"damage":0,"enemies":"3 Louse","floor":14,"turns":3},{"damage":6,"enemies":"Hexaghost","floor":16,"turns":11},{"damage":5,"enemies":"Shell Parasite","floor":18,"turns":5},{"damage":10,"enemies":"Spheric Guardian","floor":19,"turns":5},{"damage":3,"enemies":"Chosen and Byrds","floor":20,"turns":9},{"damage":10,"enemies":"3 Cultists","floor":21,"turns":7},{"damage":24,"enemies":"Gremlin Leader","floor":23,"turns":7},{"damage":11,"enemies":"Slavers","floor":25,"turns":7},{"damage":34,"enemies":"Gremlin Leader","floor":27,"turns":7}],"seed_played":"-307112433125417135","potions_obtained":[{"floor":2,"key":"Explosive Potion"},{"floor":3,"key":"Swift Potion"},{"floor":8,"key":"Strength Potion"},{"floor":11,"key":"SpeedPotion"},{"floor":25,"key":"SkillPotion"}],"is_trial":false,"path_per_floor":["M","M","M","?","?","E","R","E","T","M","E","$","M","M","R","B",null,"M","M","M","M","?","E","R","E","T","E"],"character_chosen":"DEFECT","items_purchased":["Loop"],"campfire_rested":0,"item_purchase_floors":[12],"current_hp_per_floor":[75,75,75,72,72,51,51,50,57,44,28,28,18,18,18,12,96,91,81,78,68,68,44,44,33,33,0,0],"gold":362,"neow_bonus":"THREE_ENEMY_KILL","is_daily":false,"chose_seed":false,"campfire_upgraded":3,"win_rate":0.0,"timestamp":1611922514,"path_taken":["M","M","M","?","?","E","R","E","T","M","E","$","M","M","R","BOSS","M","M","M","?","?","E","R","E","T","E"],"items_purchased_type":["Card"],"build_version":"2020-12-22","purchased_purges":1,"victory":false,"max_hp_per_floor":[75,75,75,75,75,75,75,89,96,96,96,96,96,96,96,96,96,96,96,96,96,96,96,96,96,96,96,96],"card_choices":[{"not_picked":["Turbo","Lockon"],"picked":"Consume","floor":1},{"not_picked":["Leap","Steam"],"picked":"Gash","floor":2},{"not_picked":["Redo","Sweeping Beam"],"picked":"Cold Snap","floor":3},{"not_picked":["Static Discharge","Multi-Cast"],"picked":"Ball Lightning","floor":6},{"not_picked":["Auto Shields","Streamline","Hologram"],"picked":"SKIP","floor":8},{"not_picked":["Go for the Eyes","Consume"],"picked":"Glacier","floor":10},{"not_picked":["Go for the Eyes","Lockon"],"picked":"Coolheaded","floor":11},{"not_picked":["Darkness","Coolheaded"],"picked":"Sweeping Beam","floor":13},{"not_picked":["Beam Cell","Double Energy"],"picked":"Gash","floor":14},{"not_picked":["Barrage","Skim"],"picked":"Leap+1","floor":18},{"not_picked":["Coolheaded","Consume"],"picked":"Hologram","floor":19},{"not_picked":["Ball Lightning","Force Field"],"picked":"Blizzard","floor":20},{"not_picked":["Beam Cell","Conserve Battery"],"picked":"Go for the Eyes+1","floor":21},{"not_picked":["Leap","Stack"],"picked":"Ball Lightning+1","floor":23},{"not_picked":["Cold Snap","Genetic Algorithm+1"],"picked":"Chaos","floor":25}],"player_experience":93360,"relics_obtained":[{"floor":6,"key":"Omamori"},{"floor":8,"key":"Mango"},{"floor":9,"key":"Strawberry"},{"floor":11,"key":"Orichalcum"},{"floor":23,"key":"White Beast Statue"},{"floor":25,"key":"Incense Burner"},{"floor":26,"key":"CaptainsWheel"}],"event_choices":[{"damage_healed":0,"gold_gain":0,"player_choice":"Success","damage_taken":3,"relics_obtained":["DataDisk"],"max_hp_gain":0,"max_hp_loss":0,"event_name":"Scrap Ooze","floor":4,"gold_loss":0},{"damage_healed":0,"gold_gain":0,"player_choice":"Forge","damage_taken":0,"max_hp_gain":0,"max_hp_loss":0,"event_name":"Accursed Blacksmith","floor":5,"gold_loss":0,"cards_upgraded":["Consume"]},{"damage_healed":0,"gold_gain":0,"cards_transformed":["Strike_B","Strike_B"],"player_choice":"Became Test Subject","damage_taken":0,"max_hp_gain":0,"max_hp_loss":0,"event_name":"Drug Dealer","floor":22,"gold_loss":0,"cards_obtained":["Skim","Consume"]}],"is_beta":false,"boss_relics":[{"not_picked":["Fusion Hammer","Cursed Key"],"picked":"Nuclear Battery"}],"items_purged_floors":[12],"is_endless":false,"potions_floor_spawned":[2,3,8,11,14,19,20,25],"killed_by":"Gremlin Leader","ascension_level":4}}