{"host":"1cd1aqaox6jesai3","time":1611952143,"event":{"mods":["Act Like it!","Arknights The Spire","Astrologer","Bartender","BaseMod","Colored Powertips","Googly Eyes","Hallownest","Infinite Spire","Marisa????????","Mimic Mod","Minty Spire (QoL Compilation)","Remilia_Scarlet Moed?????·?????3.3.5","Replay The Spire","StSLib","The Bladedancer","The Bug Knight","The Construct","The Hierophant"],"gold_per_floor":[131,162,162,243,276,276,310,310,382,382,402,402],"floor_reached":11,"language":"ENG","playtime":561,"items_purged":[],"score":63,"play_id":"b14e33b6-4cb7-45ef-9b7f-1069e788e035","local_time":"20210129152903","is_ascension_mode":false,"campfire_choices":[{"data":"EnergyFlow","floor":6,"key":"SMITH"}],"circlet_count":0,"master_deck":["Strike_MRS","Strike_MRS","Strike_MRS","Strike_MRS","Defend_MRS","Defend_MRS","Defend_MRS","Defend_MRS","MasterSpark+1","UpSweep","astrologer:Defend+1","HandOfGreed","EnergyFlow+1","DeepEcoloBomb","MilkyWay"],"relics":["MiniHakkero","infinitespire:BottledMercury","ReplayTheSpireMod:Ninjato"],"acts_visited":["Exordium"],"potions_floor_usage":[11],"damage_taken":[{"damage":20,"enemies":"infinitespire:Voidling","floor":1,"turns":4},{"damage":1,"enemies":"Cultist","floor":2,"turns":4},{"damage":1,"enemies":"Jaw Worm","floor":5,"turns":4},{"damage":14,"enemies":"Blue Slaver","floor":7,"turns":3},{"damage":24,"enemies":"3 Sentries","floor":11,"turns":4}],"seed_played":"456640289913592947","potions_obtained":[{"floor":1,"key":"BlessingOfTheForge"},{"floor":2,"key":"SkillPotion"}],"is_trial":false,"path_per_floor":["M","M","?","T","M","R","M","$","T","?","E"],"character_chosen":"MARISA","items_purchased":[],"campfire_rested":0,"item_purchase_floors":[],"current_hp_per_floor":[62,61,46,46,45,45,31,31,31,24,0,0],"gold":402,"neow_bonus":"RANDOM_COLORLESS_2","is_daily":false,"chose_seed":false,"campfire_upgraded":1,"win_rate":0.0,"timestamp":1611952143,"path_taken":["M","?","?","?","M","R","M","$","T","?","E"],"items_purchased_type":[],"build_version":"2020-12-22","purchased_purges":0,"victory":false,"max_hp_per_floor":[75,75,75,75,75,75,75,75,75,75,75,75],"card_choices":[{"not_picked":["Violence","Chrysalis"],"picked":"HandOfGreed","floor":0},{"not_picked":["EventHorizon","UnstableBomb"],"picked":"EnergyFlow","floor":1},{"not_picked":["WitchOfGreed","LuminesStrike","GravityBeat"],"picked":"SKIP","floor":2},{"not_picked":["WitchOfGreed","AsteroidBelt"],"picked":"DeepEcoloBomb","floor":5},{"not_picked":["GravityBeat","MeteoricShower"],"picked":"MilkyWay","floor":7}],"player_experience":178411,"relics_obtained":[{"floor":4,"key":"infinitespire:BottledMercury"},{"floor":9,"key":"ReplayTheSpireMod:Ninjato"}],"event_choices":[{"damage_healed":0,"gold_gain":0,"player_choice":"Entered Light","damage_taken":15,"max_hp_gain":0,"max_hp_loss":0,"event_name":"Shining Light","floor":3,"gold_loss":0,"cards_upgraded":["MasterSpark","astrologer:Defend"]},{"cards_removed":["HollowMod:NailStrikeStart"],"damage_healed":0,"gold_gain":0,"player_choice":"Card Removal","damage_taken":7,"max_hp_gain":0,"max_hp_loss":0,"event_name":"Golden Wing","floor":10,"gold_loss":0}],"is_beta":false,"boss_relics":[],"items_purged_floors":[],"is_endless":false,"potions_floor_spawned":[1,2],"killed_by":"3 Sentries","ascension_level":0}}