{"host":"xobdcpbm4ckypiai","time":1611891056,"event":{"mods":["BaseMod","Energized Spire","FoggyMod","Minty Spire (QoL Compilation)","Permanent Neow","Relic Stats","Reliquary","Replay The Spire","Spicy Shops","StSLib","UnlockEverythingMod","¡¾ÒÅÎï¿¨ÅÆ¡¿REMEMod"],"gold_per_floor":[109,181,198,198,17,17,17,17,17,52,127,142,173,173,173,269,269,282,482,97,112,112,112,128,28,79,439,439,457,457,457,457,558,558,571,571,571,43,93,93,143,168,214,214,214,46,46,58,58,58],"floor_reached":51,"language":"ZHS","playtime":1992,"items_purged":["Strike_G","Strike_G","Amnesia"],"score":1173,"play_id":"b269bcb2-1e1c-4f3d-ac1f-13e00fca0929","local_time":"20210129113056","is_ascension_mode":false,"campfire_choices":[{"data":"Juggernaut","floor":6.0,"key":"SMITH"},{"data":"Footwork","floor":15.0,"key":"SMITH"},{"data":"Noxious Fumes","floor":23.0,"key":"SMITH"},{"data":"Blur","floor":28,"key":"SMITH"},{"data":"Replay:Bag of Tricks","floor":30,"key":"SMITH"},{"data":"Acrobatics","floor":32,"key":"SMITH"},{"data":"After Image","floor":40,"key":"SMITH"},{"data":"Apotheosis","floor":47,"key":"SMITH"}],"circlet_count":0,"master_deck":["Defend_G","Defend_G","Defend_G","Defend_G","Defend_G","Survivor","Neutralize","Pot Of Greed","Pot Of Greed","Juggernaut+1","Blur+1","Corpse Explosion+1","Footwork+1","Replay:Bag of Tricks+1","Acrobatics+1","Noxious Fumes+1","After Image+1","Enlightenment","Apotheosis+1","Pot Of Greed","Master of Strategy"],"relics":["REME_ComplimentaryCards","Grinning Jar","reliquary:BoilingFlask","reliquary:RadioactivePellet","Sizzling Blood","reliquary:PrincelyHelmet","Mercury Hourglass","Thread and Needle","reliquary:RedCape","Bottled Tornado","Replay:Mystery Machine","Replay:Bronze Core","Eternal Feather","reliquary:IridiumChain","Unceasing Top","WingedGreaves","Ring of Greed","Ring of Chaos","Smiling Mask","The Courier","Potion Belt","Toy Ornithopter","Art of War","REME_CardOfGreed"],"acts_visited":["Exordium","TheCity","TheBeyond"],"potions_floor_usage":[50,50],"damage_taken":[{"damage":0.0,"enemies":"Cultist","floor":1.0,"turns":4.0},{"damage":0.0,"enemies":"Jaw Worm","floor":3.0,"turns":6.0},{"damage":11.0,"enemies":"3 Sentries","floor":10.0,"turns":3.0},{"damage":0.0,"enemies":"2 Louse","floor":12.0,"turns":2.0},{"damage":5.0,"enemies":"Gremlin Nob","floor":13.0,"turns":4.0},{"damage":0.0,"enemies":"Hexaghost","floor":16.0,"turns":8.0},{"damage":0.0,"enemies":"Chosen","floor":18.0,"turns":4.0},{"damage":0.0,"enemies":"3 Byrds","floor":21.0,"turns":2.0},{"damage":0.0,"enemies":"Snake Plant","floor":24.0,"turns":4.0},{"damage":0,"enemies":"Sentry and Sphere","floor":29,"turns":3},{"damage":11,"enemies":"Pondfish","floor":33,"turns":8},{"damage":0,"enemies":"3 Darklings","floor":35,"turns":3},{"damage":0,"enemies":"Mind Bloom Boss Battle","floor":39,"turns":5},{"damage":0,"enemies":"Nemesis","floor":42,"turns":5},{"damage":0,"enemies":"3 Shapes","floor":48,"turns":2},{"damage":0,"enemies":"Awakened One","floor":50,"turns":5}],"seed_played":"3350193733612528407","potions_obtained":[{"floor":16.0,"key":"Energy Potion"},{"floor":24.0,"key":"Venom Potion"},{"floor":35,"key":"Fire Potion"},{"floor":48,"key":"SkillPotion"},{"floor":49,"key":"GamblersBrew"}],"is_trial":false,"path_per_floor":["M","T","M","M","$","R","?","$","T","E","?","M","E","?","R","B",null,"M","?","$","M","?","R","M","$","T","?","R","M","R","?","R","B",null,"M","?","T","$","?","R","?","E","T","?","T","$","R","M","R","B",null],"character_chosen":"THE_SILENT","items_purchased":["reliquary:RadioactivePellet","Corpse Explosion+1","Noxious Fumes","Bottled Tornado","reliquary:IridiumChain","Unceasing Top","REME_CardOfGreed"],"campfire_rested":0,"item_purchase_floors":[5,5,20,20,38,38,46],"current_hp_per_floor":[70,70,70,70,70,70,74,74,74,67,60,64,63,63,63,67,74,74,74,74,74,74,74,74,74,74,38,38,42,42,42,42,35,74,74,74,74,74,74,74,74,74,74,64,64,64,74,74,74,74],"gold":58,"neow_bonus":"RANDOM_COMMON_RELIC","is_daily":false,"chose_seed":false,"campfire_upgraded":8,"win_rate":0.0,"timestamp":1611891056,"path_taken":["M","?","?","?","?","R","?","?","T","E","?","?","E","?","R","BOSS","M","?","$","?","?","R","?","?","T","?","R","?","R","?","R","BOSS","M","?","?","$","?","R","?","E","T","?","?","$","R","?","R","BOSS"],"items_purchased_type":["Relic","Card","Card","Relic","Relic","Relic","Relic"],"build_version":"2020-12-22","purchased_purges":3,"victory":true,"max_hp_per_floor":[70,70,70,70,70,70,74,74,74,74,74,74,74,74,74,74,74,74,74,74,74,74,74,74,74,74,74,74,74,74,74,74,74,74,74,74,74,74,74,74,74,74,74,74,74,74,74,74,74,74],"relic_stats":{"counters":[16,67],"Eternal Feather":10,"Art of War":[0],"Smiling Mask":50,"obtain_stats":[{"reliquary:PrincelyHelmet":9,"reliquary:BoilingFlask":2,"Sizzling Blood":7,"reliquary:RedCape":17,"Bottled Tornado":20,"Replay:Mystery Machine":26,"Smiling Mask":41,"Replay:Bronze Core":34,"WingedGreaves":39,"reliquary:RadioactivePellet":5,"Ring of the Snake":0,"Potion Belt":42,"Thread and Needle":13,"Eternal Feather":37,"Ring of Chaos":41,"The Courier":41,"Ring of Greed":41,"reliquary:IridiumChain":38,"Mercury Hourglass":10,"Art of War":45,"REME_CardOfGreed":46,"Grinning Jar":0,"Unceasing Top":38,"Toy Ornithopter":43,"REME_ComplimentaryCards":0},{"reliquary:PrincelyHelmet":2,"reliquary:BoilingFlask":1,"Sizzling Blood":2,"reliquary:RedCape":6,"Bottled Tornado":7,"Replay:Mystery Machine":9,"Smiling Mask":13,"Replay:Bronze Core":11,"WingedGreaves":13,"reliquary:RadioactivePellet":2,"Ring of the Snake":0,"Potion Belt":14,"Thread and Needle":5,"Eternal Feather":12,"Ring of Chaos":13,"The Courier":13,"Ring of Greed":13,"reliquary:IridiumChain":12,"Mercury Hourglass":3,"Art of War":14,"REME_CardOfGreed":14,"Grinning Jar":0,"Unceasing Top":12,"Toy Ornithopter":14,"REME_ComplimentaryCards":0},{"reliquary:PrincelyHelmet":10,"reliquary:BoilingFlask":4,"Sizzling Blood":10,"reliquary:RedCape":26,"Bottled Tornado":30,"Replay:Mystery Machine":36,"Smiling Mask":55,"Replay:Bronze Core":47,"WingedGreaves":55,"reliquary:RadioactivePellet":10,"Ring of the Snake":0,"Potion Belt":60,"Thread and Needle":18,"Eternal Feather":50,"Ring of Chaos":55,"The Courier":55,"Ring of Greed":55,"reliquary:IridiumChain":50,"Mercury Hourglass":13,"Art of War":60,"REME_CardOfGreed":60,"Grinning Jar":0,"Unceasing Top":50,"Toy Ornithopter":60,"REME_ComplimentaryCards":0}],"Unceasing Top":[1],"Toy Ornithopter":0,"Mercury Hourglass":[252]},"card_choices":[{"not_picked":["Underhanded Strike","Infinite Blades"],"picked":"Blur","floor":1.0},{"not_picked":["Flying Knee","Dagger Spray","Concentrate"],"picked":"SKIP","floor":3.0},{"not_picked":["Bane","Concentrate"],"picked":"Predator","floor":10.0},{"not_picked":["Deadly Poison","Sucker Punch"],"picked":"Footwork","floor":12.0},{"not_picked":["Quick Slash","Bane","Toxin Wave"],"picked":"SKIP","floor":13.0},{"not_picked":["Die Die Die","ReplayTheSpireMod:Necrosis"],"picked":"Replay:Bag of Tricks","floor":16.0},{"not_picked":["Flying Knee","Poisoned Stab"],"picked":"Acrobatics","floor":18.0},{"not_picked":["Masterful Stab","Riddle With Holes","Hidden Blade"],"picked":"SKIP","floor":21.0},{"not_picked":["Tactician","Cloak And Dagger","Dagger Spray"],"picked":"SKIP","floor":24.0},{"not_picked":["Cloak And Dagger","All Out Attack+1","Eviscerate"],"picked":"SKIP","floor":29},{"not_picked":["REME_ShadowForm","Doppelganger"],"picked":"After Image","floor":33},{"not_picked":["Sneak Up","Prepared","Underhanded Strike+1"],"picked":"SKIP","floor":35},{"not_picked":["PiercingWail","Dagger Throw+1","Storm of Steel"],"picked":"SKIP","floor":42},{"not_picked":["Trip","REME_ShortnessOfBreath"],"picked":"Enlightenment","floor":44},{"not_picked":["Panacea","REME_PuzzleBox"],"picked":"Apotheosis","floor":44},{"not_picked":["REME_ShortnessOfBreath","Blind"],"picked":"Master of Strategy","floor":44},{"not_picked":["Dodge and Roll","Flying Knee","Toxin Wave+1"],"picked":"SKIP","floor":48},{"not_picked":["Dodge and Roll","Flying Knee","Toxin Wave+1"],"picked":"SKIP","floor":48}],"player_experience":94179,"relics_obtained":[{"floor":2.0,"key":"reliquary:BoilingFlask"},{"floor":9.0,"key":"reliquary:PrincelyHelmet"},{"floor":10.0,"key":"Mercury Hourglass"},{"floor":13.0,"key":"Thread and Needle"},{"floor":26.0,"key":"Replay:Mystery Machine"},{"floor":37,"key":"Eternal Feather"},{"floor":39,"key":"WingedGreaves"},{"floor":41,"key":"Ring of Greed"},{"floor":41,"key":"Ring of Chaos"},{"floor":41,"key":"Smiling Mask"},{"floor":41,"key":"The Courier"},{"floor":42,"key":"Potion Belt"},{"floor":43,"key":"Toy Ornithopter"},{"floor":45,"key":"Art of War"}],"event_choices":[{"cards_removed":["Strike_G"],"damage_healed":0.0,"max_hp_gain":0.0,"max_hp_loss":0.0,"gold_gain":0.0,"event_name":"Wheel of Change","player_choice":"Card Removal","floor":4.0,"gold_loss":0.0,"damage_taken":0.0},{"damage_healed":0.0,"max_hp_gain":0.0,"max_hp_loss":0.0,"gold_gain":75.0,"event_name":"FaceTrader","player_choice":"Touch","floor":11.0,"gold_loss":0.0,"damage_taken":7.0},{"cards_removed":["Strike_G"],"damage_healed":0.0,"max_hp_gain":0.0,"max_hp_loss":0.0,"gold_gain":0.0,"event_name":"Bonfire Elementals","player_choice":"Offered Basic","floor":14.0,"gold_loss":0.0,"damage_taken":0.0},{"damage_healed":0.0,"max_hp_gain":0.0,"max_hp_loss":0.0,"gold_gain":250.0,"event_name":"The Joust","player_choice":"Bet on Owner","floor":19.0,"gold_loss":50.0,"damage_taken":0.0},{"damage_healed":0.0,"max_hp_gain":0.0,"max_hp_loss":0.0,"gold_gain":0.0,"event_name":"The Woman in Blue","player_choice":"Bought 0 Potions","floor":22.0,"gold_loss":0.0,"damage_taken":0.0},{"damage_healed":0,"gold_gain":360,"player_choice":"GOLD GOLD GOLD GOLD ","damage_taken":36,"max_hp_gain":0,"max_hp_loss":0,"event_name":"Knowing Skull","floor":27,"potions_obtained":[],"gold_loss":0,"cards_obtained":[]},{"cards_removed":["Strike_G"],"damage_healed":0,"gold_gain":0,"player_choice":"Purged","damage_taken":0,"max_hp_gain":0,"max_hp_loss":0,"event_name":"Purifier","floor":31,"gold_loss":0},{"cards_removed":["Predator"],"damage_healed":0,"gold_gain":0,"player_choice":"Removed Attack","damage_taken":0,"max_hp_gain":0,"max_hp_loss":0,"event_name":"Falling","floor":36,"gold_loss":0},{"damage_healed":0,"gold_gain":0,"player_choice":"Fight","damage_taken":0,"max_hp_gain":0,"max_hp_loss":0,"event_name":"MindBloom","floor":39,"gold_loss":0},{"damage_healed":0,"gold_gain":0,"player_choice":"Memory 3","damage_taken":10,"max_hp_gain":0,"max_hp_loss":0,"event_name":"SensoryStone","floor":44,"gold_loss":0}],"is_beta":false,"boss_relics":[{"not_picked":["Abe\u0027s Treasure","Tiny House"],"picked":"reliquary:RedCape"},{"not_picked":["energizedSpire:HugeHouse","energizedSpire:MagnifyingGlass"],"picked":"Replay:Bronze Core"}],"items_purged_floors":[20,25,46],"is_endless":false,"potions_floor_spawned":[16,24,35,39,48],"ascension_level":0}}