{"host":"9qk11wtevf51xvhl","time":1611949481,"event":{"mods":["BaseMod","Minty Spire (QoL Compilation)"],"gold_per_floor":[112,124,124,139,139,139,164,181,181,199,199,55,66,96,96,200,200,219,37,56,56,66,96,96,130,130,130,4,30,30,44,44,44,44],"floor_reached":33,"language":"ENG","playtime":3905,"items_purged":["Strike_G","Strike_G","Dagger Spray"],"score":457,"play_id":"f33e0a32-d9b5-4eee-8ad7-b83566cf6cd5","local_time":"20210129204441","is_ascension_mode":true,"campfire_choices":[{"data":"All Out Attack","floor":6,"key":"SMITH"},{"floor":11,"key":"DIG"},{"floor":15,"key":"REST"},{"floor":24,"key":"DIG"},{"floor":30,"key":"REST"},{"floor":32,"key":"DIG"}],"circlet_count":0,"master_deck":["Defend_G","Defend_G","Defend_G","Defend_G+1","Defend_G+1","Survivor","Neutralize","Heel Hook","Eviscerate","Acrobatics","Dagger Throw","All Out Attack+1","Footwork","Glass Knife","Footwork","Prepared","Envenom","Tools of the Trade","Backstab+1","Noxious Fumes","Dagger Spray+1","A Thousand Cuts+1","Backstab+1","Leg Sweep+1"],"relics":["Ring of the Snake","Shovel","Question Card","Ornamental Fan","Nunchaku","Fusion Hammer","MealTicket","Smiling Mask","Frozen Egg 2","Bottled Tornado","Meat on the Bone","PreservedInsect","Bronze Scales"],"acts_visited":["Exordium","TheCity"],"potions_floor_usage":[14,14,29,29,29,33],"damage_taken":[{"damage":0,"enemies":"Cultist","floor":1,"turns":4},{"damage":2,"enemies":"2 Louse","floor":2,"turns":3},{"damage":1,"enemies":"Small Slimes","floor":4,"turns":3},{"damage":2,"enemies":"3 Sentries","floor":7,"turns":6},{"damage":11,"enemies":"Exordium Thugs","floor":8,"turns":5},{"damage":5,"enemies":"Gremlin Gang","floor":10,"turns":3},{"damage":0,"enemies":"Looter","floor":13,"turns":3},{"damage":18,"enemies":"Lagavulin","floor":14,"turns":5},{"damage":27,"enemies":"Hexaghost","floor":16,"turns":10},{"damage":5,"enemies":"3 Byrds","floor":18,"turns":4},{"damage":2,"enemies":"Spheric Guardian","floor":20,"turns":4},{"damage":37,"enemies":"Snecko","floor":22,"turns":6},{"damage":3,"enemies":"Gremlin Leader","floor":23,"turns":5},{"damage":11,"enemies":"Book of Stabbing","floor":25,"turns":7},{"damage":19,"enemies":"Slavers","floor":29,"turns":3},{"damage":14,"enemies":"Cultist and Chosen","floor":31,"turns":6},{"damage":33,"enemies":"Collector","floor":33,"turns":6}],"seed_played":"4219185758988949461","potions_obtained":[{"floor":7,"key":"Fire Potion"},{"floor":8,"key":"Energy Potion"},{"floor":20,"key":"Fire Potion"},{"floor":22,"key":"FearPotion"},{"floor":23,"key":"SkillPotion"},{"floor":31,"key":"AttackPotion"}],"is_trial":false,"path_per_floor":["M","M","?","M","?","R","E","M","T","M","R","$","M","E","R","B",null,"M","$","M","?","M","E","R","E","T","T","$","E","R","M","R","B"],"character_chosen":"THE_SILENT","items_purchased":["Footwork","Noxious Fumes","Regen Potion"],"campfire_rested":2,"item_purchase_floors":[12,19,28],"current_hp_per_floor":[63,61,48,47,47,47,45,34,34,29,29,29,29,11,29,2,48,43,43,41,62,25,22,22,11,11,11,26,28,46,32,32,0,0],"gold":44,"neow_bonus":"TRANSFORM_TWO_CARDS","is_daily":false,"chose_seed":false,"campfire_upgraded":1,"win_rate":0.0,"timestamp":1611949481,"path_taken":["M","?","?","M","?","R","E","M","T","M","R","$","?","E","R","BOSS","M","?","M","?","?","E","R","E","T","?","?","E","R","M","R","BOSS"],"items_purchased_type":["Card","Card","Potion"],"build_version":"2020-12-22","purchased_purges":3,"victory":false,"max_hp_per_floor":[63,63,63,63,63,63,63,63,63,63,63,63,63,63,63,63,63,63,63,63,63,63,63,63,63,63,63,63,63,63,63,63,63,63],"card_choices":[{"not_picked":["PiercingWail","Flechettes"],"picked":"Acrobatics","floor":1},{"not_picked":["Endless Agony","Underhanded Strike","Acrobatics"],"picked":"SKIP","floor":2},{"not_picked":["Sucker Punch","Dodge and Roll"],"picked":"Dagger Throw","floor":4},{"not_picked":["Masterful Stab","Quick Slash"],"picked":"Footwork","floor":7},{"not_picked":["All Out Attack","Backflip"],"picked":"Dagger Spray","floor":8},{"not_picked":["Acrobatics","Deflect","Blade Dance"],"picked":"Glass Knife","floor":10},{"not_picked":["Deflect","Cloak And Dagger","Flying Knee"],"picked":"Prepared","floor":13},{"not_picked":["After Image","Grand Finale","Cloak And Dagger"],"picked":"Envenom","floor":14},{"not_picked":["Doppelganger","Grand Finale","After Image"],"picked":"Tools of the Trade","floor":16},{"not_picked":["Deflect","Skewer","Acrobatics"],"picked":"Backstab+1","floor":18},{"not_picked":["Blade Dance","Flying Knee","Escape Plan","Outmaneuver"],"picked":"SKIP","floor":20},{"not_picked":["Noxious Fumes+1","Bane+1","Acrobatics"],"picked":"Dagger Spray+1","floor":22},{"not_picked":["Eviscerate","Cloak And Dagger","Sucker Punch+1","Dagger Spray"],"picked":"SKIP","floor":23},{"not_picked":["Blur","Prepared","Dagger Spray"],"picked":"A Thousand Cuts+1","floor":25},{"not_picked":["Poisoned Stab","Dodge and Roll","Escape Plan"],"picked":"Backstab+1","floor":29},{"not_picked":["Dagger Spray+1","Heel Hook","Tactician"],"picked":"Leg Sweep+1","floor":31}],"player_experience":539694,"relics_obtained":[{"floor":7,"key":"Shovel"},{"floor":9,"key":"Question Card"},{"floor":11,"key":"Ornamental Fan"},{"floor":14,"key":"Nunchaku"},{"floor":23,"key":"MealTicket"},{"floor":24,"key":"Smiling Mask"},{"floor":25,"key":"Frozen Egg 2"},{"floor":26,"key":"Bottled Tornado"},{"floor":27,"key":"Meat on the Bone"},{"floor":29,"key":"PreservedInsect"},{"floor":32,"key":"Bronze Scales"}],"event_choices":[{"damage_healed":0,"gold_gain":0,"player_choice":"Entered Light","damage_taken":13,"max_hp_gain":0,"max_hp_loss":0,"event_name":"Shining Light","floor":3,"gold_loss":0,"cards_upgraded":["Defend_G","Defend_G"]},{"damage_healed":0,"gold_gain":0,"cards_transformed":["Strike_G"],"player_choice":"Transformed","damage_taken":0,"max_hp_gain":0,"max_hp_loss":0,"event_name":"Transmorgrifier","floor":5,"gold_loss":0,"cards_obtained":["All Out Attack"]},{"damage_healed":21,"gold_gain":0,"player_choice":"Heal","damage_taken":0,"max_hp_gain":0,"max_hp_loss":0,"event_name":"The Library","floor":21,"gold_loss":0}],"is_beta":false,"boss_relics":[{"not_picked":["Pandora\u0027s Box","Coffee Dripper"],"picked":"Fusion Hammer"}],"items_purged_floors":[12,19,28],"is_endless":false,"potions_floor_spawned":[7,8,20,22,23,31],"killed_by":"Collector","ascension_level":9}}