{"host":"5p9hybygolzp0efr","time":1611909441,"event":{"mods":["AchievementEnabler","BaseMod","Bestiary","Colored Map","Minty Spire (QoL Compilation)","Relic Stats","StSLib"],"gold_per_floor":[110,125,125,136,149,149,179,179,249,284,284,162,193,204,204,300,350,363,363,374,390,390,415,415,445,492,492,502,533,550,579,579,676,676,695,704,722,772,620,645,645,676,676,676,696,725,741,429,429,429],"floor_reached":51,"language":"ENG","playtime":3140,"items_purged":["Accuracy"],"score":1398,"play_id":"771c375a-5515-4e41-aa42-172e1bac6fba","local_time":"20210129163721","is_ascension_mode":true,"campfire_choices":[{"data":"Backflip","floor":6,"key":"SMITH"},{"data":"Survivor","floor":8,"key":"SMITH"},{"data":"Dodge and Roll","floor":15,"key":"SMITH"},{"data":"Outmaneuver","floor":24,"key":"SMITH"},{"data":"Cloak And Dagger","floor":32,"key":"SMITH"},{"data":"Blade Dance","floor":41,"key":"SMITH"},{"data":"Terror","floor":49,"key":"SMITH"}],"circlet_count":0,"master_deck":["Cloak And Dagger+1","Backflip+1","Terror+1","Blade Dance+1","Outmaneuver+1","Deep Breath"],"relics":["Ring of the Snake","WristBlade","Unceasing Top","Kunai","Ninja Scroll","Ornamental Fan","Shuriken","Pocketwatch","MealTicket","Smiling Mask","Tiny House","Happy Flower","Ice Cream","CeramicFish","Question Card","HornCleat","Coffee Dripper","FossilizedHelix","Medical Kit","TungstenRod","Meat on the Bone","Gremlin Horn","Vajra","Calipers"],"acts_visited":["TheCity","TheBeyond"],"potions_floor_usage":[],"damage_taken":[{"damage":0,"enemies":"2 Louse","floor":1,"turns":2},{"damage":0,"enemies":"Small Slimes","floor":2,"turns":1},{"damage":0,"enemies":"Jaw Worm","floor":4,"turns":3},{"damage":6,"enemies":"Exordium Wildlife","floor":5,"turns":3},{"damage":11,"enemies":"Gremlin Nob","floor":7,"turns":4},{"damage":0,"enemies":"3 Sentries","floor":10,"turns":7},{"damage":7,"enemies":"Lagavulin","floor":13,"turns":6},{"damage":2,"enemies":"Large Slime","floor":14,"turns":6},{"damage":9,"enemies":"Hexaghost","floor":16,"turns":10},{"damage":0,"enemies":"Shell Parasite","floor":18,"turns":5},{"damage":0,"enemies":"Spheric Guardian","floor":20,"turns":2},{"damage":0,"enemies":"3 Cultists","floor":21,"turns":3},{"damage":2,"enemies":"Gremlin Leader","floor":23,"turns":4},{"damage":22,"enemies":"Slavers","floor":25,"turns":7},{"damage":0,"enemies":"Snake Plant","floor":28,"turns":2},{"damage":0,"enemies":"Gremlin Leader","floor":29,"turns":2},{"damage":0,"enemies":"Shelled Parasite and Fungi","floor":30,"turns":2},{"damage":4,"enemies":"Slavers","floor":31,"turns":6},{"damage":7,"enemies":"Champ","floor":33,"turns":4},{"damage":0,"enemies":"3 Shapes","floor":35,"turns":2},{"damage":0,"enemies":"Orb Walker","floor":37,"turns":2},{"damage":0,"enemies":"Mind Bloom Boss Battle","floor":38,"turns":2},{"damage":0,"enemies":"Reptomancer","floor":40,"turns":2},{"damage":6,"enemies":"Nemesis","floor":42,"turns":3},{"damage":0,"enemies":"3 Darklings","floor":45,"turns":2},{"damage":0,"enemies":"Giant Head","floor":46,"turns":2},{"damage":0,"enemies":"Sphere and 2 Shapes","floor":47,"turns":1},{"damage":0,"enemies":"Donu and Deca","floor":50,"turns":4}],"seed_played":"-6478674449215872735","potions_obtained":[{"floor":4,"key":"Energy Potion"},{"floor":7,"key":"SpeedPotion"},{"floor":13,"key":"Regen Potion"},{"floor":35,"key":"GhostInAJar"}],"is_trial":false,"path_per_floor":["M","M","?","M","M","R","E","R","T","E","?","$","E","M","R","B",null,"M","?","M","M","$","E","R","E","T","?","M","E","M","E","R","B",null,"M","?","M","?","$","E","R","E","T","?","M","E","M","$","R","B",null],"character_chosen":"THE_SILENT","items_purchased":["Blur","Medical Kit","Calipers"],"campfire_rested":0,"item_purchase_floors":[12,39,48],"current_hp_per_floor":[77,77,70,70,64,64,53,53,53,53,41,56,49,49,49,40,76,78,78,78,78,88,86,86,64,64,64,64,64,64,60,60,53,79,79,79,79,79,88,88,88,82,82,82,82,82,82,88,88,88],"gold":429,"neow_bonus":"TEN_PERCENT_HP_BONUS","is_daily":false,"chose_seed":false,"campfire_upgraded":7,"win_rate":0.0,"timestamp":1611909441,"path_taken":["M","M","?","M","M","R","E","R","T","E","?","$","E","M","R","BOSS","M","?","M","M","$","E","R","E","T","?","M","E","M","E","R","BOSS","M","?","M","?","$","E","R","E","T","?","?","E","M","$","R","BOSS"],"items_purchased_type":["Card","Relic","Relic"],"build_version":"2020-12-22","purchased_purges":1,"victory":true,"max_hp_per_floor":[77,77,77,77,77,77,77,77,77,77,77,77,77,79,79,79,86,88,88,88,88,88,88,88,88,88,88,88,88,88,88,88,88,88,88,88,88,88,88,88,88,88,88,88,88,88,88,88,88,88],"relic_stats":{"Happy Flower":[14],"Gremlin Horn":[5,5],"counters":[28,99],"CeramicFish":9,"Smiling Mask":25,"Question Card":14,"Medical Kit":[2],"Ornamental Fan":[368],"Shuriken":[92],"MealTicket":40,"Kunai":[93],"obtain_stats":[{"Ice Cream":25,"Tiny House":17,"Calipers":48,"Singing Bowl":13,"Gremlin Horn":44,"CeramicFish":26,"Vajra":46,"Smiling Mask":11,"HornCleat":29,"WristBlade":0,"Ninja Scroll":0,"MealTicket":10,"Kunai":0,"Ring of the Snake":0,"Happy Flower":23,"Question Card":27,"Medical Kit":39,"Ornamental Fan":0,"Shuriken":0,"Coffee Dripper":34,"Unceasing Top":0,"FossilizedHelix":38,"TungstenRod":40,"Pocketwatch":7,"Meat on the Bone":42},{"Ice Cream":14,"Tiny House":9,"Calipers":27,"Singing Bowl":7,"Gremlin Horn":24,"CeramicFish":14,"Vajra":26,"Smiling Mask":6,"HornCleat":16,"WristBlade":0,"Ninja Scroll":0,"MealTicket":6,"Kunai":0,"Ring of the Snake":0,"Happy Flower":13,"Question Card":14,"Medical Kit":22,"Ornamental Fan":0,"Shuriken":0,"Coffee Dripper":19,"Unceasing Top":0,"FossilizedHelix":22,"TungstenRod":23,"Pocketwatch":5,"Meat on the Bone":24},{"Ice Cream":63,"Tiny House":42,"Calipers":95,"Singing Bowl":26,"Gremlin Horn":90,"CeramicFish":63,"Vajra":94,"Smiling Mask":20,"HornCleat":67,"WristBlade":0,"Ninja Scroll":0,"MealTicket":20,"Kunai":0,"Ring of the Snake":0,"Happy Flower":56,"Question Card":63,"Medical Kit":85,"Ornamental Fan":0,"Shuriken":0,"Coffee Dripper":79,"Unceasing Top":0,"FossilizedHelix":85,"TungstenRod":87,"Pocketwatch":13,"Meat on the Bone":90}],"Unceasing Top":[15],"TungstenRod":1,"Ring of the Snake":[28],"Pocketwatch":[21],"Meat on the Bone":0},"card_choices":[{"not_picked":["Flying Knee","Poisoned Stab"],"picked":"Acrobatics","floor":1},{"not_picked":["Backflip","Sucker Punch"],"picked":"Dodge and Roll","floor":2},{"not_picked":["Sucker Punch","Blade Dance","Prepared"],"picked":"SKIP","floor":4},{"not_picked":["Outmaneuver","Riddle With Holes"],"picked":"Phantasmal Killer","floor":5},{"not_picked":["Deadly Poison","Slice"],"picked":"Bouncing Flask","floor":7},{"not_picked":["Poisoned Stab","Setup","Backflip"],"picked":"SKIP","floor":10},{"not_picked":["Quick Slash","Sucker Punch"],"picked":"Terror","floor":13},{"not_picked":["Acrobatics","Catalyst","Sucker Punch"],"picked":"Singing Bowl","floor":14},{"not_picked":["Adrenaline","A Thousand Cuts"],"picked":"Corpse Explosion","floor":16},{"not_picked":["Deflect","Poisoned Stab","Setup"],"picked":"Singing Bowl","floor":17},{"not_picked":["Acrobatics+1","All Out Attack","Infinite Blades+1"],"picked":"Singing Bowl","floor":18},{"not_picked":["Underhanded Strike","Quick Slash+1","Dodge and Roll"],"picked":"SKIP","floor":20},{"not_picked":["Masterful Stab","Backstab"],"picked":"Outmaneuver","floor":21},{"not_picked":["Prepared","Dash+1","Dodge and Roll+1"],"picked":"SKIP","floor":23},{"not_picked":["Envenom","Infinite Blades","Accuracy"],"picked":"SKIP","floor":25},{"not_picked":["Tactician","Blade Dance","Prepared+1","Crippling Poison"],"picked":"SKIP","floor":28},{"not_picked":["Skewer","Slice","Bane","Outmaneuver"],"picked":"SKIP","floor":29},{"not_picked":["Blade Dance","Dagger Spray+1","Sucker Punch","Poisoned Stab+1"],"picked":"SKIP","floor":30},{"not_picked":["Noxious Fumes","Reflex","Dagger Throw","Unload"],"picked":"SKIP","floor":31},{"not_picked":["Prepared","Backflip+1","Escape Plan+1","Setup"],"picked":"SKIP","floor":35},{"not_picked":["Jack Of All Trades","PanicButton","Secret Weapon"],"picked":"Deep Breath","floor":36},{"not_picked":["Cloak And Dagger","All Out Attack+1","Terror+1","Leg Sweep"],"picked":"SKIP","floor":37},{"not_picked":["Backflip","Bane+1","Dagger Throw","PiercingWail"],"picked":"SKIP","floor":40},{"not_picked":["Riddle With Holes","Prepared","Dodge and Roll+1","Catalyst+1"],"picked":"SKIP","floor":42},{"not_picked":["Riddle With Holes","Deadly Poison","Well Laid Plans+1","Quick Slash"],"picked":"SKIP","floor":45},{"not_picked":["Terror+1","Dodge and Roll","Poisoned Stab+1","Riddle With Holes+1"],"picked":"SKIP","floor":46},{"not_picked":["Prepared+1","All Out Attack","Expertise","Underhanded Strike"],"picked":"SKIP","floor":47}],"player_experience":554560,"relics_obtained":[{"floor":7,"key":"Pocketwatch"},{"floor":9,"key":"Kunai"},{"floor":10,"key":"MealTicket"},{"floor":13,"key":"Singing Bowl"},{"floor":23,"key":"Happy Flower"},{"floor":25,"key":"Ice Cream"},{"floor":26,"key":"CeramicFish"},{"floor":29,"key":"HornCleat"},{"floor":38,"key":"FossilizedHelix"},{"floor":40,"key":"TungstenRod"},{"floor":42,"key":"Meat on the Bone"},{"floor":44,"key":"Gremlin Horn"},{"floor":46,"key":"Vajra"}],"event_choices":[{"cards_removed":["Cloak And Dagger"],"damage_healed":0,"gold_gain":0,"player_choice":"Card Removal","damage_taken":7,"max_hp_gain":0,"max_hp_loss":0,"event_name":"Golden Wing","floor":3,"gold_loss":0},{"damage_healed":0,"gold_gain":0,"player_choice":"Success","damage_taken":12,"relics_obtained":["Smiling Mask"],"max_hp_gain":0,"max_hp_loss":0,"event_name":"Scrap Ooze","floor":11,"gold_loss":0},{"damage_healed":0,"gold_gain":0,"player_choice":"Ignored","damage_taken":0,"max_hp_gain":0,"max_hp_loss":0,"event_name":"Vampires","floor":19,"gold_loss":0},{"damage_healed":0,"gold_gain":0,"player_choice":"Opened","damage_taken":0,"relics_obtained":["Question Card"],"max_hp_gain":0,"max_hp_loss":0,"event_name":"The Mausoleum","floor":27,"gold_loss":0},{"damage_healed":0,"gold_gain":0,"player_choice":"Memory 1","damage_taken":0,"max_hp_gain":0,"max_hp_loss":0,"event_name":"SensoryStone","floor":36,"gold_loss":0},{"damage_healed":0,"gold_gain":0,"player_choice":"Fight","damage_taken":0,"max_hp_gain":0,"max_hp_loss":0,"event_name":"MindBloom","floor":38,"gold_loss":0},{"damage_healed":0,"gold_gain":0,"player_choice":"Relic","damage_taken":0,"max_hp_gain":0,"max_hp_loss":0,"event_name":"Wheel of Change","floor":44,"gold_loss":0}],"is_beta":false,"boss_relics":[{"not_picked":["HoveringKite","Sozu"],"picked":"Tiny House"},{"not_picked":["Snecko Eye","Pandora\u0027s Box"],"picked":"Coffee Dripper"}],"items_purged_floors":[12],"is_endless":false,"potions_floor_spawned":[4,7,13,14,20,21,29,30,31,35,38,40,45,47],"ascension_level":5}}