{"host":"y6zg4wwu39otf01a","time":1611887911,"event":{"mods":["Act Like it!","Aspiration","BaseMod","Better Altar","Better Match","Better Note","Better Sensory Stone","Better Skull","Better Third Choice","Challenge The Spire","Colored Map","Colored Powertips","Conspire","GifTheSpireLib","Glutton Mod","Halation","Hermit","Highlight Path","Hubris","Infinite Spire","Mimic Mod","Minty Spire (QoL Compilation)","Puzzle Mod","Quick Restart","Random Character Button","Rare Cards Sparkle","Replay The Spire","Retaliation","Robot Space Explorer","Shade Mod","Spicy Shops","Spire Arcade","StSLib","Stuff the Spire","The Blue Laboratory","The Jungle","The Marked","thorton"],"gold_per_floor":[117,117,29,29,29,61,79,97,97,97,97,54,329,329,426,426,437,437,712,712,712,712,712,729,729,228,244,244,244,244,244],"floor_reached":33,"language":"ENG","playtime":2102,"items_purged":[],"score":387,"play_id":"afafff93-4c54-468c-8f9a-96881e4fd835","local_time":"20210128213831","is_ascension_mode":false,"campfire_choices":[{"floor":11,"key":"DIG"},{"floor":15,"key":"DIG"},{"floor":23,"key":"DIG"},{"floor":25,"key":"REST"},{"floor":28,"key":"DIG"},{"floor":32,"key":"DIG"}],"circlet_count":0,"master_deck":["RobotSpaceExplorer:Strike","RobotSpaceExplorer:Strike","RobotSpaceExplorer:Strike","RobotSpaceExplorer:Strike","RobotSpaceExplorer:Defend","RobotSpaceExplorer:Defend","RobotSpaceExplorer:Defend","RobotSpaceExplorer:Defend+1","RobotSpaceExplorer:Scan","RobotSpaceExplorer:MiniLasers","RobotSpaceExplorer:MiniDrones","Spreading Infection","ReplayTheSpireMod:Restless Dread","infinitespire:Gouge","RobotSpaceExplorer:ScrapToss","RobotSpaceExplorer:SlimeMissile","RobotSpaceExplorer:StunGrenade","RobotSpaceExplorer:Jetpack+1","Replay:BasicMightCard","Regret","RobotSpaceExplorer:Autoloader","Regret","Thinking Ahead","RobotSpaceExplorer:Discharger+1","RobotSpaceExplorer:ScrapMissile+1","infinitespire:Gouge"],"relics":["RobotSpaceExplorer:RoboCore","NeowsBlessing","Shovel","halation:PinkSoulGem","hubris:TinFlute","infinitespire:FocusingShard","Membership Card","Du-Vu Doll","hubris:TenFootPole","hubris:Teleporter","StoneCalendar","halation:HeavySnake","Pet Ghost","hubris:FruitBowl","Pear","Replay:Baseball","aspiration:TomeofQuesting","Prayer Wheel","Chemical X","Bottled Lightning","Happy Flower","War Paint","halation:TwoAmDonut","hubris:ScarierMask","Quantum Egg","RobotSpaceExplorer:FoglandsKnife"],"acts_visited":["Exordium","TheCity"],"potions_floor_usage":[33],"damage_taken":[{"damage":0,"enemies":"Small Slimes","floor":1,"turns":1},{"damage":0,"enemies":"Lagavulin","floor":6,"turns":1},{"damage":0,"enemies":"Jaw Worm","floor":7,"turns":1},{"damage":0,"enemies":"Cultist","floor":8,"turns":2},{"damage":4,"enemies":"Fading Forest","floor":16,"turns":11},{"damage":7,"enemies":"Spheric Guardian","floor":18,"turns":3},{"damage":11,"enemies":"3 Byrds","floor":27,"turns":4},{"damage":12,"enemies":"Shelled Parasite and Fungi","floor":30,"turns":4},{"damage":69,"enemies":"hubris:MusketHawk","floor":33,"turns":6}],"seed_played":"2194228546145775613","potions_obtained":[{"floor":6,"key":"RobotSpaceExplorer:RecyclePotion"},{"floor":18,"key":"LifebloodPotion"}],"is_trial":false,"path_per_floor":["M","?","$","?","?","E","M","M","T","$","R","$","?","R","B",null,"M","$","?","$","R","R","T","M","R","$","M","AVR","R","B"],"character_chosen":"RobotSpaceExplorer","items_purchased":["Shovel","Membership Card","Du-Vu Doll","hubris:Teleporter","Replay:BasicMightCard","Pet Ghost","hubris:FruitBowl","Pear","Chemical X","Bottled Lightning","Thinking Ahead","Happy Flower","War Paint","halation:TwoAmDonut"],"campfire_rested":1,"item_purchase_floors":[3,10,10,12,12,19,22,22,29,29,29,29,29,29],"current_hp_per_floor":[75,75,75,75,75,75,75,75,75,45,45,45,45,45,51,75,68,58,58,39,39,66,66,55,55,55,43,43,43,0,0],"gold":244,"neow_bonus":"THREE_ENEMY_KILL","is_daily":false,"chose_seed":false,"campfire_upgraded":0,"win_rate":0.0,"timestamp":1611887911,"path_taken":["M","?","$","?","?","E","M","?","T","?","R","$","?","R","BOSS","M","?","?","?","R","R","T","M","R","$","M","AVR","R","BOSS"],"items_purchased_type":["Relic","Relic","Relic","Relic","Card","Relic","Relic","Relic","Relic","Relic","Card","Relic","Relic","Relic"],"build_version":"2020-12-22","purchased_purges":0,"victory":false,"max_hp_per_floor":[75,75,75,75,75,75,75,75,75,75,75,75,75,75,75,75,75,75,75,90,90,90,90,90,90,90,90,90,90,90,90],"card_choices":[{"not_picked":["RobotSpaceExplorer:SurgingStrike","RobotSpaceExplorer:StunGrenade"],"picked":"RobotSpaceExplorer:MiniDrones","floor":1},{"not_picked":["infinitespire:Menacing","infinitespire:Starlight"],"picked":"infinitespire:Gouge","floor":2},{"not_picked":["RobotSpaceExplorer:SurgingShield","RobotSpaceExplorer:Electroshield"],"picked":"RobotSpaceExplorer:SlimeMissile","floor":6},{"not_picked":["RobotSpaceExplorer:StarDust","RobotSpaceExplorer:Fix"],"picked":"RobotSpaceExplorer:StunGrenade","floor":7},{"not_picked":["RobotSpaceExplorer:Autoloader","RobotSpaceExplorer:ShovelStrike"],"picked":"RobotSpaceExplorer:Jetpack","floor":8},{"not_picked":["RobotSpaceExplorer:Wormhole","RobotSpaceExplorer:TrailblazerForm"],"picked":"RobotSpaceExplorer:Autoloader","floor":16},{"not_picked":["RobotSpaceExplorer:ShovelStrike","RobotSpaceExplorer:Counterblock","RobotSpaceExplorer:GlueShot"],"picked":"SKIP","floor":18},{"not_picked":["RobotSpaceExplorer:GlueShot+1","RobotSpaceExplorer:Probe+1"],"picked":"RobotSpaceExplorer:Exploration","floor":27},{"not_picked":["RobotSpaceExplorer:FrostMissile","RobotSpaceExplorer:SurgingStrike+1"],"picked":"RobotSpaceExplorer:Discharger+1","floor":30},{"not_picked":["RobotSpaceExplorer:PowerGlove","RobotSpaceExplorer:ScrapToss"],"picked":"RobotSpaceExplorer:ScrapMissile+1","floor":30}],"player_experience":733901,"relics_obtained":[{"floor":6,"key":"hubris:TinFlute"},{"floor":9,"key":"infinitespire:FocusingShard"},{"floor":11,"key":"hubris:TenFootPole"},{"floor":15,"key":"StoneCalendar"},{"floor":23,"key":"Replay:Baseball"},{"floor":26,"key":"aspiration:TomeofQuesting"},{"floor":28,"key":"Prayer Wheel"},{"floor":32,"key":"RobotSpaceExplorer:FoglandsKnife"}],"event_choices":[{"damage_healed":0,"gold_gain":275,"player_choice":"Desecrate","damage_taken":0,"max_hp_gain":0,"max_hp_loss":0,"event_name":"Golden Shrine","floor":13,"gold_loss":0,"cards_obtained":["Regret"]},{"damage_healed":0,"gold_gain":275,"player_choice":"Desecrate","damage_taken":0,"max_hp_gain":0,"max_hp_loss":0,"event_name":"Golden Shrine","floor":20,"gold_loss":0,"cards_obtained":["Regret"]}],"is_beta":false,"boss_relics":[{"not_picked":["thethorton:CrushedCigarette","conspire:SeveredTorchhead"],"picked":"halation:HeavySnake"}],"items_purged_floors":[],"is_endless":false,"potions_floor_spawned":[6,16,18,27],"killed_by":"hubris:MusketHawk","ascension_level":0}}