{"host":"2wp95sdfrgw3k439","time":1611899922,"event":{"mods":["BaseMod","Better Altar","Better Skull","Better Third Choice","Curses Come First","Minty Spire (QoL Compilation)","Permanent Neow","StSLib"],"gold_per_floor":[111,111,111,130,153,153,177,177,249,249,289,305,329,367,367,495,495,516,431,452,30,50,94,94,94,94,135,153,153,153],"floor_reached":29,"language":"ENG","playtime":1266,"items_purged":["Strike_B"],"score":420,"play_id":"1fa6593d-98fb-4afd-ba44-32208d382034","local_time":"20210128225842","is_ascension_mode":true,"campfire_choices":[{"floor":6,"key":"REST"},{"data":"Sunder","floor":8,"key":"SMITH"},{"data":"Beam Cell","floor":10,"key":"SMITH"},{"data":"Dualcast","floor":15,"key":"SMITH"},{"floor":25,"key":"REST"}],"circlet_count":0,"master_deck":["Strike_B","Strike_B","Strike_B","Defend_B","Defend_B","Defend_B","Defend_B","Zap","Dualcast+1","Sunder+1","Beam Cell+1","Coolheaded","FTL","Auto Shields","Conserve Battery","Ball Lightning","Beam Cell+1","Creative AI","Sweeping Beam+1","Redo+1","Secret Technique","Creative AI","Barrage+1","Machine Learning","Streamline+1","White Noise","Compile Driver+1"],"relics":["Cracked Core","Anchor","Golden Idol","Pantograph","Nunchaku","Molten Egg 2","Nuclear Battery","Akabeko","DollysMirror","Tiny Chest","Lantern","Question Card"],"acts_visited":["Exordium","TheCity"],"potions_floor_usage":[11,11,14,22,27,28,29,29],"damage_taken":[{"damage":0,"enemies":"Small Slimes","floor":1,"turns":3},{"damage":1,"enemies":"Cultist","floor":4,"turns":3},{"damage":0,"enemies":"2 Louse","floor":5,"turns":2},{"damage":2,"enemies":"Red Slaver","floor":7,"turns":4},{"damage":13,"enemies":"Lagavulin","floor":11,"turns":4},{"damage":1,"enemies":"Exordium Thugs","floor":12,"turns":3},{"damage":1,"enemies":"Blue Slaver","floor":13,"turns":3},{"damage":16,"enemies":"Gremlin Nob","floor":14,"turns":3},{"damage":56,"enemies":"Hexaghost","floor":16,"turns":10},{"damage":0,"enemies":"Shell Parasite","floor":18,"turns":3},{"damage":0,"enemies":"Chosen","floor":20,"turns":3},{"damage":10,"enemies":"Centurion and Healer","floor":22,"turns":5},{"damage":35,"enemies":"Book of Stabbing","floor":23,"turns":5},{"damage":0,"enemies":"Slavers","floor":27,"turns":3},{"damage":31,"enemies":"Sentry and Sphere","floor":28,"turns":5},{"damage":15,"enemies":"Snecko","floor":29,"turns":3}],"seed_played":"9178191194777346932","potions_obtained":[{"floor":4,"key":"PowerPotion"},{"floor":7,"key":"LiquidMemories"},{"floor":11,"key":"Regen Potion"},{"floor":18,"key":"DistilledChaos"},{"floor":23,"key":"DuplicationPotion"},{"floor":24,"key":"Swift Potion"},{"floor":24,"key":"Dexterity Potion"},{"floor":27,"key":"PotionOfCapacity"}],"is_trial":false,"path_per_floor":["M","?","?","M","M","R","M","R","T","R","E","M","M","E","R","B",null,"M","?","M","$","M","E","?","R","T","E","M","M"],"character_chosen":"DEFECT","items_purchased":["Secret Technique","DollysMirror","Barrage+1"],"campfire_rested":2,"item_purchase_floors":[21,21,21],"current_hp_per_floor":[68,50,50,49,49,71,69,69,69,69,56,55,54,47,47,16,60,60,60,60,60,50,15,15,37,37,37,6,0,0],"gold":153,"neow_bonus":"RANDOM_COMMON_RELIC","is_daily":false,"chose_seed":false,"campfire_upgraded":3,"win_rate":0.0,"timestamp":1611899922,"path_taken":["M","?","?","M","?","R","M","R","T","R","E","M","M","E","R","BOSS","M","?","M","$","M","E","?","R","T","E","M","?"],"items_purchased_type":["Card","Relic","Card"],"build_version":"2020-12-22","purchased_purges":1,"victory":false,"max_hp_per_floor":[75,75,75,75,75,75,75,75,75,75,75,75,75,75,75,75,75,75,75,75,75,75,75,75,75,75,75,75,75,75],"card_choices":[{"not_picked":["Sweeping Beam","Conserve Battery"],"picked":"Sunder","floor":1},{"not_picked":["Rip and Tear","Heatsinks"],"picked":"Beam Cell","floor":4},{"not_picked":["Go for the Eyes","Turbo"],"picked":"Coolheaded","floor":5},{"not_picked":["Coolheaded","Steam"],"picked":"FTL","floor":7},{"not_picked":["Steam","Barrage"],"picked":"Auto Shields","floor":11},{"not_picked":["Go for the Eyes","Reprogram"],"picked":"Conserve Battery","floor":12},{"not_picked":["Steam","Conserve Battery"],"picked":"Ball Lightning","floor":13},{"not_picked":["Undo","Multi-Cast"],"picked":"Beam Cell+1","floor":14},{"not_picked":["Reboot","Seek"],"picked":"Creative AI","floor":16},{"not_picked":["Hologram","Loop"],"picked":"Sweeping Beam+1","floor":18},{"not_picked":["Steam","Genetic Algorithm"],"picked":"Redo+1","floor":20},{"not_picked":["Barrage+1","Go for the Eyes+1"],"picked":"Machine Learning","floor":22},{"not_picked":["Turbo","Stack+1"],"picked":"Streamline+1","floor":23},{"not_picked":["Redo+1","Lockon+1"],"picked":"White Noise","floor":27},{"not_picked":["Beam Cell+1","Gash+1","Steam"],"picked":"Compile Driver+1","floor":28}],"player_experience":495630,"relics_obtained":[{"floor":9,"key":"Pantograph"},{"floor":11,"key":"Nunchaku"},{"floor":14,"key":"Molten Egg 2"},{"floor":23,"key":"Tiny Chest"},{"floor":26,"key":"Lantern"},{"floor":27,"key":"Question Card"}],"event_choices":[{"damage_healed":0,"gold_gain":0,"player_choice":"Take Damage","damage_taken":18,"relics_obtained":["Golden Idol"],"max_hp_gain":0,"max_hp_loss":0,"event_name":"Golden Idol","floor":2,"gold_loss":0},{"damage_healed":0,"gold_gain":0,"player_choice":"Bought 0 Potions","damage_taken":0,"max_hp_gain":0,"max_hp_loss":0,"event_name":"The Woman in Blue","floor":3,"gold_loss":0},{"damage_healed":0,"gold_gain":0,"player_choice":"Obtained Relic","damage_taken":0,"relics_obtained":["Akabeko"],"max_hp_gain":0,"max_hp_loss":0,"event_name":"Addict","floor":19,"gold_loss":85},{"damage_healed":0,"gold_gain":0,"player_choice":"Got Potions","damage_taken":0,"max_hp_gain":0,"max_hp_loss":0,"event_name":"Lab","floor":24,"gold_loss":0}],"is_beta":false,"boss_relics":[{"not_picked":["Tiny House","Runic Pyramid"],"picked":"Nuclear Battery"}],"items_purged_floors":[21],"is_endless":false,"potions_floor_spawned":[4,7,11,18,23,27],"killed_by":"Snecko","ascension_level":8}}