{"host":"w36evy4uyf1bcavi","time":1611947701,"event":{"mods":["Act Like it!","Aspiration","BaseMod","ChefMod","Conspire","Hermit","Jedi Mod","Minty Spire (QoL Compilation)","Replay The Spire","Robot Space Explorer","Spicy Shops","StSLib","The Cursed","The Hierophant"],"gold_per_floor":[110,190,78,78,95,127,147,74,74,108,108,142,164,176,188,200,200],"floor_reached":16,"language":"ZHS","playtime":1290,"items_purged":["Delirium"],"score":143,"play_id":"58ff350c-df7e-43b9-b8ad-f912e2d2220a","local_time":"20210130031501","is_ascension_mode":false,"campfire_choices":[{"floor":11,"key":"REST"},{"data":"conspire:Banana","floor":15,"key":"SMITH"}],"circlet_count":0,"master_deck":["chefmod:Strike","chefmod:Strike","chefmod:Strike","chefmod:Strike","chefmod:QuickThaw","chefmod:Defend","chefmod:Defend","chefmod:Defend","chefmod:TodaysSpecial","chefmod:VegetableTart","chefmod:CayenneCloud","chefmod:Fillet","chefmod:IceCreamCone","chefmod:BleedOut","chefmod:IcePick","chefmod:HotSoup","chefmod:Defrost","conspire:Banana+1"],"relics":["chefmod:TrustyPot","NeowsBlessing","Peace Pipe","Blood Vial","Iron Hammer","Nunchaku","MawBank"],"acts_visited":["Exordium"],"potions_floor_usage":[],"damage_taken":[{"damage":0,"enemies":"Jaw Worm","floor":1,"turns":2},{"damage":0,"enemies":"2 Louse","floor":5,"turns":1},{"damage":0,"enemies":"3 Sentries","floor":6,"turns":1},{"damage":0,"enemies":"conspire:RoseBush","floor":7,"turns":2},{"damage":29,"enemies":"Gremlin Nob","floor":10,"turns":5},{"damage":10,"enemies":"Lagavulin","floor":12,"turns":4},{"damage":2,"enemies":"Red Slaver","floor":13,"turns":3},{"damage":100,"enemies":"Fading Forest","floor":16,"turns":10}],"seed_played":"1169170615409394922","potions_obtained":[{"floor":5,"key":"EntropicBrew"},{"floor":6,"key":"Venom Potion"},{"floor":12,"key":"SpeedPotion"}],"is_trial":false,"path_per_floor":["M","?","$","?","M","E","M","$","T","E","R","E","M","?","R","B"],"character_chosen":"THE_CHEF","items_purchased":["chefmod:CayenneCloud","Blood Vial"],"campfire_rested":1,"item_purchase_floors":[3,8],"current_hp_per_floor":[76,76,76,76,76,76,76,76,76,47,69,61,61,61,61,0,0],"gold":200,"neow_bonus":"THREE_ENEMY_KILL","is_daily":false,"chose_seed":false,"campfire_upgraded":1,"win_rate":0.0,"timestamp":1611947701,"path_taken":["M","?","$","?","?","E","M","$","T","E","R","E","M","?","R","BOSS"],"items_purchased_type":["Card","Relic"],"build_version":"2020-12-22","purchased_purges":1,"victory":false,"max_hp_per_floor":[76,76,76,76,76,76,76,76,76,76,76,76,76,76,76,78,78],"card_choices":[{"not_picked":["chefmod:BaoBuns","chefmod:Defrost"],"picked":"chefmod:VegetableTart","floor":1},{"not_picked":["chefmod:ColdSteel","chefmod:IcePick"],"picked":"chefmod:Fillet","floor":5},{"not_picked":["chefmod:CayenneCloud","chefmod:HotSoup"],"picked":"chefmod:IceCreamCone","floor":6},{"not_picked":["chefmod:CapreseSalad","chefmod:Defrost"],"picked":"chefmod:BleedOut","floor":7},{"not_picked":["chefmod:QuickChop","chefmod:Ratatouille"],"picked":"chefmod:IcePick","floor":10},{"not_picked":["chefmod:IcePick","chefmod:SliceAndDice"],"picked":"chefmod:HotSoup","floor":12},{"not_picked":["chefmod:SliceAndDice","chefmod:DinoKale"],"picked":"chefmod:Defrost","floor":13}],"player_experience":462138,"relics_obtained":[{"floor":6,"key":"Peace Pipe"},{"floor":9,"key":"Iron Hammer"},{"floor":10,"key":"Nunchaku"},{"floor":12,"key":"MawBank"}],"event_choices":[{"cards_removed":["chefmod:Defend"],"damage_healed":0,"gold_gain":0,"player_choice":"Purged","damage_taken":0,"max_hp_gain":0,"max_hp_loss":0,"event_name":"Purifier","floor":4,"gold_loss":0},{"damage_healed":0,"gold_gain":0,"player_choice":"1 cards matched","damage_taken":0,"max_hp_gain":0,"max_hp_loss":0,"event_name":"Match and Keep!","floor":14,"gold_loss":0,"cards_obtained":["conspire:Banana"]}],"is_beta":false,"boss_relics":[],"items_purged_floors":[3],"is_endless":false,"potions_floor_spawned":[5,6,12],"killed_by":"Fading Forest","ascension_level":0}}