{"host":"snjtcuf7krqplf70","time":1611952491,"event":{"mods":["AchievementEnabler","BaseMod","Colored Map","Colored Powertips","Minty Spire (QoL Compilation)","StSLib"],"gold_per_floor":[119,138,157,82,96,96,96,125,125,135,145,145,145,158,158,259,259,278,278,278,278,75,75,174,174,225,64,98,98,126,126,126,126,126],"floor_reached":33,"language":"ENG","playtime":1497,"items_purged":["Defend_P","Writhe"],"score":345,"play_id":"e2e38f74-716c-49cb-bdf5-4494905a6353","local_time":"20210129123451","is_ascension_mode":true,"campfire_choices":[{"data":"Alpha","floor":6,"key":"SMITH"},{"floor":12,"key":"REST"},{"floor":15,"key":"REST"},{"data":"Ghostly","floor":23,"key":"SMITH"},{"data":"Ghostly","floor":25,"key":"SMITH"},{"data":"Secret Technique","floor":29,"key":"SMITH"},{"data":"Ghostly","floor":32,"key":"SMITH"}],"circlet_count":0,"master_deck":["Defend_P","Defend_P","Defend_P","Eruption","Vigilance","Alpha+1","Evaluate","ThirdEye+1","Judgement","ThirdEye","ThirdEye","MasterReality","CurseOfTheBell","Bite","Bite","Bite","Bite","Bite","Ghostly+1","Ghostly","Ghostly","Ghostly+1","Ghostly+1","Secret Technique+1","Vault"],"relics":["PureWater","Juzu Bracelet","Calling Bell","Smiling Mask","Sundial","Prayer Wheel","Torii","Bag of Preparation","MawBank","CaptainsWheel","Strawberry"],"acts_visited":["Exordium","TheCity"],"potions_floor_usage":[16,28,28,30],"damage_taken":[{"damage":12,"enemies":"2 Louse","floor":1,"turns":3},{"damage":6,"enemies":"Cultist","floor":2,"turns":3},{"damage":2,"enemies":"Small Slimes","floor":3,"turns":5},{"damage":8,"enemies":"Blue Slaver","floor":5,"turns":4},{"damage":36,"enemies":"Lagavulin","floor":8,"turns":5},{"damage":0,"enemies":"Exordium Thugs","floor":10,"turns":3},{"damage":5,"enemies":"3 Louse","floor":11,"turns":3},{"damage":0,"enemies":"Looter","floor":14,"turns":3},{"damage":10,"enemies":"Hexaghost","floor":16,"turns":7},{"damage":16,"enemies":"3 Byrds","floor":18,"turns":5},{"damage":16,"enemies":"Gremlin Leader","floor":28,"turns":8},{"damage":7,"enemies":"Book of Stabbing","floor":30,"turns":6},{"damage":37,"enemies":"Automaton","floor":33,"turns":7}],"seed_played":"-5872140667577369626","potions_obtained":[{"floor":3,"key":"GamblersBrew"},{"floor":5,"key":"Energy Potion"},{"floor":10,"key":"Swift Potion"},{"floor":16,"key":"Ancient Potion"},{"floor":18,"key":"DistilledChaos"}],"is_trial":false,"path_per_floor":["M","M","M","$","M","R","?","E","T","M","M","R","?","M","R","B",null,"M","?","?","?","$","R","?","R","T","$","E","R","E","?","R","B"],"character_chosen":"WATCHER","items_purchased":["Bag of Preparation","Secret Technique"],"campfire_rested":2,"item_purchase_floors":[22,27],"current_hp_per_floor":[60,54,52,52,44,44,44,8,8,8,3,24,17,17,38,28,72,56,56,50,25,25,25,25,25,25,25,25,25,32,32,32,0,0],"gold":126,"neow_bonus":"ONE_RANDOM_RARE_CARD","is_daily":false,"chose_seed":false,"campfire_upgraded":5,"win_rate":0.0,"timestamp":1611952491,"path_taken":["M","M","M","$","M","R","?","E","T","M","M","R","?","M","R","BOSS","M","?","?","?","$","R","?","R","T","$","E","R","E","?","R","BOSS"],"items_purchased_type":["Relic","Card"],"build_version":"2020-12-22","purchased_purges":2,"victory":false,"max_hp_per_floor":[72,72,72,72,72,72,72,72,72,72,72,72,72,72,72,72,72,72,72,50,25,25,25,25,25,25,25,25,25,32,32,32,32,32],"card_choices":[{"not_picked":["Halt","Fasting2"],"picked":"Evaluate","floor":1},{"not_picked":["WheelKick","EmptyBody","MentalFortress"],"picked":"SKIP","floor":2},{"not_picked":["Meditate","WheelKick","Worship"],"picked":"SKIP","floor":3},{"not_picked":["JustLucky","EmptyBody"],"picked":"ThirdEye","floor":5},{"not_picked":["FollowUp","Sanctity"],"picked":"Judgement","floor":8},{"not_picked":["Evaluate","Sanctity","Worship"],"picked":"SKIP","floor":10},{"not_picked":["BowlingBash","PathToVictory"],"picked":"ThirdEye","floor":11},{"not_picked":["FlurryOfBlows","PathToVictory"],"picked":"ThirdEye","floor":14},{"not_picked":["Wish","LessonLearned"],"picked":"MasterReality","floor":16},{"not_picked":["Nirvana","Worship","FlyingSleeves"],"picked":"SKIP","floor":18},{"not_picked":["Vengeance","FlyingSleeves","WheelKick"],"picked":"SKIP","floor":18},{"not_picked":["JustLucky+1","MentalFortress","EmptyFist"],"picked":"SKIP","floor":28},{"not_picked":["ThirdEye","EmptyFist","CutThroughFate"],"picked":"SKIP","floor":30}],"player_experience":144303,"relics_obtained":[{"floor":8,"key":"Juzu Bracelet"},{"floor":17,"key":"Smiling Mask"},{"floor":17,"key":"Sundial"},{"floor":17,"key":"Prayer Wheel"},{"floor":26,"key":"MawBank"},{"floor":28,"key":"CaptainsWheel"},{"floor":30,"key":"Strawberry"}],"event_choices":[{"damage_healed":0,"gold_gain":0,"player_choice":"Upgraded","damage_taken":0,"max_hp_gain":0,"max_hp_loss":0,"event_name":"Upgrade Shrine","floor":7,"gold_loss":0,"cards_upgraded":["ThirdEye"]},{"cards_removed":["Strike_P"],"damage_healed":0,"gold_gain":0,"player_choice":"Card Removal","damage_taken":7,"max_hp_gain":0,"max_hp_loss":0,"event_name":"Golden Wing","floor":13,"gold_loss":0},{"damage_healed":0,"gold_gain":0,"player_choice":"Opened","damage_taken":0,"relics_obtained":["Torii"],"max_hp_gain":0,"max_hp_loss":0,"event_name":"The Mausoleum","floor":19,"gold_loss":0,"cards_obtained":["Writhe"]},{"damage_healed":0,"gold_gain":0,"player_choice":"Became a vampire","damage_taken":0,"max_hp_gain":0,"max_hp_loss":22,"event_name":"Vampires","floor":20,"gold_loss":0,"cards_obtained":["Bite","Bite","Bite","Bite","Bite"]},{"damage_healed":0,"gold_gain":0,"player_choice":"Became a Ghost","damage_taken":0,"max_hp_gain":0,"max_hp_loss":25,"event_name":"Ghosts","floor":21,"gold_loss":0,"cards_obtained":["Ghostly","Ghostly","Ghostly","Ghostly","Ghostly"]},{"damage_healed":0,"gold_gain":99,"player_choice":"Stole From Cult","damage_taken":0,"max_hp_gain":0,"max_hp_loss":0,"event_name":"Nest","floor":24,"gold_loss":0},{"damage_healed":0,"gold_gain":0,"player_choice":"Read","damage_taken":0,"max_hp_gain":0,"max_hp_loss":0,"event_name":"The Library","floor":31,"gold_loss":0,"cards_obtained":["Vault"]}],"is_beta":false,"boss_relics":[{"not_picked":["Velvet Choker","Runic Dome"],"picked":"Calling Bell"}],"items_purged_floors":[4,22],"is_endless":false,"potions_floor_spawned":[3,5,10,14,16,18],"killed_by":"Automaton","ascension_level":1}}