{"host":"o3b7ow6d1xe49css","time":1611922532,"event":{"mods":["Act Like it!","Aspiration","BaseMod","Bestiary","Better Altar","Better Match","Better Note","Better Sensory Stone","Better Skull","Better Third Choice","Colored Powertips","Conspire","Energized Spire","Force Act Four","GifTheSpireLib","Halation","Hermit","Hubris","Infinite Spire","Lobotomy","Minty Spire (QoL Compilation)","Quick Restart","Relic Filter Mod","Reliquary","Replay The Spire","Spicy Shops","Spikes Relics","Spire Arcade","StSLib","Stuff the Spire","The Blue Laboratory","Wandering Minibosses"],"gold_per_floor":[110,122,142,157,157,182,215,215,238,264,299,299,327,345,345,441,441,452,467,482,482,482,507,507,532,532,109,109,143,143,177,177,272,272,289,301,352,352,352,380,380,380,405,405,437,286,286,42,42,146,146,146,34,34,129],"floor_reached":56,"language":"ENG","playtime":1788,"items_purged":["Strike_R","Strike_R","Strike_R"],"score":2193,"play_id":"e9023614-265b-4705-b97e-52ed79231aa4","local_time":"20210129031532","daily_mods":["Heirloom","Flight"],"is_ascension_mode":true,"campfire_choices":[{"data":"BlessedFruit","floor":8,"key":"SMITH"},{"data":"BlessedFruit","floor":15,"key":"SMITH"},{"data":"Limit Break","floor":24,"key":"SMITH"},{"floor":28,"key":"RECALL"},{"data":"Disarm","floor":30,"key":"SMITH"},{"data":"Infernal Blade","floor":32,"key":"SMITH"},{"data":"Limit Break","floor":41,"key":"SMITH"},{"data":"1","floor":44,"key":"LIFT"},{"data":"2","floor":47,"key":"LIFT"},{"data":"3","floor":49,"key":"LIFT"},{"data":"True Grit","floor":52,"key":"SMITH"}],"circlet_count":0,"master_deck":["Strike_R","Defend_R","Defend_R","Defend_R+1","Defend_R","Bash","Sword Boomerang","Mercenary","Infernal Blade+1","OSAHOGD","Scorched","hubris:StunningStrike+1","OldLady","UniverseFragment","Disarm+1","Anger","Cleave","Limit Break+1","True Grit+1","GreedKing","Anger","hubris:DuctTapeCard","Shrug It Off+1","Offering+1","Limit Break+1","StuffTheSpire:Slingshot+1","Battle Trance+1"],"relics":["Burning Blood","Ring of Chaos","aspiration:AnachronicSnailShell","CogitoBucket","HeavenlyBonsai","Regal Pillow","Red Skull","Pet Ghost","Juzu Bracelet","hubris:IronBody","Theresia","infinitespire:Burning Sword","hubris:MedicalManual","conspire:Dentures","MiniBlackHole","Blood Vial","Bag of Marbles","hubris:DuctTape","Meat on the Bone","energizedSpire:EnergizedDie","wanderingMiniBosses:CarrionFlame","ResearcherNote","RetroEgg","reliquary:SilkGlove","aspiration:HummingbirdHeart","Girya","Gremlin Food","halation:KoshaPiece","War Paint","infinitespire:EmpoweringShard","hubris:TerracottaHorce","Ring of Chaos","Turnip"],"acts_visited":["Exordium","TheCity","TheBeyond","Exordium","TheEnding"],"potions_floor_usage":[7,11,18,20,29,55,55,55],"damage_taken":[{"damage":0,"enemies":"Small Slimes","floor":1,"turns":3},{"damage":3,"enemies":"Cultist","floor":2,"turns":3},{"damage":17,"enemies":"2 Louse","floor":3,"turns":6},{"damage":0,"enemies":"Lots of Slimes","floor":4,"turns":1},{"damage":10,"enemies":"Gremlin Nob","floor":6,"turns":4},{"damage":9,"enemies":"3 Sentries","floor":7,"turns":4},{"damage":26,"enemies":"Lagavulin","floor":10,"turns":7},{"damage":20,"enemies":"3 Sentries","floor":11,"turns":3},{"damage":1,"enemies":"Lagavulin","floor":13,"turns":3},{"damage":12,"enemies":"Looter","floor":14,"turns":2},{"damage":2,"enemies":"Slime Boss","floor":16,"turns":4},{"damage":12,"enemies":"2 Thieves","floor":18,"turns":2},{"damage":12,"enemies":"Shell Parasite","floor":19,"turns":3},{"damage":35,"enemies":"Snecko","floor":20,"turns":6},{"damage":12,"enemies":"Nightmare","floor":23,"turns":5},{"damage":0,"enemies":"Gremlin Leader","floor":25,"turns":3},{"damage":9,"enemies":"Slavers","floor":29,"turns":2},{"damage":2,"enemies":"Gremlin Leader","floor":31,"turns":3},{"damage":25,"enemies":"Champ","floor":33,"turns":7},{"damage":7,"enemies":"Orb Walker","floor":35,"turns":3},{"damage":22,"enemies":"3 Shapes","floor":36,"turns":3},{"damage":11,"enemies":"R_Hoarder","floor":40,"turns":5},{"damage":45,"enemies":"Nightmare","floor":42,"turns":6},{"damage":6,"enemies":"Giant Head","floor":45,"turns":2},{"damage":10,"enemies":"conspire:OrnateMirror","floor":50,"turns":5},{"damage":6,"enemies":"Shield and Spear","floor":54,"turns":2},{"damage":13,"enemies":"The Heart","floor":55,"turns":3}],"seed_played":"-5832850861939006856","potions_obtained":[{"floor":3,"key":"blueLaboratory:CorrosionFlask"},{"floor":6,"key":"blueLaboratory:FrostheartPotion"},{"floor":7,"key":"blueLaboratory:BottledHope"},{"floor":10,"key":"FearPotion"},{"floor":13,"key":"blueLaboratory:AbyssPotion"},{"floor":14,"key":"blueLaboratory:BottleOfVodka"},{"floor":19,"key":"blueLaboratory:RecallPotion"},{"floor":20,"key":"Reflective Coating"},{"floor":31,"key":"Dexterity Potion"},{"floor":45,"key":"LiquidMemories"},{"floor":54,"key":"blueLaboratory:BottleOfRum"}],"is_trial":true,"path_per_floor":["M","M","M","M","?","E","E","R","T","E","E","?","E","M","R","B",null,"M","M","M","AVR","?","NM","R","E","T","$","R","E","R","E","R","B",null,"M","M","?","AVR","?","E","R","NM","T","R","E","$","R","$","R","B",null,"R","$","E","B",null],"character_chosen":"IRONCLAD","items_purchased":["Blood Vial","Bag of Marbles","SteroidPotion","War Paint","infinitespire:EmpoweringShard","DistilledChaos"],"campfire_rested":0,"item_purchase_floors":[27,27,27,46,48,53],"current_hp_per_floor":[80,80,69,75,75,71,69,69,69,52,41,41,48,42,42,50,82,78,76,51,51,51,49,49,59,59,59,59,58,58,68,68,67,106,113,103,72,72,72,77,77,56,56,56,74,74,74,74,74,88,143,143,143,149,148],"gold":129,"neow_bonus":"","is_daily":false,"chose_seed":false,"campfire_upgraded":7,"win_rate":0.0,"timestamp":1611922532,"path_taken":["M","M","M","M","?","E","E","R","T","E","E","?","E","M","R","BOSS","M","M","M","AVR","?","NM","R","E","T","$","R","E","R","E","R","BOSS","M","M","?","AVR","?","E","R","NM","T","R","E","$","R","$","R","BOSS","R","$","E","BOSS"],"items_purchased_type":["Relic","Relic","Potion","Relic","Relic","Potion"],"build_version":"2020-12-22","purchased_purges":3,"victory":true,"max_hp_per_floor":[80,80,80,80,80,80,81,81,81,84,87,87,89,89,89,93,93,95,99,103,103,103,107,107,111,111,111,111,111,111,115,115,119,119,123,127,127,127,127,135,135,139,139,139,143,143,143,143,143,147,147,147,147,151,155],"card_choices":[{"not_picked":["Wild Strike","Replay:Undeath\u0027s Touch"],"picked":"Sword Boomerang","floor":1},{"not_picked":["Bloodbath","CherryBlossoms"],"picked":"Mercenary","floor":1},{"not_picked":["Perfected Strike","Havoc"],"picked":"Infernal Blade","floor":2},{"not_picked":["OldLady","Murderer"],"picked":"OSAHOGD","floor":2},{"not_picked":["WallGazer","BeautyBeast"],"picked":"Scorched","floor":3},{"not_picked":["Evolve","Perfected Strike"],"picked":"hubris:StunningStrike","floor":3},{"not_picked":["CherryBlossoms","LaLuna","CrumblingArmor"],"picked":"Singing Bowl","floor":4},{"not_picked":["PunishingBird","Freischutz"],"picked":"OldLady","floor":4},{"not_picked":["Absolvement","ReplayTheSpireMod:Limb From Limb","Warcry"],"picked":"SKIP","floor":4},{"not_picked":["MeatLantern","LittleHelper"],"picked":"UniverseFragment","floor":6},{"not_picked":["Twin Strike","Replay:Undeath\u0027s Touch","Wild Strike"],"picked":"SKIP","floor":6},{"not_picked":["Wellcheers","SpiderBud","WallGazer"],"picked":"Singing Bowl","floor":7},{"not_picked":["Searing Blow","Evolve","Dropkick"],"picked":"SKIP","floor":7},{"not_picked":["Clothesline","StuffTheSpire:Resist"],"picked":"Disarm","floor":10},{"not_picked":["WallGazer","ShyLook","Yin"],"picked":"Singing Bowl","floor":10},{"not_picked":["Rudolta","BeautyBeast","Wellcheers"],"picked":"Singing Bowl","floor":11},{"not_picked":["hubris:SharpeningStone","Armaments"],"picked":"Anger","floor":11},{"not_picked":["Blood for Blood","StuffTheSpire:RockThrow"],"picked":"Cleave","floor":13},{"not_picked":["WallGazer","CherryBlossoms","MHz"],"picked":"Singing Bowl","floor":13},{"not_picked":["DespairKnight","BeautyBeast","FairyFestival"],"picked":"Singing Bowl","floor":14},{"not_picked":["Perfected Strike","Sentinel","Entrench"],"picked":"SKIP","floor":14},{"not_picked":["Exhume","Double Tap"],"picked":"Limit Break","floor":16},{"not_picked":["PunishingBird","ShyLook","VoidDream"],"picked":"Singing Bowl","floor":16},{"not_picked":["Scarecrow","Wellcheers","BeautyBeast"],"picked":"Singing Bowl","floor":18},{"not_picked":["Perfected Strike","Run Through","Replay:Undeath\u0027s Touch+1"],"picked":"SKIP","floor":18},{"not_picked":["Rudolta","BeautyBeast","SilentOrchestra"],"picked":"Singing Bowl","floor":19},{"not_picked":["Seeing Red+1","Run Through+1"],"picked":"True Grit","floor":19},{"not_picked":["CrumblingArmor","SpiderBud"],"picked":"GreedKing","floor":20},{"not_picked":["conspire:ExplosiveBarrier","Clothesline","Cleave+1"],"picked":"SKIP","floor":20},{"not_picked":["Carnage","StuffTheSpire:RockThrow"],"picked":"Anger","floor":23},{"not_picked":["CrumblingArmor","RedShoes","FairyFestival"],"picked":"Singing Bowl","floor":23},{"not_picked":["MeltingLove","MeatLantern","BigBird"],"picked":"Singing Bowl","floor":25},{"not_picked":["Clothesline","Seeing Red+1","Evolve"],"picked":"SKIP","floor":25},{"not_picked":["Anger","Double Tap"],"picked":"Shrug It Off+1","floor":29},{"not_picked":["RedShoes","CrumblingArmor","SnowQueen"],"picked":"Singing Bowl","floor":31},{"not_picked":["Havoc","Clash","ReplayTheSpireMod:Corrosion Curse"],"picked":"SKIP","floor":31},{"not_picked":["Exhume","StuffTheSpire:TitanForm"],"picked":"Offering","floor":33},{"not_picked":["NothingThere","NakedNest","SpiderBud"],"picked":"Singing Bowl","floor":33},{"not_picked":["Headbutt+1","Flex+1","StuffTheSpire:BloodClot"],"picked":"SKIP","floor":35},{"not_picked":["VoidDream","Freischutz","Scarecrow"],"picked":"Singing Bowl","floor":36},{"not_picked":["ReplayTheSpireMod:Corrosion Curse+1","Anger","Metallicize+1"],"picked":"SKIP","floor":36},{"not_picked":["Clash+1","Heavy Blade"],"picked":"Limit Break","floor":37},{"not_picked":["Bloodbath","BlackArmy","Woodsman"],"picked":"Singing Bowl","floor":40},{"not_picked":["Headbutt+1","Anger+1"],"picked":"Battle Trance+1","floor":40},{"not_picked":["conspire:ExplosiveBarrier+1","Armaments","Exhume"],"picked":"SKIP","floor":42},{"not_picked":["ShyLook","BlackArmy","MeltingLove"],"picked":"Singing Bowl","floor":45},{"not_picked":["Disarm+1","conspire:Charge","Power Through"],"picked":"SKIP","floor":45},{"not_picked":["Twin Strike","Rampage+1","Combust"],"picked":"SKIP","floor":54},{"not_picked":["Twin Strike","Rampage+1","Combust"],"picked":"SKIP","floor":54}],"player_experience":1896577,"relics_obtained":[{"floor":6,"key":"HeavenlyBonsai"},{"floor":7,"key":"Regal Pillow"},{"floor":9,"key":"Red Skull"},{"floor":10,"key":"Pet Ghost"},{"floor":11,"key":"Juzu Bracelet"},{"floor":13,"key":"hubris:IronBody"},{"floor":23,"key":"conspire:Dentures"},{"floor":25,"key":"MiniBlackHole"},{"floor":29,"key":"hubris:DuctTape"},{"floor":31,"key":"Meat on the Bone"},{"floor":35,"key":"wanderingMiniBosses:CarrionFlame"},{"floor":37,"key":"RetroEgg"},{"floor":40,"key":"aspiration:HummingbirdHeart"},{"floor":42,"key":"Girya"},{"floor":43,"key":"Gremlin Food"},{"floor":45,"key":"halation:KoshaPiece"},{"floor":54,"key":"Turnip"}],"event_choices":[{"damage_healed":0,"gold_gain":0,"player_choice":"Forge","damage_taken":0,"max_hp_gain":0,"max_hp_loss":0,"event_name":"Accursed Blacksmith","floor":12,"gold_loss":0,"cards_upgraded":["hubris:StunningStrike"]},{"damage_healed":0,"gold_gain":0,"player_choice":"Ignored","damage_taken":0,"max_hp_gain":0,"max_hp_loss":0,"event_name":"betterNote:BetterNote","floor":22,"gold_loss":0,"cards_obtained":["Strike_P"]}],"is_beta":false,"boss_relics":[{"not_picked":["hubris:VirtuousBlindfold","StuffTheSpire:RunicConfusion"],"picked":"infinitespire:Burning Sword"},{"not_picked":["hubris:RunicObelisk","energizedSpire:StickyHand"],"picked":"energizedSpire:EnergizedDie"},{"not_picked":["conspire:SlowCooker","reliquary:KinkedSpring"],"picked":"hubris:TerracottaHorce"}],"items_purged_floors":[21,27,38],"is_endless":true,"potions_floor_spawned":[3,6,7,10,13,14,19,20,25,31,45,54],"ascension_level":10}}