{"host":"o3b7ow6d1xe49css","time":1611911040,"event":{"mods":["Act Like it!","Aspiration","BaseMod","Bestiary","Better Altar","Better Match","Better Note","Better Sensory Stone","Better Skull","Better Third Choice","Colored Powertips","Conspire","Energized Spire","Force Act Four","GifTheSpireLib","Halation","Hermit","Hubris","Infinite Spire","Lobotomy","Minty Spire (QoL Compilation)","Quick Restart","Relic Filter Mod","Reliquary","Replay The Spire","Spicy Shops","Spikes Relics","Spire Arcade","StSLib","Stuff the Spire","The Blue Laboratory","Wandering Minibosses"],"gold_per_floor":[114,134,151,166,166,194,194,227,227,250,285,285,300,300,300],"floor_reached":14,"language":"ENG","playtime":620,"items_purged":[],"score":138,"play_id":"5eee523b-0d21-447e-bf90-aca446f9ec60","local_time":"20210129000400","daily_mods":["Heirloom","Flight"],"is_ascension_mode":true,"campfire_choices":[{"data":"Zap","floor":7,"key":"SMITH"},{"floor":12,"key":"REST"}],"circlet_count":0,"master_deck":["Strike_B","Strike_B","Strike_B","Strike_B","Defend_B","Defend_B","Defend_B","Defend_B","Zap+1","Dualcast","Redo","hubris:Ukulele","StuffTheSpire:Plugnplay","UniverseFragment","Scorched","Coolheaded","Capacitor","OSAHOGD","Leap"],"relics":["Cracked Core","Ring of Chaos","Mango","CogitoBucket","StuffTheSpire:Tea","hubris:RGBLights","Odd Mushroom","Gremlin Horn"],"acts_visited":["Exordium"],"potions_floor_usage":[6,8,11],"damage_taken":[{"damage":5,"enemies":"2 Louse","floor":1,"turns":2},{"damage":4,"enemies":"Small Slimes","floor":2,"turns":3},{"damage":0,"enemies":"Cultist","floor":3,"turns":2},{"damage":9,"enemies":"Red Slaver","floor":4,"turns":3},{"damage":8,"enemies":"Gremlin Nob","floor":6,"turns":3},{"damage":19,"enemies":"3 Sentries","floor":8,"turns":7},{"damage":0,"enemies":"The Mushroom Lair","floor":10,"turns":1},{"damage":26,"enemies":"Lagavulin","floor":11,"turns":5},{"damage":32,"enemies":"Blue Slaver","floor":13,"turns":3},{"damage":18,"enemies":"3 Sentries","floor":14,"turns":2}],"seed_played":"-1287788589442103569","potions_obtained":[{"floor":4,"key":"DistilledChaos"},{"floor":6,"key":"Elixir"},{"floor":10,"key":"blueLaboratory:RelayPotion"},{"floor":11,"key":"SteroidPotion"}],"is_trial":true,"path_per_floor":["M","M","M","M","?","E","R","E","T","?","E","R","M","E"],"character_chosen":"DEFECT","items_purchased":[],"campfire_rested":1,"item_purchase_floors":[],"current_hp_per_floor":[84,80,80,71,71,63,63,44,44,44,18,44,12,0,0],"gold":300,"neow_bonus":"","is_daily":false,"chose_seed":false,"campfire_upgraded":1,"win_rate":0.0,"timestamp":1611911040,"path_taken":["M","M","M","M","?","E","R","E","T","?","E","R","M","E"],"items_purchased_type":[],"build_version":"2020-12-22","purchased_purges":0,"victory":false,"max_hp_per_floor":[89,89,89,89,89,89,89,89,89,89,89,89,89,89,89],"card_choices":[{"not_picked":["FairyFestival","VoidDream","BigBadWolf"],"picked":"Singing Bowl","floor":1},{"not_picked":["Aggregate","Hyperbeam"],"picked":"Redo","floor":1},{"not_picked":["SpiderBud","Bloodbath","CrumblingArmor"],"picked":"Singing Bowl","floor":2},{"not_picked":["Beam Cell","StuffTheSpire:Rend","Rebound"],"picked":"SKIP","floor":2},{"not_picked":["Porccubus","Bloodbath","Wellcheers"],"picked":"Singing Bowl","floor":3},{"not_picked":["Reprogram","Skim"],"picked":"hubris:Ukulele","floor":3},{"not_picked":["SingingMachine","VoidDream","WallGazer"],"picked":"Singing Bowl","floor":4},{"not_picked":["Chaos","BasicCrystalCard"],"picked":"StuffTheSpire:Plugnplay","floor":4},{"not_picked":["Scarecrow","Variant"],"picked":"UniverseFragment","floor":6},{"not_picked":["Storm","Doom and Gloom","StuffTheSpire:GlassShard"],"picked":"SKIP","floor":6},{"not_picked":["Bloodbath","FairyFestival","Rudolta"],"picked":"Singing Bowl","floor":8},{"not_picked":["BigBadWolf","OSAHOGD"],"picked":"Scorched","floor":8},{"not_picked":["Scrape","Steam"],"picked":"Coolheaded","floor":8},{"not_picked":["Funeral","Yin","Wellcheers"],"picked":"Singing Bowl","floor":10},{"not_picked":["Rebound","Conserve Battery"],"picked":"Capacitor","floor":10},{"not_picked":["GreedKing","DreamingCurrent","RedShoes"],"picked":"Singing Bowl","floor":11},{"not_picked":["Beam Cell","Chill","Chaos"],"picked":"SKIP","floor":11},{"not_picked":["GreedKing","LittlePrince","SpiderBud"],"picked":"Singing Bowl","floor":13},{"not_picked":["CrumblingArmor","Murderer"],"picked":"OSAHOGD","floor":13},{"not_picked":["Fusion","Streamline"],"picked":"Leap","floor":13}],"player_experience":1889540,"relics_obtained":[{"floor":6,"key":"StuffTheSpire:Tea"},{"floor":8,"key":"hubris:RGBLights"},{"floor":10,"key":"Odd Mushroom"},{"floor":11,"key":"Gremlin Horn"}],"event_choices":[{"damage_healed":0,"gold_gain":0,"player_choice":"Leave","damage_taken":0,"max_hp_gain":0,"max_hp_loss":0,"event_name":"conspire:Investor","floor":5,"gold_loss":0},{"damage_healed":0,"gold_gain":0,"player_choice":"Fought Mushrooms","damage_taken":0,"max_hp_gain":0,"max_hp_loss":0,"event_name":"Mushrooms","floor":10,"gold_loss":0}],"is_beta":false,"boss_relics":[],"items_purged_floors":[],"is_endless":false,"potions_floor_spawned":[4,6,10,11],"killed_by":"3 Sentries","ascension_level":5}}