{"host":"96mkdadq58tkkbp8","time":1611921213,"event":{"mods":["BaseMod","Colored Map","Colored Powertips","Duelist Mod","Hermit","Minty Spire (QoL Compilation)","Replay The Spire","Shop Mod","StSLib","The Cursed","The Disciple","The Hierophant","The Necromancer","The Runesmith","The Servant 0.9.4","TheFirefly"],"gold_per_floor":[116,116,135,151,171,202,302,328,328,347,347,359,359,359,359,359,359],"floor_reached":16,"language":"ITA","playtime":1119,"items_purged":[],"score":112,"play_id":"360ccda9-893d-4595-b108-cd494efb73c4","local_time":"20210129125333","is_ascension_mode":false,"campfire_choices":[{"data":"TheCursedMod:CursedBlade","floor":11,"key":"SMITH"},{"data":"TheCursedMod:EmpowerCircles","floor":13,"key":"SMITH"},{"data":"TheCursedMod:CursedSpellbook","floor":15,"key":"SMITH"}],"circlet_count":0,"master_deck":["TheCursedMod:Strike_TheCursed","TheCursedMod:Strike_TheCursed","TheCursedMod:Strike_TheCursed","TheCursedMod:Defend_TheCursed","TheCursedMod:Defend_TheCursed","TheCursedMod:Defend_TheCursed","TheCursedMod:Defend_TheCursed","TheCursedMod:CursedWand","TheCursedMod:CleanUpWorkshop","TheCursedMod:Dregs","TheCursedMod:CircleOfCorruption","TheCursedMod:SpitefulPray","TheCursedMod:ReleasedStrength","TheCursedMod:FleshFromBone","TheCursedMod:CursedSpellbook+1","TheCursedMod:CursedAmulet","TheCursedMod:CursedBlade+1","TheCursedMod:EmpowerCircles+1","Injury"],"relics":["TheCursedMod:BlackMagic101","Blue Candle","Art of War","Chameleon Ring","Golden Idol"],"acts_visited":["Exordium"],"potions_floor_usage":[8,8,16,16],"damage_taken":[{"damage":0,"enemies":"Small Slimes","floor":1,"turns":4},{"damage":0,"enemies":"Cultist","floor":3,"turns":3},{"damage":0,"enemies":"2 Louse","floor":4,"turns":2},{"damage":0,"enemies":"Looter","floor":5,"turns":3},{"damage":18,"enemies":"Replay:BlueRogue","floor":6,"turns":9},{"damage":36,"enemies":"Gremlin Nob","floor":8,"turns":4},{"damage":3,"enemies":"Exordium Thugs","floor":10,"turns":5},{"damage":1,"enemies":"2 Fungi Beasts","floor":12,"turns":3},{"damage":17,"enemies":"Hexaghost","floor":16,"turns":12}],"seed_played":"6496372472996771599","potions_obtained":[{"floor":0,"key":"Strength Potion"},{"floor":0,"key":"ColorlessPotion"},{"floor":0,"key":"ColorlessPotion"},{"floor":3,"key":"DistilledChaos"},{"floor":6,"key":"SkillPotion"},{"floor":8,"key":"SkillPotion"},{"floor":12,"key":"Energy Potion"}],"is_trial":false,"path_per_floor":["M","?","M","M","M","E","?","E","T","M","R","M","R","?","R","B"],"character_chosen":"THE_CURSED","items_purchased":[],"campfire_rested":0,"item_purchase_floors":[],"current_hp_per_floor":[75,75,75,75,75,57,57,21,21,18,18,17,17,17,17,0,0],"gold":359,"neow_bonus":"THREE_SMALL_POTIONS","is_daily":false,"chose_seed":false,"campfire_upgraded":3,"win_rate":0.0,"timestamp":1611921213,"path_taken":["M","?","?","M","M","E","?","E","T","?","R","M","R","?","R","BOSS"],"items_purchased_type":[],"build_version":"2020-12-22","purchased_purges":0,"victory":false,"max_hp_per_floor":[75,75,75,75,75,75,75,75,75,75,75,75,75,75,75,75,75],"card_choices":[{"not_picked":["TheCursedMod:SpitefulStrike","TheCursedMod:CursedAmulet"],"picked":"TheCursedMod:CircleOfCorruption","floor":1},{"not_picked":["TheCursedMod:CircleOfWindfury","TheCursedMod:CursedAmulet"],"picked":"TheCursedMod:SpitefulPray","floor":3},{"not_picked":["TheCursedMod:CircleOfFocus","TheCursedMod:WearCloak"],"picked":"TheCursedMod:ReleasedStrength","floor":4},{"not_picked":["TheCursedMod:DoubleShield","TheCursedMod:Wield"],"picked":"TheCursedMod:FleshFromBone","floor":5},{"not_picked":["TheCursedMod:CursedBlade","TheCursedMod:CursedArmor"],"picked":"TheCursedMod:CursedSpellbook","floor":6},{"not_picked":["TheCursedMod:AshesToAshes","TheCursedMod:SpreadPlague"],"picked":"TheCursedMod:CursedAmulet","floor":8},{"not_picked":["TheCursedMod:CursedSpellbook","TheCursedMod:CursedShiv"],"picked":"TheCursedMod:CursedBlade","floor":10},{"not_picked":["TheCursedMod:CursedArmor","TheCursedMod:DemonicPact"],"picked":"TheCursedMod:EmpowerCircles","floor":12}],"player_experience":155326,"relics_obtained":[{"floor":6,"key":"Blue Candle"},{"floor":8,"key":"Art of War"},{"floor":9,"key":"Chameleon Ring"}],"event_choices":[{"cards_removed":["TheCursedMod:Strike_TheCursed"],"damage_healed":0,"gold_gain":0,"player_choice":"Purged","damage_taken":0,"max_hp_gain":0,"max_hp_loss":0,"event_name":"Purifier","floor":2,"gold_loss":0},{"damage_healed":0,"gold_gain":100,"player_choice":"Pray","damage_taken":0,"max_hp_gain":0,"max_hp_loss":0,"event_name":"Golden Shrine","floor":7,"gold_loss":0},{"damage_healed":0,"gold_gain":0,"player_choice":"Take Wound","damage_taken":0,"relics_obtained":["Golden Idol"],"max_hp_gain":0,"max_hp_loss":0,"event_name":"Golden Idol","floor":14,"gold_loss":0,"cards_obtained":["Injury"]}],"is_beta":false,"boss_relics":[],"items_purged_floors":[],"is_endless":false,"potions_floor_spawned":[3,6,8,12],"killed_by":"Hexaghost","ascension_level":0}}