{"host":"jhy70w0yh8dayqay","time":1611899427,"event":{"mods":["AchievementEnabler","BaseMod","Colored Map","Colored Powertips","DeckTracker","Minty Spire (QoL Compilation)","Permanent Neow","SuperFastMode"],"gold_per_floor":[114,124,141,158,172,172,172,203,249,249,269,301,321,346,346,444,444,464,464,464,2,101,130,55,83,83,83,93,93,123,133,133,133,133],"floor_reached":33,"language":"KOR","playtime":1160,"items_purged":["Spot Weakness"],"score":625,"play_id":"a9f2844d-8b2e-441a-9d9e-2b237a8c8cf6","local_time":"20210129145027","is_ascension_mode":true,"campfire_choices":[{"data":"Perfected Strike","floor":6,"key":"SMITH"},{"floor":10,"key":"REST"},{"data":"Shockwave","floor":15,"key":"SMITH"},{"data":"Evolve","floor":27,"key":"SMITH"},{"data":"Double Tap","floor":29,"key":"SMITH"},{"data":"Disarm","floor":32,"key":"SMITH"}],"circlet_count":0,"master_deck":["AscendersBane","Strike_R","Strike_R","Strike_R","Strike_R","Strike_R","Defend_R","Defend_R","Defend_R","Defend_R","Shockwave+1","Evolve+1","Clothesline","Perfected Strike+1","Wild Strike+1","Shrug It Off","Wild Strike+1","Battle Trance","Wild Strike+1","Double Tap+1","Impervious","Dual Wield+1","Battle Trance","Disarm+1","Perfected Strike+1","Shrug It Off","Wild Strike+1","Clumsy","Warcry+1","Shrug It Off+1","Twin Strike+1"],"relics":["Burning Blood","Molten Egg 2","Red Skull","Self Forming Clay","Nunchaku","Cursed Key","MealTicket","Singing Bowl","Ancient Tea Set","Toy Ornithopter","Toxic Egg 2","Pantograph"],"acts_visited":["Exordium","TheCity"],"potions_floor_usage":[8,12,16,23,31,33,33],"damage_taken":[{"damage":9.0,"enemies":"2 Louse","floor":1.0,"turns":3.0},{"damage":24.0,"enemies":"Jaw Worm","floor":2.0,"turns":5.0},{"damage":1,"enemies":"Small Slimes","floor":3,"turns":4},{"damage":6,"enemies":"Looter","floor":4,"turns":4},{"damage":8,"enemies":"Blue Slaver","floor":5,"turns":4},{"damage":32,"enemies":"3 Sentries","floor":8,"turns":7},{"damage":20,"enemies":"Gremlin Gang","floor":11,"turns":5},{"damage":25,"enemies":"Lagavulin","floor":12,"turns":4},{"damage":0,"enemies":"Exordium Wildlife","floor":13,"turns":2},{"damage":10,"enemies":"3 Sentries","floor":14,"turns":5},{"damage":0,"enemies":"Slime Boss","floor":16,"turns":3},{"damage":11,"enemies":"2 Thieves","floor":18,"turns":4},{"damage":15,"enemies":"Book of Stabbing","floor":23,"turns":4},{"damage":14,"enemies":"Slavers","floor":25,"turns":4},{"damage":0,"enemies":"Shell Parasite","floor":28,"turns":1},{"damage":34,"enemies":"Book of Stabbing","floor":30,"turns":5},{"damage":0,"enemies":"Snake Plant","floor":31,"turns":1},{"damage":69,"enemies":"Champ","floor":33,"turns":7}],"seed_played":"3317632761443810015","potions_obtained":[{"floor":1.0,"key":"LiquidMemories"},{"floor":4,"key":"Weak Potion"},{"floor":8,"key":"Weak Potion"},{"floor":14,"key":"SteroidPotion"},{"floor":16,"key":"Dexterity Potion"},{"floor":18,"key":"PowerPotion"},{"floor":30,"key":"SteroidPotion"},{"floor":31,"key":"SteroidPotion"}],"is_trial":false,"path_per_floor":["M","M","M","M","M","R","?","E","T","R","M","E","M","E","R","B",null,"M","?","?","$","?","E","$","E","T","R","M","R","E","M","R","B"],"character_chosen":"IRONCLAD","items_purchased":["MealTicket","Singing Bowl","Perfected Strike+1","Shrug It Off"],"campfire_rested":1,"item_purchase_floors":[21,21,24,24],"current_hp_per_floor":[69,51,56,56,54,54,54,28,28,52,38,19,25,21,21,27,67,62,47,47,47,47,38,53,45,45,45,51,51,23,34,34,0,0],"gold":133,"neow_bonus":"THREE_CARDS","is_daily":false,"chose_seed":false,"campfire_upgraded":5,"win_rate":0.0,"timestamp":1611899427,"path_taken":["M","M","M","M","M","R","?","E","T","R","M","E","M","E","R","BOSS","M","?","?","$","?","E","?","E","T","R","M","R","E","?","R","BOSS"],"items_purchased_type":["Relic","Relic","Card","Card"],"build_version":"2020-12-22","purchased_purges":1,"victory":false,"max_hp_per_floor":[80,80,80,80,80,80,80,80,80,80,80,80,80,80,80,80,80,80,85,85,85,85,85,85,85,85,85,85,85,85,85,85,85,85],"card_choices":[{"not_picked":["Dropkick","True Grit"],"picked":"Shockwave","floor":0.0},{"not_picked":["Thunderclap","Rampage"],"picked":"Evolve","floor":1.0},{"not_picked":["Rampage","Sword Boomerang"],"picked":"Clothesline","floor":2.0},{"not_picked":["Seeing Red","Disarm"],"picked":"Anger","floor":3},{"not_picked":["Whirlwind","Burning Pact"],"picked":"Perfected Strike","floor":4},{"not_picked":["Flame Barrier","Sword Boomerang"],"picked":"Wild Strike","floor":5},{"not_picked":["Sword Boomerang+1","Wild Strike+1"],"picked":"Shrug It Off","floor":8},{"not_picked":["Flex","Impervious"],"picked":"Wild Strike+1","floor":11},{"not_picked":["Clothesline+1","Thunderclap+1"],"picked":"Battle Trance","floor":12},{"not_picked":["Thunderclap+1","Reaper+1"],"picked":"Wild Strike+1","floor":13},{"not_picked":["Warcry","Intimidate"],"picked":"Double Tap","floor":14},{"not_picked":["Fiend Fire+1","Brutality"],"picked":"Impervious","floor":16},{"not_picked":["Rampage+1","Burning Pact"],"picked":"Dual Wield+1","floor":18},{"not_picked":["Clothesline+1","Heavy Blade+1"],"picked":"Disarm","floor":23},{"not_picked":["Headbutt+1","True Grit"],"picked":"Wild Strike+1","floor":25},{"not_picked":["Disarm+1","Havoc+1"],"picked":"Warcry+1","floor":28},{"not_picked":["Pummel+1","Clash+1"],"picked":"Shrug It Off+1","floor":30},{"not_picked":["Heavy Blade+1","Warcry+1"],"picked":"Twin Strike+1","floor":31}],"player_experience":440267,"relics_obtained":[{"floor":8,"key":"Molten Egg 2"},{"floor":9,"key":"Red Skull"},{"floor":12,"key":"Self Forming Clay"},{"floor":14,"key":"Nunchaku"},{"floor":23,"key":"Ancient Tea Set"},{"floor":25,"key":"Toy Ornithopter"},{"floor":26,"key":"Toxic Egg 2"},{"floor":30,"key":"Pantograph"}],"event_choices":[{"damage_healed":0,"gold_gain":0,"player_choice":"Grow","damage_taken":0,"max_hp_gain":0,"max_hp_loss":0,"event_name":"Living Wall","floor":7,"gold_loss":0,"cards_upgraded":["Wild Strike"]},{"damage_healed":0,"gold_gain":0,"player_choice":"Shed Blood","damage_taken":20,"max_hp_gain":5,"max_hp_loss":0,"event_name":"Forgotten Altar","floor":19,"gold_loss":0},{"damage_healed":0,"gold_gain":0,"cards_transformed":["Anger","Bash"],"player_choice":"Became Test Subject","damage_taken":0,"max_hp_gain":0,"max_hp_loss":0,"event_name":"Drug Dealer","floor":20,"gold_loss":0,"cards_obtained":["Spot Weakness","Battle Trance"]},{"damage_healed":0,"gold_gain":99,"player_choice":"Stole From Cult","damage_taken":0,"max_hp_gain":0,"max_hp_loss":0,"event_name":"Nest","floor":22,"gold_loss":0}],"is_beta":false,"boss_relics":[{"not_picked":["Black Star","Tiny House"],"picked":"Cursed Key"}],"items_purged_floors":[21],"is_endless":false,"potions_floor_spawned":[1,4,8,14,16,18,30,31],"killed_by":"Champ","ascension_level":12}}