{"host":"b34lfm0pg36jv5no","time":1611962702,"event":{"mods":["BaseMod","Bestiary","Colored Map","Dark Map","Minty Spire (QoL Compilation)","Relic Stats","ojb\u0027s Info Mod"],"gold_per_floor":[118,118,134,309,2,34,34,34,34,16,49,62,62,13,13,133,133,156,255,170,170,183,217,217,244,298,315,343,356,387,406,406,505,505,523,357,357,357,357,391,458,485,522,534,170,170,204,204,204,204,204,204,15,49,49,49],"floor_reached":55,"language":"ENG","playtime":3032,"items_purged":["Doubt","Strike_R","Perfected Strike"],"score":1075,"play_id":"7cebe479-9f5b-4402-b801-4d73c19c86ba","local_time":"20210129232502","is_ascension_mode":true,"campfire_choices":[{"data":"Double Tap","floor":7,"key":"SMITH"},{"data":"Whirlwind","floor":13,"key":"SMITH"},{"data":"Inflame","floor":15,"key":"SMITH"},{"data":"Shockwave","floor":32,"key":"SMITH"},{"data":"Offering","floor":44,"key":"SMITH"},{"data":"Inflame","floor":46,"key":"SMITH"},{"floor":49,"key":"RECALL"},{"data":"Impervious","floor":52,"key":"SMITH"}],"circlet_count":0,"master_deck":["Defend_R","Defend_R","Defend_R","Defend_R","Bash","Double Tap+1","Power Through","Whirlwind+1","Offering+1","Sword Boomerang","Inflame+1","Shrug It Off","Impervious","Pommel Strike","Impervious","Twin Strike","Shockwave+1","Shrug It Off","Dark Embrace+1","Feel No Pain+1","Heavy Blade+1","Impervious+1","Immolate+1","Thunderclap+1","Exhume+1","Burning Pact+1","Dark Shackles","Purity","Trip","Uppercut+1","Inflame+1","Barricade","Entrench","Impervious+1"],"relics":["Burning Blood","NeowsBlessing","Membership Card","Vajra","Du-Vu Doll","Bloody Idol","Shuriken","HornCleat","Velvet Choker","Bag of Preparation","Bronze Scales","MealTicket","Centennial Puzzle","Omamori","Gremlin Horn","Astrolabe","Strawberry","MawBank","Gambling Chip","Mummified Hand","Meat on the Bone","Regal Pillow","Sundial","DollysMirror","Art of War"],"acts_visited":["Exordium","TheCity","TheBeyond","TheEnding"],"potions_floor_usage":[11,23,30,40,41,55,55],"damage_taken":[{"damage":0,"enemies":"2 Louse","floor":1,"turns":1},{"damage":0,"enemies":"Cultist","floor":3,"turns":1},{"damage":0,"enemies":"Lagavulin","floor":6,"turns":1},{"damage":1,"enemies":"Gremlin Nob","floor":11,"turns":3},{"damage":0,"enemies":"Jaw Worm","floor":12,"turns":4},{"damage":56,"enemies":"The Guardian","floor":16,"turns":8},{"damage":6,"enemies":"Shell Parasite","floor":18,"turns":2},{"damage":6,"enemies":"2 Thieves","floor":22,"turns":1},{"damage":6,"enemies":"Gremlin Leader","floor":23,"turns":4},{"damage":22,"enemies":"Book of Stabbing","floor":25,"turns":4},{"damage":18,"enemies":"Cultist and Chosen","floor":27,"turns":4},{"damage":10,"enemies":"Gremlin Leader","floor":28,"turns":4},{"damage":9,"enemies":"Shelled Parasite and Fungi","floor":29,"turns":2},{"damage":0,"enemies":"Slavers","floor":30,"turns":1},{"damage":0,"enemies":"Snake Plant","floor":31,"turns":2},{"damage":6,"enemies":"Automaton","floor":33,"turns":6},{"damage":6,"enemies":"3 Darklings","floor":35,"turns":1},{"damage":36,"enemies":"Nemesis","floor":40,"turns":8},{"damage":34,"enemies":"2 Orb Walkers","floor":41,"turns":5},{"damage":0,"enemies":"Orb Walker","floor":42,"turns":3},{"damage":20,"enemies":"Giant Head","floor":47,"turns":6},{"damage":68,"enemies":"Awakened One","floor":50,"turns":10},{"damage":23,"enemies":"Shield and Spear","floor":54,"turns":5},{"damage":78,"enemies":"The Heart","floor":55,"turns":12}],"seed_played":"4630370652086008255","potions_obtained":[{"floor":2,"key":"SpeedPotion"},{"floor":2,"key":"Fire Potion"},{"floor":2,"key":"FearPotion"},{"floor":12,"key":"ElixirPotion"},{"floor":16,"key":"BlessingOfTheForge"},{"floor":23,"key":"DistilledChaos"},{"floor":28,"key":"SteroidPotion"},{"floor":30,"key":"Fire Potion"},{"floor":42,"key":"Swift Potion"}],"is_trial":false,"path_per_floor":["M","?","M","?","$","E","R","?","T","$","E","M","R","$","R","B",null,"M","?","?","?","M","E","?","E","T","M","E","M","E","M","R","B",null,"M","$","?","?","?","E","?","M","T","R","$","R","E","T","R","B",null,"R","$","E","B"],"character_chosen":"IRONCLAD","items_purchased":["Membership Card","Double Tap","Vajra","Whirlwind","Inflame","Shrug It Off","Strawberry","Dark Shackles","Mummified Hand","SteroidPotion","Meat on the Bone","Inflame","Barricade","Entrench","DollysMirror"],"campfire_rested":0,"item_purchase_floors":[5,5,5,10,14,14,36,36,45,45,45,45,53,53,53],"current_hp_per_floor":[80,80,80,80,80,80,80,60,60,60,65,71,71,71,71,21,80,80,80,80,80,80,80,80,69,74,67,68,70,80,80,80,80,80,80,87,87,87,77,52,34,50,60,65,85,85,76,76,76,26,87,87,87,75,0,0],"gold":49,"neow_bonus":"THREE_ENEMY_KILL","is_daily":false,"chose_seed":false,"campfire_upgraded":7,"win_rate":0.0,"timestamp":1611962702,"path_taken":["M","?","?","?","$","E","R","?","T","$","E","M","R","?","R","BOSS","M","?","?","?","?","E","?","E","T","M","E","M","E","M","R","BOSS","M","$","?","?","?","E","?","?","T","R","$","R","E","?","R","BOSS","R","$","E","BOSS"],"items_purchased_type":["Relic","Card","Relic","Card","Card","Card","Relic","Card","Relic","Potion","Relic","Card","Card","Card","Relic"],"build_version":"2020-12-22","purchased_purges":3,"victory":false,"max_hp_per_floor":[80,80,80,80,80,80,80,80,80,80,80,80,80,80,80,80,80,80,80,80,80,80,80,80,80,80,80,80,80,80,80,80,80,80,80,87,87,87,87,87,87,87,87,87,87,87,87,87,87,87,87,87,87,87,87,87],"relic_stats":{"Regal Pillow":0,"Gremlin Horn":[5,7],"counters":[24,98],"Astrolabe":["Immolate","Thunderclap","Exhume"],"Bag of Preparation":[34],"MawBank":60,"Burning Blood":114,"Centennial Puzzle":[33],"Shuriken":[18],"Mummified Hand":[19],"Sundial":[4],"Bloody Idol":84,"Bronze Scales":[325],"Gambling Chip":[23],"MealTicket":15,"Art of War":[3],"obtain_stats":[{"Regal Pillow":47,"Gremlin Horn":30,"Vajra":5,"Bag of Preparation":20,"Burning Blood":0,"Centennial Puzzle":26,"HornCleat":11,"Mummified Hand":45,"Sundial":48,"DollysMirror":53,"Strawberry":36,"Gambling Chip":41,"MealTicket":25,"NeowsBlessing":0,"Golden Idol":8,"Astrolabe":34,"Velvet Choker":17,"Omamori":28,"MawBank":40,"Du-Vu Doll":6,"Shuriken":9,"Bronze Scales":23,"Bloody Idol":24,"Art of War":54,"Membership Card":5,"Meat on the Bone":45},{"Regal Pillow":21,"Gremlin Horn":14,"Vajra":2,"Bag of Preparation":7,"Burning Blood":0,"Centennial Puzzle":10,"HornCleat":4,"Mummified Hand":20,"Sundial":21,"DollysMirror":22,"Strawberry":17,"Gambling Chip":19,"MealTicket":10,"NeowsBlessing":0,"Golden Idol":3,"Astrolabe":16,"Velvet Choker":6,"Omamori":12,"MawBank":18,"Du-Vu Doll":3,"Shuriken":3,"Bronze Scales":9,"Bloody Idol":9,"Art of War":23,"Membership Card":2,"Meat on the Bone":20},{"Regal Pillow":71,"Gremlin Horn":40,"Vajra":2,"Bag of Preparation":20,"Burning Blood":0,"Centennial Puzzle":29,"HornCleat":6,"Mummified Hand":65,"Sundial":71,"DollysMirror":81,"Strawberry":49,"Gambling Chip":62,"MealTicket":29,"NeowsBlessing":0,"Golden Idol":3,"Astrolabe":48,"Velvet Choker":18,"Omamori":37,"MawBank":57,"Du-Vu Doll":3,"Shuriken":3,"Bronze Scales":25,"Bloody Idol":25,"Art of War":86,"Membership Card":2,"Meat on the Bone":65}],"Meat on the Bone":12},"card_choices":[{"not_picked":["Entrench","Clothesline"],"picked":"Perfected Strike","floor":1},{"not_picked":["Clothesline","Havoc","Dark Embrace"],"picked":"SKIP","floor":3},{"not_picked":["Flex","Clothesline"],"picked":"Power Through","floor":6},{"not_picked":["Perfected Strike","Shrug It Off"],"picked":"Offering","floor":11},{"not_picked":["Fire Breathing","Headbutt"],"picked":"Sword Boomerang","floor":12},{"not_picked":["Immolate","Offering"],"picked":"Impervious","floor":16},{"not_picked":["Wild Strike+1","Iron Wave"],"picked":"Pommel Strike","floor":18},{"not_picked":["Ghostly Armor","Iron Wave"],"picked":"Twin Strike","floor":22},{"not_picked":["Wild Strike","Hemokinesis"],"picked":"Shockwave","floor":23},{"not_picked":["Seeing Red","Sword Boomerang"],"picked":"Shrug It Off","floor":25},{"not_picked":["True Grit","Shrug It Off"],"picked":"Dark Embrace+1","floor":27},{"not_picked":["Headbutt","Dual Wield"],"picked":"Feel No Pain+1","floor":28},{"not_picked":["Headbutt","Bludgeon"],"picked":"Heavy Blade+1","floor":29},{"not_picked":["Armaments+1","Headbutt+1","Clothesline"],"picked":"SKIP","floor":30},{"not_picked":["Armaments+1","Headbutt+1","Clothesline"],"picked":"SKIP","floor":30},{"not_picked":["Infernal Blade","Sentinel","True Grit"],"picked":"SKIP","floor":31},{"not_picked":["Juggernaut","Bludgeon"],"picked":"Impervious","floor":33},{"not_picked":["Shrug It Off","Armaments+1"],"picked":"Burning Pact+1","floor":35},{"not_picked":["Violence","Mind Blast"],"picked":"Purity","floor":39},{"not_picked":["Blind","Panache"],"picked":"Trip","floor":39},{"not_picked":["Carnage+1","Seeing Red"],"picked":"Uppercut+1","floor":40},{"not_picked":["Twin Strike+1","Wild Strike+1","Clothesline"],"picked":"SKIP","floor":42},{"not_picked":["Clothesline","Iron Wave","Combust"],"picked":"SKIP","floor":47},{"not_picked":["Pummel","Headbutt","Whirlwind+1"],"picked":"SKIP","floor":54}],"player_experience":2569744,"relics_obtained":[{"floor":6,"key":"Du-Vu Doll"},{"floor":9,"key":"Shuriken"},{"floor":11,"key":"HornCleat"},{"floor":23,"key":"Bronze Scales"},{"floor":25,"key":"MealTicket"},{"floor":26,"key":"Centennial Puzzle"},{"floor":28,"key":"Omamori"},{"floor":30,"key":"Gremlin Horn"},{"floor":40,"key":"MawBank"},{"floor":41,"key":"Gambling Chip"},{"floor":47,"key":"Regal Pillow"},{"floor":48,"key":"Sundial"},{"floor":54,"key":"Art of War"}],"event_choices":[{"damage_healed":0,"gold_gain":0,"player_choice":"Got Potions","damage_taken":0,"max_hp_gain":0,"max_hp_loss":0,"event_name":"Lab","floor":2,"gold_loss":0},{"damage_healed":0,"gold_gain":175,"player_choice":"AGREE","damage_taken":0,"max_hp_gain":0,"max_hp_loss":0,"event_name":"Liars Game","floor":4,"gold_loss":0,"cards_obtained":["Doubt"]},{"damage_healed":0,"gold_gain":0,"player_choice":"Take Damage","damage_taken":20,"relics_obtained":["Golden Idol"],"max_hp_gain":0,"max_hp_loss":0,"event_name":"Golden Idol","floor":8,"gold_loss":0},{"damage_healed":0,"gold_gain":99,"player_choice":"Stole From Cult","damage_taken":0,"max_hp_gain":0,"max_hp_loss":0,"event_name":"Nest","floor":19,"gold_loss":0},{"damage_healed":0,"gold_gain":0,"player_choice":"Obtained Relic","damage_taken":0,"relics_obtained":["Bag of Preparation"],"max_hp_gain":0,"max_hp_loss":0,"event_name":"Addict","floor":20,"gold_loss":85},{"damage_healed":0,"gold_gain":0,"player_choice":"Copied","damage_taken":0,"max_hp_gain":0,"max_hp_loss":0,"event_name":"Duplicator","floor":21,"gold_loss":0,"cards_obtained":["Impervious"]},{"damage_healed":0,"gold_gain":0,"player_choice":"Gave Idol","damage_taken":0,"relics_obtained":["Bloody Idol"],"max_hp_gain":0,"max_hp_loss":0,"event_name":"Forgotten Altar","floor":24,"relics_lost":["Golden Idol"],"gold_loss":0},{"damage_healed":0,"gold_gain":0,"player_choice":"Ignored","damage_taken":0,"max_hp_gain":0,"max_hp_loss":0,"event_name":"Tomb of Lord Red Mask","floor":37,"gold_loss":0},{"cards_removed":["Strike_R"],"damage_healed":0,"gold_gain":0,"player_choice":"Removed Attack","damage_taken":0,"max_hp_gain":0,"max_hp_loss":0,"event_name":"Falling","floor":38,"gold_loss":0},{"damage_healed":0,"gold_gain":0,"player_choice":"Memory 3","damage_taken":10,"max_hp_gain":0,"max_hp_loss":0,"event_name":"SensoryStone","floor":39,"gold_loss":0},{"damage_healed":0,"gold_gain":0,"player_choice":"Fight","damage_taken":0,"max_hp_gain":0,"max_hp_loss":0,"event_name":"Mysterious Sphere","floor":41,"gold_loss":0}],"is_beta":false,"boss_relics":[{"not_picked":["Calling Bell","Black Star"],"picked":"Velvet Choker"},{"not_picked":["Cursed Key","Empty Cage"],"picked":"Astrolabe"}],"items_purged_floors":[5,36,45],"is_endless":false,"potions_floor_spawned":[6,12,16,18,22,23,28,30,31,35,42,47],"killed_by":"The Heart","ascension_level":1}}