{"host":"9n6i2vl93jt4o42q","time":1611943591,"event":{"mods":["BaseMod","Minty Spire (QoL Compilation)","Relic Stats"],"gold_per_floor":[109,126,126,136,136,136,164,174,226,237,34,34,34,66,66,137,137,137,137,137,37,37,37,37],"floor_reached":23,"language":"ENG","playtime":4167,"items_purged":["Strike_R","Writhe"],"score":398,"play_id":"ab173a52-6a76-4fd6-8097-29f8ddacbf4b","local_time":"20210129190631","is_ascension_mode":true,"campfire_choices":[{"data":"Infernal Blade","floor":6,"key":"SMITH"},{"data":"Armaments","floor":12,"key":"SMITH"},{"data":"Demon Form","floor":15,"key":"SMITH"}],"circlet_count":0,"master_deck":["AscendersBane","Strike_R","Strike_R","Strike_R","Defend_R","Defend_R","Defend_R","Defend_R","Bash","Infernal Blade+1","Battle Trance","Flex","Flame Barrier","Thunderclap","Inflame","Armaments+1","Shockwave","Demon Form+1","Impervious","Burning Pact","Twin Strike","Panacea"],"relics":["Burning Blood","Pantograph","Lantern","PreservedInsect","Thread and Needle","Ectoplasm","Matryoshka"],"acts_visited":["Exordium","TheCity"],"potions_floor_usage":[23,23],"damage_taken":[{"damage":4,"enemies":"Small Slimes","floor":1,"turns":4},{"damage":2,"enemies":"Cultist","floor":2,"turns":4},{"damage":12,"enemies":"2 Louse","floor":4,"turns":2},{"damage":45,"enemies":"3 Sentries","floor":7,"turns":9},{"damage":5,"enemies":"Gremlin Gang","floor":8,"turns":5},{"damage":0,"enemies":"Exordium Wildlife","floor":10,"turns":2},{"damage":15,"enemies":"Lagavulin","floor":14,"turns":5},{"damage":32,"enemies":"The Guardian","floor":16,"turns":12},{"damage":6,"enemies":"Shell Parasite","floor":18,"turns":5},{"damage":26,"enemies":"Spheric Guardian","floor":19,"turns":7},{"damage":63,"enemies":"Gremlin Leader","floor":23,"turns":6}],"seed_played":"-7074877610458731387","potions_obtained":[{"floor":1,"key":"PowerPotion"},{"floor":2,"key":"SneckoOil"},{"floor":8,"key":"BloodPotion"}],"is_trial":false,"path_per_floor":["M","M","?","M","T","R","E","M","T","M","$","R","?","E","R","B",null,"M","M","?","$","?","E"],"character_chosen":"IRONCLAD","items_purchased":["Armaments","Shockwave"],"campfire_rested":0,"item_purchase_floors":[11,11],"current_hp_per_floor":[66,70,70,64,64,64,25,26,26,32,32,32,32,23,23,22,72,72,52,52,52,40,0,0],"gold":37,"neow_bonus":"TWENTY_PERCENT_HP_BONUS","is_daily":false,"chose_seed":false,"campfire_upgraded":3,"win_rate":0.0,"timestamp":1611943591,"path_taken":["M","M","?","?","?","R","E","?","T","M","$","R","?","E","R","BOSS","M","M","?","$","?","E"],"items_purchased_type":["Card","Card"],"build_version":"2020-12-22","purchased_purges":2,"victory":false,"max_hp_per_floor":[89,89,89,89,89,89,89,89,89,89,89,89,89,89,89,89,89,89,89,89,89,89,89,89],"relic_stats":{"counters":[11,61],"Pantograph":25,"PreservedInsect":79,"Ectoplasm":28,"obtain_stats":[{"Lantern":7,"Matryoshka":20,"Pantograph":5,"Thread and Needle":14,"PreservedInsect":9,"Ectoplasm":17,"Burning Blood":0},{"Lantern":4,"Matryoshka":10,"Pantograph":3,"Thread and Needle":7,"PreservedInsect":5,"Ectoplasm":8,"Burning Blood":0},{"Lantern":19,"Matryoshka":55,"Pantograph":10,"Thread and Needle":31,"PreservedInsect":24,"Ectoplasm":43,"Burning Blood":0}],"Burning Blood":60},"card_choices":[{"not_picked":["Perfected Strike","Sword Boomerang"],"picked":"Infernal Blade","floor":1},{"not_picked":["Uppercut","Clash"],"picked":"Battle Trance","floor":2},{"not_picked":["Pummel","Shockwave"],"picked":"Flex","floor":4},{"not_picked":["Clash","Combust"],"picked":"Flame Barrier","floor":7},{"not_picked":["Headbutt","Blood for Blood"],"picked":"Thunderclap","floor":8},{"not_picked":["Wild Strike","Metallicize"],"picked":"Inflame","floor":10},{"not_picked":["Heavy Blade","Berserk"],"picked":"Demon Form","floor":14},{"not_picked":["Brutality","Demon Form"],"picked":"Impervious","floor":16},{"not_picked":["Warcry","Iron Wave"],"picked":"Burning Pact","floor":18},{"not_picked":["Anger","Clothesline"],"picked":"Twin Strike","floor":19}],"player_experience":2330082,"relics_obtained":[{"floor":5,"key":"Pantograph"},{"floor":7,"key":"Lantern"},{"floor":9,"key":"PreservedInsect"},{"floor":14,"key":"Thread and Needle"}],"event_choices":[{"cards_removed":["Strike_R"],"damage_healed":0,"gold_gain":0,"player_choice":"Offered Basic","damage_taken":0,"max_hp_gain":0,"max_hp_loss":0,"event_name":"Bonfire Elementals","floor":3,"gold_loss":0},{"damage_healed":0,"gold_gain":0,"player_choice":"Ignored","damage_taken":0,"max_hp_gain":0,"max_hp_loss":0,"event_name":"Liars Game","floor":13,"gold_loss":0},{"damage_healed":0,"gold_gain":0,"player_choice":"Opened","damage_taken":0,"relics_obtained":["Matryoshka"],"max_hp_gain":0,"max_hp_loss":0,"event_name":"The Mausoleum","floor":20,"gold_loss":0,"cards_obtained":["Writhe"]},{"damage_healed":0,"gold_gain":0,"player_choice":"CARD ","damage_taken":12,"max_hp_gain":0,"max_hp_loss":0,"event_name":"Knowing Skull","floor":22,"potions_obtained":[],"gold_loss":0,"cards_obtained":["Panacea"]}],"is_beta":false,"boss_relics":[{"not_picked":["Runic Pyramid","Calling Bell"],"picked":"Ectoplasm"}],"items_purged_floors":[11,21],"is_endless":false,"potions_floor_spawned":[1,2,8,18],"killed_by":"Gremlin Leader","ascension_level":20}}