{"host":"2wp95sdfrgw3k439","time":1611898645,"event":{"mods":["BaseMod","Better Altar","Better Skull","Better Third Choice","Curses Come First","Minty Spire (QoL Compilation)","Permanent Neow","StSLib"],"gold_per_floor":[119,131,145,158,158,158,193,193,193,214,254,279,279,319,319,449,449,420,34,48,72,72,72],"floor_reached":22,"language":"ENG","playtime":1003,"items_purged":["Strike_B"],"score":291,"play_id":"0910fb58-9937-4398-904e-516c27075b5e","local_time":"20210128223725","is_ascension_mode":true,"campfire_choices":[{"floor":6,"key":"REST"},{"floor":8,"key":"REST"},{"floor":13,"key":"REST"},{"floor":15,"key":"REST"}],"circlet_count":0,"master_deck":["Strike_B","Strike_B","Strike_B","Defend_B","Defend_B","Defend_B","Defend_B","Zap","Dualcast","BootSequence","Sweeping Beam","Storm","Hyperbeam","Undo","Genetic Algorithm","Static Discharge","Lockon","Fission","Rip and Tear+1","Apotheosis","Conserve Battery+1"],"relics":["Cracked Core","Strawberry","Golden Idol","Akabeko","Smiling Mask","Kunai","Nunchaku","Inserter","Lee\u0027s Waffle"],"acts_visited":["Exordium","TheCity"],"potions_floor_usage":[7,16],"damage_taken":[{"damage":0,"enemies":"Cultist","floor":1,"turns":4},{"damage":0,"enemies":"Small Slimes","floor":2,"turns":3},{"damage":1,"enemies":"2 Louse","floor":3,"turns":3},{"damage":21,"enemies":"Blue Slaver","floor":4,"turns":4},{"damage":30,"enemies":"Lagavulin","floor":7,"turns":8},{"damage":0,"enemies":"Large Slime","floor":10,"turns":4},{"damage":32,"enemies":"Gremlin Nob","floor":11,"turns":4},{"damage":0,"enemies":"Looter","floor":12,"turns":3},{"damage":10,"enemies":"3 Sentries","floor":14,"turns":5},{"damage":38,"enemies":"Slime Boss","floor":16,"turns":8},{"damage":27,"enemies":"2 Thieves","floor":18,"turns":5},{"damage":0,"enemies":"Chosen","floor":20,"turns":3},{"damage":40,"enemies":"Snake Plant","floor":21,"turns":5},{"damage":53,"enemies":"Centurion and Healer","floor":22,"turns":9}],"seed_played":"1098380846328467507","potions_obtained":[{"floor":1,"key":"GamblersBrew"},{"floor":2,"key":"LiquidMemories"},{"floor":11,"key":"Ancient Potion"},{"floor":12,"key":"Swift Potion"}],"is_trial":false,"path_per_floor":["M","M","M","M","?","R","E","R","T","M","E","M","R","E","R","B",null,"M","$","M","M","M"],"character_chosen":"DEFECT","items_purchased":["Lee\u0027s Waffle","Apotheosis"],"campfire_rested":4,"item_purchase_floors":[19,19],"current_hp_per_floor":[75,75,74,53,33,57,27,51,51,51,19,19,43,33,57,19,66,39,89,89,49,0,0],"gold":72,"neow_bonus":"RANDOM_COMMON_RELIC","is_daily":false,"chose_seed":false,"campfire_upgraded":0,"win_rate":0.0,"timestamp":1611898645,"path_taken":["M","?","M","?","?","R","E","R","T","M","E","M","R","E","R","BOSS","M","$","M","M","M"],"items_purchased_type":["Relic","Card"],"build_version":"2020-12-22","purchased_purges":1,"victory":false,"max_hp_per_floor":[82,82,82,82,82,82,82,82,82,82,82,82,82,82,82,82,82,82,89,89,89,89,89],"card_choices":[{"not_picked":["Consume","Redo"],"picked":"BootSequence","floor":1},{"not_picked":["Beam Cell","Streamline"],"picked":"Sweeping Beam","floor":2},{"not_picked":["Sweeping Beam","Reinforced Body"],"picked":"Storm","floor":3},{"not_picked":["Ball Lightning","Reinforced Body"],"picked":"Hyperbeam","floor":4},{"not_picked":["Stack","Fusion"],"picked":"Undo","floor":7},{"not_picked":["Redo","BootSequence","Steam"],"picked":"SKIP","floor":10},{"not_picked":["Conserve Battery","Lockon"],"picked":"Genetic Algorithm","floor":11},{"not_picked":["Reprogram","Steam"],"picked":"Static Discharge","floor":12},{"not_picked":["Ball Lightning","Auto Shields"],"picked":"Lockon","floor":14},{"not_picked":["Core Surge","Echo Form"],"picked":"Fission","floor":16},{"not_picked":["Gash","Steam"],"picked":"Rip and Tear+1","floor":18},{"not_picked":["Force Field","Scrape"],"picked":"Conserve Battery+1","floor":20},{"not_picked":["Compile Driver+1","Consume","Steam"],"picked":"SKIP","floor":21}],"player_experience":494627,"relics_obtained":[{"floor":7,"key":"Akabeko"},{"floor":9,"key":"Smiling Mask"},{"floor":11,"key":"Kunai"},{"floor":14,"key":"Nunchaku"}],"event_choices":[{"damage_healed":0,"gold_gain":0,"player_choice":"Take Damage","damage_taken":20,"relics_obtained":["Golden Idol"],"max_hp_gain":0,"max_hp_loss":0,"event_name":"Golden Idol","floor":5,"gold_loss":0}],"is_beta":false,"boss_relics":[{"not_picked":["Empty Cage","Calling Bell"],"picked":"Inserter"}],"items_purged_floors":[19],"is_endless":false,"potions_floor_spawned":[1,2,11,12],"killed_by":"Centurion and Healer","ascension_level":8}}