{"host":"juoup3p5tvzzktl5","time":1611895066,"event":{"mods":["ATMod(∞¢Ë™Mod)","Aspiration","BaseMod","Better Vampires","BetterRewards","Colored Map","Colored Powertips","Friendly Minions","GifTheSpireLib","Hermit","Hubris","Infinite Spire","KinomotoSakuraMod(ƒæ÷Æ±æ”£)","Koishi","KomeijiMod","Marisa£®ÏF”Í°°ƒß¿Ì…≥£©","Minty Spire (QoL Compilation)","Quick Restart","Reimu£®≤©¿ˆ¡È√Œ£©","Relic Filter Mod","Reliquary","Replay The Spire","Shop Mod","StSLib","The Administrix","The Alterego","The Bug Knight","The Construct","The Cursed","The Jungle","The Mystic","The Runesmith","The Senshi","Youmu£®ªÍ∆«—˝√Œ£©","Yuyuko"],"gold_per_floor":[119,119,131,144,158,184,184,184,184,194,194,210,226,260,260,260,260],"floor_reached":16,"language":"ZHS","playtime":889,"items_purged":[],"score":278,"play_id":"fb5cbeb4-f41c-427f-910f-70a07e709ce8","local_time":"20210129133746","is_ascension_mode":true,"campfire_choices":[{"data":"Defend_R","floor":11.0,"key":"PURGE"},{"data":"Strike_R","floor":15.0,"key":"PURGE"}],"circlet_count":0,"master_deck":["AscendersBane","Strike_R","Strike_R","Strike_R","Strike_R","Defend_R","Defend_R","Bash","AT_PowerWithin","ReplayTheSpireMod:Muscle Training","Feed+1","Heavy Blade","Sword Boomerang","Flex","Clash","Hemokinesis","Immolate","infinitespire:OneForAll"],"relics":["Burning Blood","AT_ATBox","HandDrill","Replay:Multitool","infinitespire:ShieldingShard","Regal Pillow"],"acts_visited":["Exordium"],"potions_floor_usage":[16],"damage_taken":[{"damage":13.0,"enemies":"Jaw Worm","floor":1.0,"turns":3.0},{"damage":3.0,"enemies":"Cultist","floor":3.0,"turns":2.0},{"damage":18.0,"enemies":"2 Louse","floor":4.0,"turns":4.0},{"damage":33.0,"enemies":"Lots of Slimes","floor":5.0,"turns":4.0},{"damage":8.0,"enemies":"Gremlin Nob","floor":6.0,"turns":2.0},{"damage":0.0,"enemies":"Exordium Wildlife","floor":10.0,"turns":2.0},{"damage":13.0,"enemies":"Red Slaver","floor":12.0,"turns":2.0},{"damage":5.0,"enemies":"Large Slime","floor":13.0,"turns":2.0},{"damage":16.0,"enemies":"3 Sentries","floor":14.0,"turns":3.0},{"damage":42,"enemies":"The Guardian","floor":16,"turns":7}],"seed_played":"4259144839216767024","potions_obtained":[{"floor":5.0,"key":"AttackPotion"},{"floor":6.0,"key":"Energy Potion"},{"floor":12.0,"key":"SpeedPotion"},{"floor":14.0,"key":"GamblersBrew"}],"is_trial":false,"path_per_floor":["M","?","M","M","M","E","R","?","T","M","R","M","M","E","R","B"],"character_chosen":"IRONCLAD","items_purchased":["HandDrill"],"campfire_rested":0,"item_purchase_floors":[0],"current_hp_per_floor":[55,55,61,52,28,26,51,51,51,57,57,50,55,49,49,7,7],"gold":260,"neow_bonus":"","is_daily":false,"chose_seed":false,"campfire_upgraded":0,"win_rate":0.0,"timestamp":1611895066,"path_taken":["M","?","M","?","M","E","R","?","T","?","R","M","M","E","R","BOSS"],"items_purchased_type":["Relic"],"build_version":"2020-12-22","purchased_purges":0,"victory":false,"max_hp_per_floor":[75,75,78,81,84,84,84,84,84,84,84,84,88,92,92,92,92],"card_choices":[{"not_picked":["ReplayTheSpireMod:Limb From Limb","Thunderclap"],"picked":"ReplayTheSpireMod:Muscle Training","floor":1.0},{"not_picked":["Fire Breathing","Anger"],"picked":"Heavy Blade","floor":3.0},{"not_picked":["Headbutt","Defy Death"],"picked":"Sword Boomerang","floor":4.0},{"not_picked":["Replay:Undeath\u0027s Touch","Burning Pact"],"picked":"Flex","floor":5.0},{"not_picked":["Iron Wave","Warcry"],"picked":"Clash","floor":6.0},{"not_picked":["Clothesline","Sentinel"],"picked":"Hemokinesis","floor":10.0},{"not_picked":["Flex","hubris:ReadiedAction"],"picked":"Immolate","floor":12.0},{"not_picked":["ReplayTheSpireMod:Strike From Hell","Havoc","Shockwave"],"picked":"SKIP","floor":13.0},{"not_picked":["Body Slam","Iron Wave"],"picked":"infinitespire:OneForAll","floor":14.0}],"player_experience":1089593,"relics_obtained":[{"floor":6.0,"key":"Replay:Multitool"},{"floor":9.0,"key":"infinitespire:ShieldingShard"},{"floor":14.0,"key":"Regal Pillow"}],"event_choices":[{"damage_healed":0.0,"max_hp_gain":0.0,"max_hp_loss":0.0,"gold_gain":0.0,"event_name":"Match and Keep!","player_choice":"1 cards matched","floor":2.0,"gold_loss":0.0,"damage_taken":0.0,"cards_obtained":["Feed"]},{"cards_removed":["Defend_R"],"damage_healed":0.0,"max_hp_gain":0.0,"max_hp_loss":0.0,"gold_gain":0.0,"event_name":"Purifier","player_choice":"Purged","floor":8.0,"gold_loss":0.0,"damage_taken":0.0}],"is_beta":false,"boss_relics":[],"items_purged_floors":[],"is_endless":false,"potions_floor_spawned":[5,6,12,14],"killed_by":"The Guardian","ascension_level":20}}