{"host":"m4pe905ae9bldoe7","time":1611943493,"event":{"mods":["BaseMod","Bestiary","Block Reminder","Downfall","Minty Spire (QoL Compilation)","StSLib"],"gold_per_floor":[99,99,129,129,41,71,71,371,406,169,184,18,18,18,35,134,134,34,46,59,59,59,59,108,56,91,91,3,3,20,20,20],"floor_reached":31,"language":"ENG","playtime":1325,"items_purged":["Injury"],"score":305,"play_id":"833f231d-3de7-41a1-81af-776769791f4b","local_time":"20210129190453","is_ascension_mode":false,"campfire_choices":[{"data":"Slimebound:Split","floor":1.0,"key":"SMITH"},{"data":"Slimebound:MassRepurpose","floor":13.0,"key":"SMITH"},{"data":"Slimebound:LevelUp","floor":18,"key":"SMITH"},{"data":"Slimebound:LevelUp","floor":27,"key":"SMITH"},{"data":"Slimebound:LevelUp","floor":29,"key":"SMITH"}],"circlet_count":0,"master_deck":["Slimebound:Strike_Slimebound","Slimebound:Strike_Slimebound","Slimebound:Strike_Slimebound","Slimebound:Tackle","Slimebound:Defend_Slimebound","Slimebound:Defend_Slimebound","Slimebound:Defend_Slimebound","Slimebound:Defend_Slimebound","Slimebound:Split+1","Slimebound:CorrosiveSpit","Slimebound:Repurpose","Slimebound:Replication","Slimebound:LevelUp+1","Slimebound:SplitLeeching","Slimebound:Replication","CurseOfTheBell","CurseOfTheBell","Slimebound:MassRepurpose+1","Slimebound:LevelUp+1","Slimebound:LeadByExample","Slimebound:LevelUp+1","Slimebound:SelfFormingGoo","Slimebound:SplitAcid+1","downfall:Bewildered","Slimebound:ProtectTheBoss","Slimebound:DivideAndConquer","Slimebound:Darklings"],"relics":["Slimebound:AbsorbEndCombat","downfall:HeartsMalice","Slimebound:MaxSlimesRelic","Blood Vial","Singing Bowl","downfall:ExtraCursedBell","Lantern","Eternal Feather","Old Coin","Oddly Smooth Stone","Strange Spoon","Black Star","downfall:HeartBlessingBlue","sneckomod:BabySnecko","downfall:RedIOU","White Beast Statue","PreservedInsect","Juzu Bracelet","Prayer Wheel"],"acts_visited":["Exordium","TheCity"],"potions_floor_usage":[26,31],"damage_taken":[{"damage":0.0,"enemies":"Cultist","floor":2.0,"turns":1.0},{"damage":0.0,"enemies":"downfall:FleeingMerchant","floor":5.0,"turns":1.0},{"damage":0.0,"enemies":"Gremlin Nob","floor":6.0,"turns":1.0},{"damage":9.0,"enemies":"Lagavulin","floor":9.0,"turns":6.0},{"damage":0.0,"enemies":"downfall:FleeingMerchant","floor":10.0,"turns":4.0},{"damage":5.0,"enemies":"Jaw Worm","floor":11.0,"turns":3.0},{"damage":0.0,"enemies":"downfall:FleeingMerchant","floor":12.0,"turns":4.0},{"damage":8.0,"enemies":"2 Louse","floor":15.0,"turns":3.0},{"damage":17,"enemies":"WA_ARCHETYPE_RETAIN","floor":16,"turns":5},{"damage":7,"enemies":"Chosen","floor":19,"turns":5},{"damage":9,"enemies":"Shell Parasite","floor":20,"turns":3},{"damage":4,"enemies":"downfall:FleeingMerchant","floor":25,"turns":4},{"damage":33,"enemies":"Gremlin Leader","floor":26,"turns":4},{"damage":18,"enemies":"downfall:FleeingMerchant","floor":28,"turns":4},{"damage":36,"enemies":"Snake Plant","floor":30,"turns":4},{"damage":32,"enemies":"Slavers","floor":31,"turns":1}],"seed_played":"-3600824572342349226","potions_obtained":[{"floor":6.0,"key":"Ancient Potion"},{"floor":9.0,"key":"Ancient Potion"},{"floor":15.0,"key":"Slimebound:SlimedPotion"},{"floor":16,"key":"hexamod:SoulburnPotion"},{"floor":26,"key":"LiquidBronze"},{"floor":30,"key":"PowerPotion"}],"is_trial":false,"path_per_floor":["R","M","?","T","$","E","T","?","E","$","M","$","R","T","M","B",null,"R","M","M","?","?","T","T","$","E","R","$","R","M","E"],"character_chosen":"SLIMEBOUND","items_purchased":["Slimebound:LevelUp","Slimebound:SplitLeeching","Slimebound:AggressiveSlimeRelic","Strange Spoon","Slimebound:ProtectTheBoss","Slimebound:DivideAndConquer"],"campfire_rested":0,"item_purchase_floors":[5,5,10,12,25,28],"current_hp_per_floor":[65,65,65,65,65,65,65,65,62,66,64,68,69,69,61,48,69,79,74,67,67,67,67,67,67,42,57,45,60,28,0,0],"gold":20,"neow_bonus":"THREE_ENEMY_KILL","is_daily":false,"chose_seed":false,"campfire_upgraded":5,"win_rate":0.0,"timestamp":1611943493,"path_taken":["R","?","?","?","$","E","T","?","E","$","M","?","R","?","M","BOSS","R","M","M","?","?","?","T","$","E","R","$","R","M","E"],"items_purchased_type":["Card","Card","Relic","Relic","Card","Card"],"build_version":"2020-12-22","purchased_purges":1,"victory":false,"max_hp_per_floor":[65,65,65,65,65,65,65,65,67,67,69,69,69,69,69,69,69,79,81,81,81,81,81,81,83,85,85,87,87,89,89,89],"card_choices":[{"not_picked":["Slimebound:Schlurp","Slimebound:ItLooksTasty"],"picked":"Slimebound:Repurpose","floor":2.0},{"not_picked":["Slimebound:FinishingTackle","Slimebound:GoopSpray"],"picked":"Slimebound:Replication","floor":5.0},{"not_picked":["Slimebound:GoopTackle","Slimebound:FinishingTackle"],"picked":"Slimebound:Replication","floor":6.0},{"not_picked":["Slimebound:TongueLash","Slimebound:PressTheAttack","Slimebound:HauntingLick"],"picked":"Singing Bowl","floor":9.0},{"not_picked":["Slimebound:LeechingTouch","Slimebound:Schlurp"],"picked":"Slimebound:LevelUp","floor":10.0},{"not_picked":["Slimebound:GoopSpray","Slimebound:Chomp","Slimebound:SplitLeeching"],"picked":"Singing Bowl","floor":11.0},{"not_picked":["Slimebound:Prepare","Slimebound:ComboTackle"],"picked":"Slimebound:LeadByExample","floor":12.0},{"not_picked":["Slimebound:RejuvenatingLick","Slimebound:Equalize"],"picked":"Slimebound:LevelUp","floor":15.0},{"not_picked":["Slimebound:LeechLife","Slimebound:PrepareCrush"],"picked":"Slimebound:SelfFormingGoo","floor":16},{"not_picked":["Slimebound:SamplingLick+1","Slimebound:Prepare+1","Slimebound:LeechEnergy"],"picked":"Singing Bowl","floor":19},{"not_picked":["Slimebound:RollThrough","Slimebound:Schlurp"],"picked":"Slimebound:SplitAcid+1","floor":20},{"not_picked":["Slimebound:SelfFormingGoo","Slimebound:GoopTackle+1","Slimebound:Grow+1"],"picked":"Singing Bowl","floor":25},{"not_picked":["Slimebound:Gluttony","Slimebound:TongueLash+1","Slimebound:Prepare"],"picked":"Singing Bowl","floor":26},{"not_picked":["Slimebound:Schlurp+1","Slimebound:LeechingTouch","Slimebound:Nibble"],"picked":"Singing Bowl","floor":28},{"not_picked":["Slimebound:GrowthPunch","Slimebound:Chomp"],"picked":"Slimebound:Darklings","floor":30},{"not_picked":["Slimebound:SpikyOuterGoop","Slimebound:LeechingTouch","Slimebound:GoopTackle"],"picked":"Singing Bowl","floor":30}],"player_experience":501665,"relics_obtained":[{"floor":4.0,"key":"Slimebound:MaxSlimesRelic"},{"floor":6.0,"key":"Blood Vial"},{"floor":7.0,"key":"Singing Bowl"},{"floor":8.0,"key":"Lantern"},{"floor":8.0,"key":"Eternal Feather"},{"floor":8.0,"key":"Old Coin"},{"floor":9.0,"key":"Oddly Smooth Stone"},{"floor":23,"key":"White Beast Statue"},{"floor":24,"key":"PreservedInsect"},{"floor":26,"key":"Juzu Bracelet"},{"floor":26,"key":"Prayer Wheel"}],"event_choices":[],"is_beta":false,"boss_relics":[{"not_picked":["Empty Cage","SlaversCollar"],"picked":"Black Star"}],"items_purged_floors":[10],"is_endless":false,"potions_floor_spawned":[6,9,15,16,25,26,28,30],"killed_by":"Slavers","ascension_level":0}}