{"host":"jhy70w0yh8dayqay","time":1611911204,"event":{"mods":["AchievementEnabler","BaseMod","Colored Map","Colored Powertips","DeckTracker","Minty Spire (QoL Compilation)","Permanent Neow","SuperFastMode"],"gold_per_floor":[118,118,142,167,191,234,234,234,284,30,30,30,30,73,73,162,162,182,198,222,243,243,243,281,281,281,406,23,67,67,67,67,67,67],"floor_reached":33,"language":"KOR","playtime":1490,"items_purged":["Strike_R"],"score":447,"play_id":"a5b2907b-7914-4bd5-8d54-7d467bb51485","local_time":"20210129180644","is_ascension_mode":true,"campfire_choices":[{"data":"Hemokinesis","floor":7,"key":"SMITH"},{"floor":12,"key":"REST"},{"floor":15,"key":"REST"},{"data":"Blood for Blood","floor":23,"key":"SMITH"},{"floor":25,"key":"REST"},{"floor":32,"key":"REST"}],"circlet_count":0,"master_deck":["AscendersBane","Strike_R","Strike_R","Defend_R","Defend_R","Defend_R","Defend_R","Bash","Rampage+1","Hemokinesis+1","Flex","Twin Strike","Blood for Blood+1","Pommel Strike","Immolate","Flame Barrier","Havoc+1","Shrug It Off+1","Shrug It Off","Combust+1"],"relics":["Burning Blood","Bag of Preparation","Golden Idol","Blue Candle","Centennial Puzzle","Kunai","Bronze Scales","SacredBark","Letter Opener","Oddly Smooth Stone","Unceasing Top","InkBottle","Lantern","Strawberry","Red Mask","Nilry\u0027s Codex"],"acts_visited":["Exordium","TheCity"],"potions_floor_usage":[6,19,24,27,27],"damage_taken":[{"damage":8,"enemies":"Jaw Worm","floor":1,"turns":4},{"damage":5,"enemies":"2 Louse","floor":3,"turns":3},{"damage":2,"enemies":"Cultist","floor":4,"turns":2},{"damage":9,"enemies":"Looter","floor":5,"turns":3},{"damage":18,"enemies":"3 Sentries","floor":6,"turns":6},{"damage":24,"enemies":"Lagavulin","floor":14,"turns":4},{"damage":32,"enemies":"Hexaghost","floor":16,"turns":8},{"damage":6,"enemies":"Chosen","floor":18,"turns":3},{"damage":2,"enemies":"Shell Parasite","floor":19,"turns":2},{"damage":37,"enemies":"Snake Plant","floor":20,"turns":4},{"damage":16,"enemies":"Cultist and Chosen","floor":21,"turns":3},{"damage":29,"enemies":"Slavers","floor":24,"turns":3},{"damage":18,"enemies":"Colosseum Slavers","floor":27,"turns":2},{"damage":32,"enemies":"Colosseum Nobs","floor":27,"turns":5},{"damage":7,"enemies":"Masked Bandits","floor":29,"turns":4},{"damage":42,"enemies":"Automaton","floor":33,"turns":6}],"seed_played":"6237853234417948061","potions_obtained":[{"floor":1,"key":"BlessingOfTheForge"},{"floor":3,"key":"Ancient Potion"},{"floor":6,"key":"Energy Potion"},{"floor":20,"key":"Fire Potion"},{"floor":24,"key":"DuplicationPotion"}],"is_trial":false,"path_per_floor":["M","?","M","M","M","E","R","?","T","$","?","R","?","E","R","B",null,"M","M","M","M","?","R","E","R","T","?","$","?","$","?","R","B"],"character_chosen":"IRONCLAD","items_purchased":["Kunai","Lantern","Strawberry"],"campfire_rested":4,"item_purchase_floors":[10,28,28],"current_hp_per_floor":[70,50,51,55,52,40,40,33,33,33,17,41,41,23,47,21,65,65,69,38,28,54,54,31,55,55,17,24,23,23,7,33,0,0],"gold":67,"neow_bonus":"RANDOM_COMMON_RELIC","is_daily":false,"chose_seed":false,"campfire_upgraded":2,"win_rate":0.0,"timestamp":1611911204,"path_taken":["M","?","M","M","M","E","R","?","T","$","?","R","?","E","R","BOSS","M","M","M","?","?","R","E","R","T","?","$","?","?","?","R","BOSS"],"items_purchased_type":["Relic","Relic","Relic"],"build_version":"2020-12-22","purchased_purges":1,"victory":false,"max_hp_per_floor":[80,80,80,80,80,80,80,80,80,80,80,80,80,80,80,80,80,80,80,80,80,80,80,80,80,80,80,87,87,87,87,87,87,87],"card_choices":[{"not_picked":["Reckless Charge","Flex"],"picked":"Rampage","floor":1},{"not_picked":["Anger","Body Slam"],"picked":"Hemokinesis","floor":3},{"not_picked":["Bloodletting","Headbutt"],"picked":"Flex","floor":4},{"not_picked":["Pummel","Warcry"],"picked":"Twin Strike","floor":5},{"not_picked":["Burning Pact","Intimidate"],"picked":"Blood for Blood","floor":6},{"not_picked":["Infernal Blade","Havoc"],"picked":"Pommel Strike","floor":14},{"not_picked":["Berserk","Reaper"],"picked":"Immolate","floor":16},{"not_picked":["Inflame","Body Slam"],"picked":"Flame Barrier","floor":18},{"not_picked":["Anger","Armaments"],"picked":"Havoc+1","floor":19},{"not_picked":["Iron Wave","Armaments","Body Slam"],"picked":"SKIP","floor":20},{"not_picked":["Headbutt","Thunderclap"],"picked":"Shrug It Off+1","floor":21},{"not_picked":["Clash","Sword Boomerang"],"picked":"Shrug It Off","floor":24},{"not_picked":["Dropkick","Sword Boomerang"],"picked":"Combust+1","floor":29}],"player_experience":448471,"relics_obtained":[{"floor":6,"key":"Blue Candle"},{"floor":9,"key":"Centennial Puzzle"},{"floor":14,"key":"Bronze Scales"},{"floor":24,"key":"Letter Opener"},{"floor":26,"key":"Oddly Smooth Stone"},{"floor":27,"key":"Unceasing Top"},{"floor":27,"key":"InkBottle"},{"floor":29,"key":"Red Mask"},{"floor":31,"key":"Nilry\u0027s Codex"}],"event_choices":[{"damage_healed":0,"gold_gain":0,"player_choice":"Take Damage","damage_taken":20,"relics_obtained":["Golden Idol"],"max_hp_gain":0,"max_hp_loss":0,"event_name":"Golden Idol","floor":2,"gold_loss":0},{"cards_removed":["Strike_R"],"damage_healed":0,"gold_gain":0,"player_choice":"Card Removal","damage_taken":7,"max_hp_gain":0,"max_hp_loss":0,"event_name":"Golden Wing","floor":8,"gold_loss":0},{"damage_healed":0,"gold_gain":0,"player_choice":"Entered Light","damage_taken":16,"max_hp_gain":0,"max_hp_loss":0,"event_name":"Shining Light","floor":11,"gold_loss":0,"cards_upgraded":["Strike_R","Rampage"]},{"cards_removed":["Strike_R"],"damage_healed":0,"gold_gain":0,"player_choice":"Offered Basic","damage_taken":0,"max_hp_gain":0,"max_hp_loss":0,"event_name":"Bonfire Elementals","floor":13,"gold_loss":0},{"damage_healed":26,"gold_gain":0,"player_choice":"Heal","damage_taken":0,"max_hp_gain":0,"max_hp_loss":0,"event_name":"The Library","floor":22,"gold_loss":0},{"damage_healed":0,"gold_gain":0,"player_choice":"Fight","damage_taken":0,"max_hp_gain":0,"max_hp_loss":0,"event_name":"Colosseum","floor":27,"gold_loss":0},{"damage_healed":0,"gold_gain":0,"player_choice":"Fought Nobs","damage_taken":0,"max_hp_gain":0,"max_hp_loss":0,"event_name":"Colosseum","floor":27,"gold_loss":0},{"damage_healed":0,"gold_gain":0,"player_choice":"Fought Bandits","damage_taken":0,"max_hp_gain":0,"max_hp_loss":0,"event_name":"Masked Bandits","floor":29,"gold_loss":0},{"damage_healed":0,"gold_gain":0,"player_choice":"Obtained Book","damage_taken":16,"max_hp_gain":0,"max_hp_loss":0,"event_name":"Cursed Tome","floor":31,"gold_loss":0}],"is_beta":false,"boss_relics":[{"not_picked":["Calling Bell","Ectoplasm"],"picked":"SacredBark"}],"items_purged_floors":[28],"is_endless":false,"potions_floor_spawned":[1,3,6,20,24,27],"killed_by":"Automaton","ascension_level":13}}