{"host":"nwd160me4iqdtr8u","time":1611892877,"event":{"mods":["AchievementEnabler","Act Like it!","BaseMod","Colored Map","DeckTracker","Minty Spire (QoL Compilation)","Quick Restart","Rare Cards Sparkle","StSLib","SuperFastMode","everything is the same but u backflip on backflip"],"gold_per_floor":[116,41,41,60,60,95,109,120,165,165,177,177,29,29,29,132,132,146,166,91,101,22,22,40,40,121,49,65,65,75,93,93,188,188,206,206,226,76,90,90,140,152,152,152,184,196,210,229,229,229,229,229,33,64,64],"floor_reached":56,"language":"KOR","playtime":3157,"items_purged":["Strike_G","Doubt"],"score":1258,"play_id":"d956eead-15d5-483e-8735-5bd731fb174d","local_time":"20210129130117","is_ascension_mode":false,"campfire_choices":[{"data":"Flechettes","floor":10.0,"key":"SMITH"},{"data":"Bouncing Flask","floor":12.0,"key":"SMITH"},{"data":"Calculated Gamble","floor":15.0,"key":"SMITH"},{"data":"Acrobatics","floor":23.0,"key":"SMITH"},{"data":"Noxious Fumes","floor":25.0,"key":"SMITH"},{"floor":32.0,"key":"REST"},{"data":"Reflex","floor":40.0,"key":"SMITH"},{"floor":44.0,"key":"REST"},{"floor":49.0,"key":"RECALL"},{"data":"After Image","floor":52.0,"key":"SMITH"}],"circlet_count":0,"master_deck":["Strike_G","Strike_G","Defend_G","Defend_G","Defend_G","Defend_G","Survivor","Neutralize","Flechettes+1","Bouncing Flask+1","Backflip","Calculated Gamble+1","Flying Knee","Corpse Explosion","Expertise","Tactician+1","Noxious Fumes+1","Acrobatics+1","Well Laid Plans+1","Leg Sweep","After Image","Footwork+1","After Image+1","Backflip","Reflex+1","Flechettes+1","Burst","Acrobatics","Caltrops","Calculated Gamble","Prepared","Acrobatics"],"relics":["Ring of the Snake","NeowsBlessing","StrikeDummy","Ancient Tea Set","Bronze Scales","SlaversCollar","Ninja Scroll","Cursed Key","Orichalcum","Turnip","Nunchaku","Toy Ornithopter"],"acts_visited":["Exordium","TheCity","TheBeyond","TheEnding"],"potions_floor_usage":[55,55],"damage_taken":[{"damage":0.0,"enemies":"2 Louse","floor":1.0,"turns":1.0},{"damage":0.0,"enemies":"Cultist","floor":4.0,"turns":1.0},{"damage":0.0,"enemies":"Gremlin Nob","floor":6.0,"turns":1.0},{"damage":0.0,"enemies":"Small Slimes","floor":7.0,"turns":3.0},{"damage":0.0,"enemies":"Exordium Thugs","floor":8.0,"turns":4.0},{"damage":1.0,"enemies":"Gremlin Gang","floor":11.0,"turns":3.0},{"damage":55.0,"enemies":"Slime Boss","floor":16.0,"turns":9.0},{"damage":9.0,"enemies":"Shell Parasite","floor":18.0,"turns":4.0},{"damage":5.0,"enemies":"Spheric Guardian","floor":19.0,"turns":4.0},{"damage":5.0,"enemies":"Snake Plant","floor":21.0,"turns":3.0},{"damage":7.0,"enemies":"Cultist and Chosen","floor":24.0,"turns":5.0},{"damage":2.0,"enemies":"Shelled Parasite and Fungi","floor":28.0,"turns":4.0},{"damage":6.0,"enemies":"Sentry and Sphere","floor":30.0,"turns":5.0},{"damage":12.0,"enemies":"Snecko","floor":31.0,"turns":5.0},{"damage":43.0,"enemies":"Champ","floor":33.0,"turns":9.0},{"damage":4.0,"enemies":"Orb Walker","floor":35.0,"turns":3.0},{"damage":1.0,"enemies":"3 Darklings","floor":37.0,"turns":2.0},{"damage":1.0,"enemies":"Jaw Worm Horde","floor":39.0,"turns":3.0},{"damage":2.0,"enemies":"Mind Bloom Boss Battle","floor":41.0,"turns":5.0},{"damage":28.0,"enemies":"Transient","floor":42.0,"turns":5.0},{"damage":0.0,"enemies":"Giant Head","floor":45.0,"turns":6.0},{"damage":10.0,"enemies":"Spire Growth","floor":46.0,"turns":5.0},{"damage":6.0,"enemies":"3 Darklings","floor":47.0,"turns":3.0},{"damage":0.0,"enemies":"Jaw Worm Horde","floor":48.0,"turns":3.0},{"damage":0.0,"enemies":"Donu and Deca","floor":50.0,"turns":9.0},{"damage":22.0,"enemies":"Shield and Spear","floor":54.0,"turns":5.0},{"damage":57,"enemies":"The Heart","floor":55,"turns":11}],"seed_played":"3901674927626517047","potions_obtained":[{"floor":1.0,"key":"AttackPotion"},{"floor":7.0,"key":"LiquidBronze"},{"floor":8.0,"key":"Fire Potion"},{"floor":16.0,"key":"DistilledChaos"},{"floor":18.0,"key":"Energy Potion"},{"floor":31.0,"key":"LiquidMemories"},{"floor":33.0,"key":"Poison Potion"},{"floor":37.0,"key":"CultistPotion"},{"floor":39.0,"key":"Fire Potion"},{"floor":46.0,"key":"ColorlessPotion"},{"floor":47.0,"key":"EssenceOfSteel"}],"is_trial":false,"path_per_floor":["M","$","?","M","?","E","M","M","T","R","M","R","$","?","R","B",null,"M","M","?","M","$","R","M","R","T","$","M","$","M","M","R","B",null,"M","?","M","$","M","R","?","M","T","R","E","M","M","M","R","B",null,"R","$","E","B",null],"character_chosen":"THE_SILENT","items_purchased":["Bronze Scales","Noxious Fumes","Acrobatics","Leg Sweep","Orichalcum","Prepared","Dexterity Potion"],"campfire_rested":2,"item_purchase_floors":[13,22,22,27,38,53,53],"current_hp_per_floor":[70,70,63,63,63,63,63,63,63,63,62,62,62,62,62,7,70,61,56,56,51,51,51,44,44,44,44,42,42,36,24,45,2,70,66,66,65,65,64,64,62,34,34,55,55,45,39,39,39,39,70,70,70,48,1],"gold":64,"neow_bonus":"THREE_ENEMY_KILL","is_daily":false,"chose_seed":false,"campfire_upgraded":7,"win_rate":0.0,"timestamp":1611892877,"path_taken":["M","$","?","M","?","E","?","M","T","R","M","R","$","?","R","BOSS","M","?","?","M","?","R","?","R","T","$","M","$","M","M","R","BOSS","M","?","?","$","M","R","?","M","T","R","E","M","M","M","R","BOSS","R","$","E","BOSS"],"items_purchased_type":["Relic","Card","Card","Card","Relic","Card","Potion"],"build_version":"2020-12-22","purchased_purges":2,"victory":true,"max_hp_per_floor":[70,70,70,70,70,70,70,70,70,70,70,70,70,70,70,70,70,70,70,70,70,70,70,70,70,70,70,70,70,70,70,70,70,70,70,70,70,70,70,70,70,70,70,70,70,70,70,70,70,70,70,70,70,70,70],"card_choices":[{"not_picked":["Reflex","Footwork"],"picked":"Flechettes","floor":1.0},{"not_picked":["All Out Attack","Prepared"],"picked":"Bouncing Flask","floor":4.0},{"not_picked":["Prepared","Setup","Slice"],"picked":"SKIP","floor":6.0},{"not_picked":["Deadly Poison","Flying Knee"],"picked":"Backflip","floor":7.0},{"not_picked":["Concentrate","Endless Agony"],"picked":"Calculated Gamble","floor":8.0},{"not_picked":["Dagger Throw","Cloak And Dagger"],"picked":"Flying Knee","floor":11.0},{"not_picked":["Phantasmal Killer","Die Die Die"],"picked":"Corpse Explosion","floor":16.0},{"not_picked":["Poisoned Stab","Bane"],"picked":"Expertise","floor":18.0},{"not_picked":["Infinite Blades","Dagger Throw"],"picked":"Tactician+1","floor":19.0},{"not_picked":["Poisoned Stab","Dodge and Roll","Bane"],"picked":"SKIP","floor":21.0},{"not_picked":["Prepared","Choke"],"picked":"Well Laid Plans+1","floor":24.0},{"not_picked":["Setup","Blade Dance","Accuracy"],"picked":"SKIP","floor":28.0},{"not_picked":["Dash","Distraction","Noxious Fumes"],"picked":"SKIP","floor":30.0},{"not_picked":["Slice+1","Bouncing Flask","Outmaneuver"],"picked":"SKIP","floor":31.0},{"not_picked":["Adrenaline","Venomology"],"picked":"After Image","floor":33.0},{"not_picked":["Blade Dance+1","Accuracy+1"],"picked":"Footwork+1","floor":35.0},{"not_picked":["Setup+1","Bouncing Flask"],"picked":"Backflip","floor":37.0},{"not_picked":["Infinite Blades","Escape Plan"],"picked":"Reflex","floor":39.0},{"not_picked":["Skewer+1","Reflex+1"],"picked":"Flechettes+1","floor":41.0},{"not_picked":["Deflect+1","Slice+1","Dodge and Roll"],"picked":"SKIP","floor":42.0},{"not_picked":["Bane","Blade Dance"],"picked":"Burst","floor":45.0},{"not_picked":["Cloak And Dagger","Dodge and Roll"],"picked":"Acrobatics","floor":46.0},{"not_picked":["Leg Sweep","Flying Knee+1"],"picked":"Caltrops","floor":47.0},{"not_picked":["Flechettes+1","Setup+1"],"picked":"Calculated Gamble","floor":48.0},{"not_picked":["Deflect+1","Heel Hook+1"],"picked":"Acrobatics","floor":54.0}],"player_experience":289342,"relics_obtained":[{"floor":6.0,"key":"StrikeDummy"},{"floor":9.0,"key":"Ancient Tea Set"},{"floor":26.0,"key":"Ninja Scroll"},{"floor":41.0,"key":"Turnip"},{"floor":45.0,"key":"Nunchaku"},{"floor":54.0,"key":"Toy Ornithopter"}],"event_choices":[{"cards_removed":["Strike_G"],"damage_healed":0.0,"max_hp_gain":0.0,"max_hp_loss":0.0,"gold_gain":0.0,"event_name":"Golden Wing","player_choice":"Card Removal","floor":3.0,"gold_loss":0.0,"damage_taken":7.0},{"damage_healed":0.0,"max_hp_gain":0.0,"max_hp_loss":0.0,"gold_gain":0.0,"event_name":"NoteForYourself","player_choice":"Ignored","floor":5.0,"gold_loss":0.0,"damage_taken":0.0},{"cards_removed":["Defend_G"],"damage_healed":0.0,"max_hp_gain":0.0,"max_hp_loss":0.0,"gold_gain":0.0,"event_name":"Bonfire Elementals","player_choice":"Offered Basic","floor":14.0,"gold_loss":0.0,"damage_taken":0.0},{"cards_removed":["Strike_G"],"damage_healed":0.0,"max_hp_gain":0.0,"max_hp_loss":0.0,"gold_gain":0.0,"event_name":"Beggar","player_choice":"Gave Gold","floor":20.0,"gold_loss":75.0,"damage_taken":0.0},{"damage_healed":0.0,"max_hp_gain":0.0,"max_hp_loss":0.0,"gold_gain":0.0,"event_name":"Duplicator","player_choice":"Copied","floor":36.0,"gold_loss":0.0,"damage_taken":0.0,"cards_obtained":["After Image"]},{"damage_healed":0.0,"max_hp_gain":0.0,"max_hp_loss":0.0,"gold_gain":0.0,"event_name":"MindBloom","player_choice":"Fight","floor":41.0,"gold_loss":0.0,"damage_taken":0.0}],"is_beta":false,"boss_relics":[{"not_picked":["Ectoplasm","Philosopher\u0027s Stone"],"picked":"SlaversCollar"},{"not_picked":["WristBlade","Pandora\u0027s Box"],"picked":"Cursed Key"}],"items_purged_floors":[2,53],"is_endless":false,"potions_floor_spawned":[1,7,8,16,18,21,31,33,37,39,46,47],"ascension_level":0}}