{"host":"hr6qo4jjm4ge1z5l","time":1611952454,"event":{"mods":["BaseMod","Colored Map","Minty Spire (QoL Compilation)","Relic Stats","ojb\u0027s Info Mod"],"gold_per_floor":[113,131,31,43,18,44,58,89,113,143,156,190,0,12,12,85,85,97,97,111,111,6,6,36,52,102,102,102,102],"floor_reached":28,"language":"ENG","playtime":3614,"items_purged":["Strike_B","Strike_B"],"score":482,"play_id":"661ab124-fb82-4764-9c0e-04c8cfddc654","local_time":"20210129213414","is_ascension_mode":true,"campfire_choices":[{"data":"Discovery","floor":15.0,"key":"SMITH"},{"data":"Zap","floor":23,"key":"SMITH"},{"data":"Capacitor","floor":27,"key":"SMITH"}],"circlet_count":0,"master_deck":["AscendersBane","Strike_B","Strike_B","Defend_B","Defend_B","Defend_B","Zap+1","Dualcast","Compile Driver","Reinforced Body","Lockon","Ball Lightning","Tempest","Hologram","Undo","Glacier","Conserve Battery","Self Repair","Genetic Algorithm","Discovery+1","Glacier","Electrodynamics","Capacitor+1","Turbo","Creative AI","Conserve Battery","Turbo","Ball Lightning"],"relics":["Cracked Core","Calipers","Tiny Chest","Smiling Mask","Bag of Marbles","MawBank","Runic Pyramid","Symbiotic Virus","Ancient Tea Set"],"acts_visited":["TheCity"],"potions_floor_usage":[20,24,25,28],"damage_taken":[{"damage":0.0,"enemies":"2 Louse","floor":1.0,"turns":2.0},{"damage":0.0,"enemies":"Small Slimes","floor":2.0,"turns":2.0},{"damage":1.0,"enemies":"Cultist","floor":4.0,"turns":3.0},{"damage":15.0,"enemies":"Gremlin Nob","floor":6.0,"turns":3.0},{"damage":0.0,"enemies":"2 Fungi Beasts","floor":7.0,"turns":3.0},{"damage":13.0,"enemies":"Lagavulin","floor":8.0,"turns":6.0},{"damage":10.0,"enemies":"Gremlin Nob","floor":10.0,"turns":3.0},{"damage":9.0,"enemies":"Exordium Wildlife","floor":11.0,"turns":7.0},{"damage":5.0,"enemies":"Lagavulin","floor":12.0,"turns":6.0},{"damage":0.0,"enemies":"Blue Slaver","floor":14.0,"turns":4.0},{"damage":18.0,"enemies":"The Guardian","floor":16.0,"turns":14.0},{"damage":24,"enemies":"Spheric Guardian","floor":18,"turns":10},{"damage":9,"enemies":"Shell Parasite","floor":20,"turns":9},{"damage":19,"enemies":"Slavers","floor":24,"turns":6},{"damage":2,"enemies":"Snecko","floor":25,"turns":6},{"damage":41,"enemies":"Gremlin Leader","floor":28,"turns":4}],"seed_played":"3655873558217748573","potions_obtained":[{"floor":1.0,"key":"AttackPotion"},{"floor":4.0,"key":"FearPotion"},{"floor":6.0,"key":"Block Potion"},{"floor":11.0,"key":"Dexterity Potion"},{"floor":14.0,"key":"SkillPotion"},{"floor":16,"key":"Explosive Potion"},{"floor":24,"key":"LiquidMemories"},{"floor":25,"key":"PowerPotion"}],"is_trial":false,"path_per_floor":["M","M","$","M","$","E","M","E","T","E","M","E","$","M","R","B",null,"M","?","M","?","$","R","E","M","T","R","E"],"character_chosen":"DEFECT","items_purchased":["Lockon","Ball Lightning","Hologram","Discovery","Dexterity Potion","Conserve Battery"],"campfire_rested":0,"item_purchase_floors":[3,3,5,13,13,22],"current_hp_per_floor":[71,71,71,70,70,55,55,42,42,32,23,25,25,32,32,21,64,40,40,38,38,38,38,26,31,31,31,0,0],"gold":102,"neow_bonus":"TEN_PERCENT_HP_BONUS","is_daily":false,"chose_seed":false,"campfire_upgraded":3,"win_rate":0.0,"timestamp":1611952454,"path_taken":["M","M","$","M","$","E","M","E","T","E","M","E","$","M","R","BOSS","BOSS","M","?","M","?","$","R","E","?","T","R","E"],"items_purchased_type":["Card","Card","Card","Card","Potion","Card"],"build_version":"2020-12-22","purchased_purges":2,"victory":false,"max_hp_per_floor":[78,78,78,78,78,78,78,78,78,78,78,78,78,78,78,78,78,78,78,78,78,78,78,78,78,78,78,78,78],"relic_stats":{"counters":[16,88],"Tiny Chest":0,"Smiling Mask":75,"MawBank":12,"obtain_stats":[{"Calipers":6,"Tiny Chest":8,"Bag of Marbles":10,"Cracked Core":0,"Smiling Mask":9,"MawBank":12,"Symbiotic Virus":24,"Ancient Tea Set":26,"Runic Pyramid":17},{"Calipers":4,"Tiny Chest":6,"Bag of Marbles":7,"Cracked Core":0,"Smiling Mask":6,"MawBank":9,"Symbiotic Virus":14,"Ancient Tea Set":15,"Runic Pyramid":11},{"Calipers":10,"Tiny Chest":19,"Bag of Marbles":22,"Cracked Core":0,"Smiling Mask":19,"MawBank":35,"Symbiotic Virus":78,"Ancient Tea Set":84,"Runic Pyramid":53}]},"card_choices":[{"not_picked":["Fusion","Coolheaded"],"picked":"Compile Driver","floor":1.0},{"not_picked":["Rebound","Leap"],"picked":"Reinforced Body","floor":2.0},{"not_picked":["Skim","Sweeping Beam"],"picked":"Tempest","floor":4.0},{"not_picked":["Ball Lightning","Leap"],"picked":"Undo","floor":6.0},{"not_picked":["Chill","Compile Driver"],"picked":"Glacier","floor":7.0},{"not_picked":["Rip and Tear","Steam"],"picked":"Conserve Battery","floor":8.0},{"not_picked":["Meteor Strike","Stack","Sunder"],"picked":"SKIP","floor":10.0},{"not_picked":["Ball Lightning","FTL"],"picked":"Self Repair","floor":11.0},{"not_picked":["Aggregate","Lockon"],"picked":"Genetic Algorithm","floor":12.0},{"not_picked":["Steam","Genetic Algorithm"],"picked":"Glacier","floor":14.0},{"not_picked":["Rainbow","Reboot"],"picked":"Electrodynamics","floor":16},{"not_picked":["Redo","Blizzard","Rebound"],"picked":"SKIP","floor":18},{"not_picked":["Heatsinks","Rebound"],"picked":"Turbo","floor":20},{"not_picked":["Cold Snap","Streamline"],"picked":"Turbo","floor":24},{"not_picked":["Redo","Leap"],"picked":"Ball Lightning","floor":25}],"player_experience":511881,"relics_obtained":[{"floor":6.0,"key":"Calipers"},{"floor":8.0,"key":"Tiny Chest"},{"floor":9.0,"key":"Smiling Mask"},{"floor":10.0,"key":"Bag of Marbles"},{"floor":12.0,"key":"MawBank"},{"floor":24,"key":"Symbiotic Virus"},{"floor":26,"key":"Ancient Tea Set"}],"event_choices":[{"damage_healed":0,"gold_gain":0,"player_choice":"Read","damage_taken":0,"max_hp_gain":0,"max_hp_loss":0,"event_name":"The Library","floor":19,"gold_loss":0,"cards_obtained":["Capacitor"]},{"damage_healed":0,"gold_gain":0,"cards_transformed":["Defend_B"],"player_choice":"Transformed","damage_taken":0,"max_hp_gain":0,"max_hp_loss":0,"event_name":"Transmorgrifier","floor":21,"gold_loss":0,"cards_obtained":["Creative AI"]}],"is_beta":false,"boss_relics":[{"not_picked":["Tiny House","Runic Dome"],"picked":"Runic Pyramid"}],"items_purged_floors":[13,22],"is_endless":false,"potions_floor_spawned":[1,4,6,11,14,16,24,25],"killed_by":"Gremlin Leader","ascension_level":16}}