{"host":"ty2cix8xj6r3ad26","time":1611936342,"event":{"mods":["AchievementEnabler","BaseMod","BetterRewards","Hubris","Infinite Spire","Minty Spire (QoL Compilation)","Quick Restart","StSLib","SuperFastMode"],"gold_per_floor":[111,111,121,121,121,121,135,135,158,170,170,45,45,55,55,133,133,149,149,160,171,21,21,35,35,35],"floor_reached":25,"language":"ENG","playtime":1496,"items_purged":["Strike_G","Defend_G","Strike_G","Defend_G"],"score":328,"play_id":"206af3e8-c7af-4a8c-bf19-3eaecf0b7a5c","local_time":"20210129180542","is_ascension_mode":true,"campfire_choices":[{"floor":6,"key":"REST"},{"data":"Neutralize","floor":11,"key":"SMITH"},{"data":"Dodge and Roll","floor":13,"key":"SMITH"},{"data":"Footwork","floor":15,"key":"SMITH"},{"data":"Cloak And Dagger","floor":23,"key":"SMITH"}],"circlet_count":0,"master_deck":["AscendersBane","Strike_G","Defend_G","Defend_G","Survivor","Neutralize+1","Noxious Fumes","Dodge and Roll+1","Accuracy","Bane","Infinite Blades","Dagger Spray","Cloak And Dagger+1","Noxious Fumes","Footwork+1","Burst","Terror","Bullet Time"],"relics":["Ring of the Snake","TheAbacus","Pen Nib","Omamori","Nloth\u0027s Gift"],"acts_visited":["Exordium","TheCity"],"potions_floor_usage":[16,16,20],"damage_taken":[{"damage":10,"enemies":"Jaw Worm","floor":1,"turns":5},{"damage":0,"enemies":"Cultist","floor":3,"turns":4},{"damage":6,"enemies":"Small Slimes","floor":7,"turns":3},{"damage":2,"enemies":"Blue Slaver","floor":10,"turns":4},{"damage":2,"enemies":"Looter","floor":14,"turns":3},{"damage":5,"enemies":"Slime Boss","floor":16,"turns":7},{"damage":14,"enemies":"Spheric Guardian","floor":18,"turns":6},{"damage":3,"enemies":"Shell Parasite","floor":20,"turns":4},{"damage":8,"enemies":"Centurion and Healer","floor":21,"turns":6},{"damage":12,"enemies":"Shelled Parasite and Fungi","floor":24,"turns":5},{"damage":21,"enemies":"Book of Stabbing","floor":25,"turns":3}],"seed_played":"968206181726433940","potions_obtained":[{"floor":1,"key":"DuplicationPotion"},{"floor":3,"key":"Regen Potion"},{"floor":18,"key":"ColorlessPotion"}],"is_trial":false,"path_per_floor":["M","?","M","?","?","R","M","?","T","M","R","$","R","M","R","B",null,"M","?","M","M","$","R","M","E"],"character_chosen":"THE_SILENT","items_purchased":["TheAbacus","Noxious Fumes","Dodge and Roll","Accuracy","Pen Nib","Omamori","Bane"],"campfire_rested":1,"item_purchase_floors":[0,0,0,0,0,0,0],"current_hp_per_floor":[18,18,18,11,11,30,24,24,24,22,22,22,22,20,20,30,57,43,43,40,32,32,32,20,0,0],"gold":35,"neow_bonus":"","is_daily":false,"chose_seed":false,"campfire_upgraded":4,"win_rate":0.0,"timestamp":1611936342,"path_taken":["M","?","?","?","?","R","M","?","T","?","R","$","R","M","R","BOSS","M","?","M","M","?","R","M","E"],"items_purchased_type":["Relic","Card","Card","Card","Relic","Relic","Card"],"build_version":"2020-12-22","purchased_purges":4,"victory":false,"max_hp_per_floor":[66,66,66,66,66,66,66,66,66,66,66,66,66,66,66,66,66,66,66,66,66,66,66,66,66,66],"card_choices":[{"not_picked":["Underhanded Strike","Predator"],"picked":"Infinite Blades","floor":1},{"not_picked":["hubris:Counter","Underhanded Strike"],"picked":"Cloak And Dagger","floor":3},{"not_picked":["Dagger Spray","Underhanded Strike","Dodge and Roll"],"picked":"SKIP","floor":7},{"not_picked":["Cloak And Dagger","Caltrops"],"picked":"Noxious Fumes","floor":10},{"not_picked":["PiercingWail","Catalyst"],"picked":"Footwork","floor":14},{"not_picked":["Bullet Time","Glass Knife"],"picked":"Burst","floor":16},{"not_picked":["Bouncing Flask","Prepared"],"picked":"Terror","floor":18},{"not_picked":["Deadly Poison","Riddle With Holes"],"picked":"Bullet Time","floor":20},{"not_picked":["Bane","Poisoned Stab","Unload"],"picked":"SKIP","floor":21},{"not_picked":["Expertise","Dagger Spray+1","hubris:Counter"],"picked":"SKIP","floor":24}],"player_experience":505950,"relics_obtained":[],"event_choices":[{"damage_healed":0,"gold_gain":0,"cards_transformed":["Strike_G"],"player_choice":"Transformed","damage_taken":0,"max_hp_gain":0,"max_hp_loss":0,"event_name":"Transmorgrifier","floor":2,"gold_loss":0,"cards_obtained":["Dagger Spray"]},{"cards_removed":["Strike_G"],"damage_healed":0,"gold_gain":0,"player_choice":"Card Removal","damage_taken":7,"max_hp_gain":0,"max_hp_loss":0,"event_name":"Golden Wing","floor":4,"gold_loss":0},{"damage_healed":0,"gold_gain":0,"player_choice":"Ignored","damage_taken":0,"max_hp_gain":0,"max_hp_loss":0,"event_name":"Shining Light","floor":5,"gold_loss":0},{"cards_removed":["Defend_G"],"damage_healed":0,"gold_gain":0,"player_choice":"Purged","damage_taken":0,"max_hp_gain":0,"max_hp_loss":0,"event_name":"Purifier","floor":8,"gold_loss":0},{"damage_healed":0,"gold_gain":0,"player_choice":"Traded Relic","damage_taken":0,"relics_obtained":["Nloth\u0027s Gift"],"max_hp_gain":0,"max_hp_loss":0,"event_name":"N\u0027loth","floor":19,"relics_lost":["hubris:ScarierMask"],"gold_loss":0}],"is_beta":false,"boss_relics":[{"not_picked":["hubris:Stopwatch","hubris:HollowSoul"],"picked":"hubris:ScarierMask"}],"items_purged_floors":[0,0,12,22],"is_endless":false,"potions_floor_spawned":[1,3,7,18],"killed_by":"Book of Stabbing","ascension_level":14}}