{"host":"igj4vwc42ivwqexo","time":1611943522,"event":{"mods":["BaseMod","Better Third Choice","Koishi","Marisa????????","Minty Spire (QoL Compilation)","Potionbrewer","Shop Mod","StS++","StSLib","The Disciple","The Hierophant","The Sage","The Servant 0.9.4"],"gold_per_floor":[115,130,150,100,118,118,136,136,136,166,166,185,218,236,236,340,340,359,376,152,152,167,167,193,193,219,219,230,5,5,33,33,128,128,148,148,168,178,231,231,231,231,231,31,31,41,76,93,93,93],"floor_reached":51,"language":"ENG","playtime":13879,"items_purged":["Strike_S","Defend_S"],"score":852,"play_id":"d3ee0976-f8be-415d-9aaf-93d2e2dab68d","local_time":"20210129190522","is_ascension_mode":false,"campfire_choices":[{"data":"KidneyShot","floor":6,"key":"SMITH"},{"data":"Starlight","floor":8,"key":"SMITH"},{"data":"SurpressingFire","floor":11,"key":"SMITH"},{"data":"TheWorld","floor":15,"key":"SMITH"},{"data":"Solidify","floor":23,"key":"SMITH"},{"data":"Sunlight","floor":25,"key":"SMITH"},{"data":"Duplication","floor":30,"key":"SMITH"},{"data":"Defy","floor":32,"key":"SMITH"},{"data":"FlawlessForm","floor":40,"key":"SMITH"},{"data":"FloweringNight","floor":42,"key":"SMITH"},{"data":"ForgedInTime","floor":45,"key":"SMITH"},{"data":"KillingDoll","floor":49,"key":"SMITH"}],"circlet_count":0,"master_deck":["Strike_S","Strike_S","Defend_S","Defend_S","Defend_S","KidneyShot+1","Exchange","Comet","Defy+1","TheWorld+1","Starlight+1","Rearm","SurpressingFire+1","StarChef","ForgedInTime+1","Desolation","MurderousAura","Sunlight+1","LightFlow","Initiator","MurderousAura","PendulumOfEternity","FloweringNight+1","Dilation","Solidify+1","ForgedInTime","TheWorld+1","SoulSculpture","FlawlessForm+1","Embodiment","Duplication+1","Deny","KillingDoll+1","BottledTime","GearUp+1","Starlight","Defy","Luminosity","ShatteredReality+1","Defy","Rearm+1","Defy","Defy","SilverBlades+1"],"relics":["Uniform","StSpp:Monolith","potionbrewer:SlideRule","Pocketwatch","StSpp:CrystalBall","Bag of Marbles","Toy Ornithopter","Membership Card","Anchor","potionbrewer:DrinkingBird","MysterySword","CatCart","Mummified Hand","Ornamental Fan","Pantograph"],"acts_visited":["Exordium","TheCity","TheBeyond"],"potions_floor_usage":[10,10,16,18,22,33,35,39,50],"damage_taken":[{"damage":5,"enemies":"Jaw Worm","floor":1,"turns":5},{"damage":4,"enemies":"2 Louse","floor":2,"turns":3},{"damage":0,"enemies":"Cultist","floor":3,"turns":4},{"damage":5,"enemies":"3 Louse","floor":5,"turns":5},{"damage":6,"enemies":"Exordium Thugs","floor":7,"turns":7},{"damage":3,"enemies":"3 Sentries","floor":10,"turns":6},{"damage":2,"enemies":"Gremlin Gang","floor":12,"turns":4},{"damage":0,"enemies":"Lagavulin","floor":13,"turns":7},{"damage":0,"enemies":"Blue Slaver","floor":14,"turns":3},{"damage":0,"enemies":"Hexaghost","floor":16,"turns":9},{"damage":23,"enemies":"3 Byrds","floor":18,"turns":4},{"damage":7,"enemies":"2 Thieves","floor":19,"turns":3},{"damage":6,"enemies":"Snake Plant","floor":22,"turns":3},{"damage":0,"enemies":"Book of Stabbing","floor":24,"turns":4},{"damage":0,"enemies":"Shelled Parasite and Fungi","floor":28,"turns":4},{"damage":0,"enemies":"Gremlin Leader","floor":31,"turns":5},{"damage":7,"enemies":"Automaton","floor":33,"turns":7},{"damage":0,"enemies":"Orb Walker","floor":35,"turns":3},{"damage":0,"enemies":"3 Darklings","floor":37,"turns":6},{"damage":12,"enemies":"4 Shapes","floor":38,"turns":2},{"damage":0,"enemies":"Orin","floor":39,"turns":9},{"damage":0,"enemies":"Sphere and 2 Shapes","floor":46,"turns":4},{"damage":1,"enemies":"Reptomancer","floor":47,"turns":4},{"damage":0,"enemies":"3 Darklings","floor":48,"turns":3},{"damage":13,"enemies":"Awakened One","floor":50,"turns":8}],"seed_played":"6555713487532765218","potions_obtained":[{"floor":3,"key":"BlessingOfTheForge"},{"floor":5,"key":"CultistPotion"},{"floor":12,"key":"Weak Potion"},{"floor":14,"key":"Swift Potion"},{"floor":16,"key":"Weak Potion"},{"floor":22,"key":"Fruit Juice"},{"floor":27,"key":"StSpp:SecondWindPotion"},{"floor":27,"key":"potionbrewer:FreezingPotion"},{"floor":27,"key":"potionbrewer:EndurancePotion"},{"floor":35,"key":"Explosive Potion"},{"floor":39,"key":"StSpp:SecondWindPotion"}],"is_trial":false,"path_per_floor":["M","M","M","?","M","R","M","R","T","E","R","M","E","M","R","B",null,"M","M","$","?","M","R","E","R","T","?","M","$","R","E","R","B",null,"M","?","M","M","?","R","?","R","T","$","R","M","E","M","R","B",null],"character_chosen":"THE_SERVANT","items_purchased":["Starlight","Defy","Luminosity","Membership Card","Anchor","Defy","Ornamental Fan"],"campfire_rested":0,"item_purchase_floors":[20,20,20,29,29,44,44],"current_hp_per_floor":[66,62,62,62,57,57,51,51,51,48,48,46,46,46,46,46,71,48,41,41,41,40,40,40,40,40,40,40,40,40,40,40,38,76,76,76,76,64,69,69,69,69,69,69,69,69,68,68,68,59],"gold":93,"neow_bonus":"TEN_PERCENT_HP_BONUS","is_daily":false,"chose_seed":false,"campfire_upgraded":12,"win_rate":0.0,"timestamp":1611943522,"path_taken":["M","M","M","?","M","R","M","R","T","E","R","M","E","M","R","BOSS","M","M","$","?","?","R","E","R","T","?","M","?","R","E","R","BOSS","M","?","?","M","?","R","?","R","T","?","R","M","E","M","R","BOSS"],"items_purchased_type":["Card","Card","Card","Relic","Relic","Card","Relic"],"build_version":"2020-12-22","purchased_purges":2,"victory":true,"max_hp_per_floor":[71,71,71,71,71,71,71,71,71,71,71,71,71,71,71,71,71,71,71,71,71,76,76,76,76,76,76,76,76,76,76,76,76,76,76,76,76,76,76,76,72,72,72,72,72,72,72,72,72,72],"card_choices":[{"not_picked":["Replace","Potential"],"picked":"Comet","floor":1},{"not_picked":["Revamp","DoubleEdge"],"picked":"Defy","floor":2},{"not_picked":["Replace","Defy"],"picked":"TheWorld","floor":3},{"not_picked":["ShatteredReality","Shuttle"],"picked":"Starlight","floor":5},{"not_picked":["Read","Unruled"],"picked":"Rearm","floor":7},{"not_picked":["TimeWarp","Contraction"],"picked":"SurpressingFire","floor":10},{"not_picked":["TimeWarp","Rewind"],"picked":"StarChef","floor":12},{"not_picked":["Unruled","Spin"],"picked":"ForgedInTime","floor":13},{"not_picked":["Replace","TimeWarp"],"picked":"Desolation","floor":14},{"not_picked":["TheWorld","LightFlow"],"picked":"MurderousAura","floor":16},{"not_picked":["BestPractice","Rewind"],"picked":"BottledTime","floor":18},{"not_picked":["Gouge","Rearm+1"],"picked":"GearUp+1","floor":19},{"not_picked":["Rearm+1","DoubleEdge"],"picked":"ShatteredReality+1","floor":22},{"not_picked":["Alleviate","Starlight"],"picked":"Defy","floor":24},{"not_picked":["Embodiment","ShatteredReality","RealityMarble"],"picked":"SKIP","floor":28},{"not_picked":["ForgedInTime","BestPractice","Manipulate+1"],"picked":"SKIP","floor":31},{"not_picked":["Rewind+1","Replace+1","Luminosity"],"picked":"SKIP","floor":35},{"not_picked":["Spin","Rearm","TimeWarp"],"picked":"SKIP","floor":37},{"not_picked":["Gouge+1","SoulSculpture","Manipulate"],"picked":"SKIP","floor":38},{"not_picked":["Misdirection+1","BottledTime"],"picked":"Rearm+1","floor":39},{"not_picked":["RealityMarble","ShatteredReality"],"picked":"Defy","floor":46},{"not_picked":["Foresight+1","Unruled+1"],"picked":"SilverBlades+1","floor":47},{"not_picked":["Desolation","RealityMarble+1","Alleviate+1"],"picked":"SKIP","floor":48}],"player_experience":403543,"relics_obtained":[{"floor":9,"key":"StSpp:Monolith"},{"floor":10,"key":"potionbrewer:SlideRule"},{"floor":13,"key":"Pocketwatch"},{"floor":24,"key":"Bag of Marbles"},{"floor":26,"key":"Toy Ornithopter"},{"floor":31,"key":"potionbrewer:DrinkingBird"},{"floor":39,"key":"CatCart"},{"floor":43,"key":"Mummified Hand"},{"floor":47,"key":"Pantograph"}],"event_choices":[{"cards_removed":["Strike_S"],"damage_healed":0,"gold_gain":0,"player_choice":"Card Removal","damage_taken":0,"max_hp_gain":0,"max_hp_loss":0,"event_name":"The Cleric","floor":4,"gold_loss":50},{"damage_healed":0,"gold_gain":0,"player_choice":"Upgraded","damage_taken":0,"max_hp_gain":0,"max_hp_loss":0,"event_name":"Upgrade Shrine","floor":21,"gold_loss":0,"cards_upgraded":["TheWorld"]},{"damage_healed":0,"gold_gain":0,"player_choice":"Got Potions","damage_taken":0,"max_hp_gain":0,"max_hp_loss":0,"event_name":"Lab","floor":27,"gold_loss":0},{"damage_healed":0,"gold_gain":0,"player_choice":"Ignored","damage_taken":0,"max_hp_gain":0,"max_hp_loss":0,"event_name":"NoteForYourself","floor":36,"gold_loss":0},{"damage_healed":0,"gold_gain":0,"player_choice":"Fight","damage_taken":0,"max_hp_gain":0,"max_hp_loss":0,"event_name":"OrinTheCat","floor":39,"gold_loss":0},{"damage_healed":0,"gold_gain":0,"player_choice":"Max HP","damage_taken":0,"max_hp_gain":0,"max_hp_loss":4,"event_name":"Winding Halls","floor":41,"gold_loss":0}],"is_beta":false,"boss_relics":[{"not_picked":["SlaversCollar","Empty Cage"],"picked":"StSpp:CrystalBall"},{"not_picked":["SacredBark","StSpp:Balance"],"picked":"MysterySword"}],"items_purged_floors":[20,44],"is_endless":false,"potions_floor_spawned":[3,5,12,14,16,22,31,33,35,37,39,46],"ascension_level":0}}