{"host":"ga4s3hj9m6nkn6gp","time":1611949492,"event":{"mods":["AchievementEnabler","BaseMod","Bestiary","Colored Powertips","Highlight Path","Minty Spire (QoL Compilation)","Relic Stats","everything is the same but u backflip on backflip"],"gold_per_floor":[109,51,201,201,222,256,256,294,294,313,313,346,346,367,367,367,367],"floor_reached":16,"language":"ENG","playtime":464,"items_purged":[],"score":286,"play_id":"7c62693b-7fe7-4dbf-9fc2-ce96f98dd7c4","local_time":"20210129204452","is_ascension_mode":true,"campfire_choices":[{"data":"Deadly Poison","floor":7,"key":"SMITH"},{"data":"Bane","floor":11,"key":"SMITH"},{"data":"Neutralize","floor":15,"key":"SMITH"}],"circlet_count":0,"master_deck":["AscendersBane","Strike_G","Strike_G","Strike_G","Strike_G","Strike_G","Defend_G","Defend_G","Defend_G","Defend_G","Defend_G","Survivor","Neutralize+1","Blade Dance+1","Deadly Poison+1","Doubt","Bane+1","After Image","Backflip+1","Blur+1"],"relics":["Ring of the Snake","NeowsBlessing","Golden Idol","Potion Belt","Ninja Scroll","Toxic Egg 2","Toy Ornithopter"],"acts_visited":["Exordium"],"potions_floor_usage":[12,12,16],"damage_taken":[{"damage":0,"enemies":"Cultist","floor":1,"turns":1},{"damage":0,"enemies":"2 Louse","floor":5,"turns":1},{"damage":0,"enemies":"Gremlin Nob","floor":6,"turns":1},{"damage":25,"enemies":"3 Sentries","floor":8,"turns":11},{"damage":1,"enemies":"Small Slimes","floor":10,"turns":2},{"damage":23,"enemies":"Gremlin Nob","floor":12,"turns":4},{"damage":0,"enemies":"Exordium Wildlife","floor":14,"turns":2},{"damage":18,"enemies":"The Guardian","floor":16,"turns":9}],"seed_played":"6164636655557556324","potions_obtained":[{"floor":6,"key":"LiquidMemories"},{"floor":8,"key":"SkillPotion"},{"floor":12,"key":"Energy Potion"}],"is_trial":false,"path_per_floor":["M","$","?","?","M","E","R","E","T","M","R","E","?","M","R","B"],"character_chosen":"THE_SILENT","items_purchased":["Deadly Poison"],"campfire_rested":0,"item_purchase_floors":[2],"current_hp_per_floor":[59,59,59,59,59,59,59,34,34,33,33,10,10,10,10,0,0],"gold":367,"neow_bonus":"THREE_ENEMY_KILL","is_daily":false,"chose_seed":false,"campfire_upgraded":3,"win_rate":0.0,"timestamp":1611949492,"path_taken":["M","?","?","?","?","E","R","E","T","M","R","E","?","?","R","BOSS"],"items_purchased_type":["Card"],"build_version":"2020-12-22","purchased_purges":0,"victory":false,"max_hp_per_floor":[66,66,66,60,60,60,60,60,60,60,60,60,60,60,60,60,60],"relic_stats":{"counters":[8,31],"Golden Idol":34,"obtain_stats":[{"Potion Belt":6,"NeowsBlessing":0,"Golden Idol":4,"Ninja Scroll":8,"Toxic Egg 2":9,"Toy Ornithopter":12,"Ring of the Snake":0},{"Potion Belt":3,"NeowsBlessing":0,"Golden Idol":1,"Ninja Scroll":4,"Toxic Egg 2":4,"Toy Ornithopter":6,"Ring of the Snake":0},{"Potion Belt":3,"NeowsBlessing":0,"Golden Idol":1,"Ninja Scroll":14,"Toxic Egg 2":14,"Toy Ornithopter":20,"Ring of the Snake":0}],"Toy Ornithopter":5,"Ring of the Snake":[16]},"card_choices":[{"not_picked":["Choke","Underhanded Strike"],"picked":"Blade Dance","floor":1},{"not_picked":["Deflect","PiercingWail"],"picked":"Bane","floor":5},{"not_picked":["Backflip","Quick Slash"],"picked":"After Image","floor":6},{"not_picked":["Distraction","Endless Agony","Bullet Time"],"picked":"SKIP","floor":8},{"not_picked":["Riddle With Holes","Flying Knee","Outmaneuver+1"],"picked":"SKIP","floor":10},{"not_picked":["Poisoned Stab","Flying Knee"],"picked":"Backflip+1","floor":12},{"not_picked":["Eviscerate","Choke"],"picked":"Blur+1","floor":14}],"player_experience":713454,"relics_obtained":[{"floor":6,"key":"Potion Belt"},{"floor":8,"key":"Ninja Scroll"},{"floor":9,"key":"Toxic Egg 2"},{"floor":12,"key":"Toy Ornithopter"}],"event_choices":[{"damage_healed":0,"gold_gain":150,"player_choice":"AGREE","damage_taken":0,"max_hp_gain":0,"max_hp_loss":0,"event_name":"Liars Game","floor":3,"gold_loss":0,"cards_obtained":["Doubt"]},{"damage_healed":0,"gold_gain":0,"player_choice":"Lose Max HP","damage_taken":0,"relics_obtained":["Golden Idol"],"max_hp_gain":0,"max_hp_loss":6,"event_name":"Golden Idol","floor":4,"gold_loss":0},{"damage_healed":0,"gold_gain":0,"player_choice":"Forge","damage_taken":0,"max_hp_gain":0,"max_hp_loss":0,"event_name":"Accursed Blacksmith","floor":13,"gold_loss":0,"cards_upgraded":["Blade Dance"]}],"is_beta":false,"boss_relics":[],"items_purged_floors":[],"is_endless":false,"potions_floor_spawned":[6,8,12],"killed_by":"The Guardian","ascension_level":20}}