{"host":"jpzdg3po3tjxdjri","time":1611958157,"event":{"mods":["BaseMod","Better Third Choice","Colored Map","Colored Powertips","Minty Spire (QoL Compilation)","StSLib"],"gold_per_floor":[113,31,31,42,61,87,100,100,100,135,153,153,163,182,182,283,283,269,8,8,25,45,45,45,45],"floor_reached":24,"language":"ENG","playtime":760,"items_purged":[],"score":246,"play_id":"9ac70d1b-3cf4-41ea-9273-a4f18eb2372b","local_time":"20210129220917","is_ascension_mode":true,"campfire_choices":[{"floor":8,"key":"REST"},{"floor":12,"key":"REST"},{"data":"Poisoned Stab","floor":15,"key":"SMITH"},{"floor":23,"key":"REST"}],"circlet_count":0,"master_deck":["Strike_G","Strike_G","Strike_G","Strike_G","Strike_G","Defend_G","Defend_G","Defend_G","Defend_G","Defend_G","Survivor","Neutralize","Deadly Poison","Footwork","Dagger Spray","Flash of Steel","Bouncing Flask","Poisoned Stab+1","Catalyst","Deadly Poison","Well Laid Plans","Sucker Punch","Dagger Spray","Deadly Poison","Poisoned Stab","Poisoned Stab","Dodge and Roll","Dodge and Roll","Burst","PiercingWail","Dagger Throw","Flechettes","Catalyst","Quick Slash+1","Footwork"],"relics":["Ring of the Snake","Unceasing Top","Du-Vu Doll","Prayer Wheel","Black Star","Sundial","MutagenicStrength"],"acts_visited":["Exordium","TheCity"],"potions_floor_usage":[6,16,24,24],"damage_taken":[{"damage":1,"enemies":"Cultist","floor":1,"turns":4},{"damage":4,"enemies":"Jaw Worm","floor":4,"turns":4},{"damage":7,"enemies":"2 Louse","floor":5,"turns":3},{"damage":17,"enemies":"3 Sentries","floor":6,"turns":9},{"damage":28,"enemies":"Exordium Thugs","floor":7,"turns":6},{"damage":28,"enemies":"Lagavulin","floor":10,"turns":5},{"damage":0,"enemies":"Red Slaver","floor":11,"turns":4},{"damage":6,"enemies":"Gremlin Gang","floor":13,"turns":3},{"damage":0,"enemies":"2 Fungi Beasts","floor":14,"turns":3},{"damage":11,"enemies":"Hexaghost","floor":16,"turns":7},{"damage":17,"enemies":"2 Thieves","floor":18,"turns":4},{"damage":2,"enemies":"Chosen","floor":21,"turns":5},{"damage":45,"enemies":"Shelled Parasite and Fungi","floor":22,"turns":6},{"damage":38,"enemies":"Slavers","floor":24,"turns":3}],"seed_played":"-782467115644593035","potions_obtained":[{"floor":1,"key":"Swift Potion"},{"floor":4,"key":"Swift Potion"},{"floor":11,"key":"Strength Potion"},{"floor":14,"key":"GamblersBrew"}],"is_trial":false,"path_per_floor":["M","$","?","M","M","E","M","R","T","E","M","R","M","M","R","B",null,"M","$","?","M","M","R","E"],"character_chosen":"THE_SILENT","items_purchased":["Footwork","Dagger Spray","Sundial"],"campfire_rested":3,"item_purchase_floors":[2,2,19],"current_hp_per_floor":[76,76,76,72,65,48,20,43,43,15,15,38,32,32,32,21,77,60,60,60,58,13,36,0,0],"gold":45,"neow_bonus":"TEN_PERCENT_HP_BONUS","is_daily":false,"chose_seed":false,"campfire_upgraded":1,"win_rate":0.0,"timestamp":1611958157,"path_taken":["M","$","?","M","M","E","M","R","T","E","?","R","M","M","R","BOSS","M","$","?","M","M","R","E"],"items_purchased_type":["Card","Card","Relic"],"build_version":"2020-12-22","purchased_purges":0,"victory":false,"max_hp_per_floor":[77,77,77,77,77,77,77,77,77,77,77,77,77,77,77,77,77,77,77,77,77,77,77,77,77],"card_choices":[{"not_picked":["Leg Sweep","Calculated Gamble"],"picked":"Deadly Poison","floor":1},{"not_picked":["Setup","Underhanded Strike"],"picked":"Poisoned Stab","floor":4},{"not_picked":["Escape Plan","Dodge and Roll"],"picked":"Catalyst","floor":5},{"not_picked":["Dagger Spray","Prepared"],"picked":"Deadly Poison","floor":6},{"not_picked":["Underhanded Strike","Finisher"],"picked":"Well Laid Plans","floor":7},{"not_picked":["Riddle With Holes","Dagger Spray"],"picked":"Sucker Punch","floor":10},{"not_picked":["Predator","Calculated Gamble"],"picked":"Dagger Spray","floor":11},{"not_picked":["Blade Dance","Distraction"],"picked":"Deadly Poison","floor":11},{"not_picked":["Setup","All Out Attack"],"picked":"Poisoned Stab","floor":13},{"not_picked":["Blur","Dash"],"picked":"Poisoned Stab","floor":13},{"not_picked":["Quick Slash","Venomology"],"picked":"Dodge and Roll","floor":14},{"not_picked":["Deadly Poison","PiercingWail"],"picked":"Dodge and Roll","floor":14},{"not_picked":["Venomology","Phantasmal Killer"],"picked":"Burst","floor":16},{"not_picked":["All Out Attack","Blade Dance"],"picked":"PiercingWail","floor":18},{"not_picked":["Bane","Choke"],"picked":"Dagger Throw","floor":18},{"not_picked":["Distraction","Quick Slash"],"picked":"Flechettes","floor":21},{"not_picked":["Finisher","PiercingWail"],"picked":"Catalyst","floor":21},{"not_picked":["Deflect+1","Deadly Poison"],"picked":"Quick Slash+1","floor":22},{"not_picked":["Well Laid Plans","Escape Plan+1"],"picked":"Footwork","floor":22}],"player_experience":871484,"relics_obtained":[{"floor":6,"key":"Unceasing Top"},{"floor":9,"key":"Du-Vu Doll"},{"floor":10,"key":"Prayer Wheel"}],"event_choices":[{"damage_healed":0,"gold_gain":0,"player_choice":"2 cards matched","damage_taken":0,"max_hp_gain":0,"max_hp_loss":0,"event_name":"Match and Keep!","floor":3,"gold_loss":0,"cards_obtained":["Flash of Steel","Bouncing Flask"]},{"damage_healed":0,"gold_gain":0,"player_choice":"Inject Mutagens","damage_taken":0,"relics_obtained":["MutagenicStrength"],"max_hp_gain":0,"max_hp_loss":0,"event_name":"Drug Dealer","floor":20,"gold_loss":0}],"is_beta":false,"boss_relics":[{"not_picked":["Calling Bell","Sozu"],"picked":"Black Star"}],"items_purged_floors":[],"is_endless":false,"potions_floor_spawned":[1,4,11,14],"killed_by":"Slavers","ascension_level":1}}