{"host":"n9lc5i44t98l6pio","time":1611920299,"event":{"mods":["BaseMod","Curses Come First","Downfall","Minty Spire (QoL Compilation)","Replay The Spire","Say the Spire","StSLib"],"gold_per_floor":[99,115,130,405,46,46,46,78,94,94,94,114,114,129,145,145,145,145],"floor_reached":16,"language":"ENG","playtime":624,"items_purged":["Regret"],"score":102,"play_id":"6ff6bf0f-6f6f-4133-b56b-356aca0e91ac","local_time":"20210129123819","is_ascension_mode":false,"campfire_choices":[{"data":"hexamod:Sear","floor":1,"key":"SMITH"},{"floor":11,"key":"REST"},{"floor":13,"key":"REST"}],"circlet_count":0,"master_deck":["hexamod:Strike","hexamod:Strike","hexamod:Strike","hexamod:Strike","hexamod:Defend","hexamod:Defend","hexamod:Defend","hexamod:Defend","hexamod:Sear+1","hexamod:Float","Shame","hexamod:TimeOfNeed","hexamod:BurningTouch","hexamod:DynamicBlow+1","hexamod:PhantomCloak","Replay:SS_hec_1","hexamod:Firestarter","hexamod:SwordOfDarkness+1","hexamod:BurningTouch","hexamod:Haunt","hexamod:PhantomCloak","hexamod:VolcanoVisage+1","hexamod:FlamesFromBeyond","downfall:Malfunctioning","hexamod:WildfireWeapon","hexamod:GhostShield","hexamod:FlamesFromBeyond"],"relics":["hexamod:SpiritBrand","BargainBundle","Tiny Chest","Molten Egg 2","Darkstone Periapt","Vajra"],"acts_visited":["Exordium"],"potions_floor_usage":[15,16],"damage_taken":[{"damage":0,"enemies":"Cultist","floor":2,"turns":3},{"damage":1,"enemies":"Jaw Worm","floor":3,"turns":3},{"damage":9,"enemies":"downfall:FleeingMerchant","floor":5,"turns":4},{"damage":21,"enemies":"Lagavulin","floor":8,"turns":6},{"damage":6,"enemies":"2 Louse","floor":9,"turns":3},{"damage":19,"enemies":"2 Fungi Beasts","floor":12,"turns":4},{"damage":15,"enemies":"Exordium Thugs","floor":14,"turns":4},{"damage":20,"enemies":"Gremlin Gang","floor":15,"turns":3},{"damage":29,"enemies":"DF_ARCHETYPE_STREAMLINE","floor":16,"turns":5}],"seed_played":"2720553180789413942","potions_obtained":[{"floor":2,"key":"SpeedPotion"},{"floor":3,"key":"LiquidMemories"}],"is_trial":false,"path_per_floor":["R","M","M","?","$","T","T","E","M","?","R","M","R","M","M","B"],"character_chosen":"THE_SPIRIT","items_purchased":["BargainBundle","ColorlessPotion","Replay:SS_hec_1","hexamod:Firestarter","hexamod:SwordOfDarkness","hexamod:BurningTouch","hexamod:Haunt","hexamod:PhantomCloak","Tiny Chest"],"campfire_rested":2,"item_purchase_floors":[5,5,5,5,5,5,5,5,5],"current_hp_per_floor":[70,70,69,69,60,60,60,39,33,39,61,42,64,49,29,0,0,0],"gold":145,"neow_bonus":"THREE_RARE_CARDS","is_daily":false,"chose_seed":false,"campfire_upgraded":1,"win_rate":0.0,"timestamp":1611920299,"path_taken":["R","M","?","?","$","?","T","E","M","?","R","M","R","M","M","BOSS"],"items_purchased_type":["Relic","Potion","Card","Card","Card","Card","Card","Card","Relic"],"build_version":"2020-12-22","purchased_purges":1,"victory":false,"max_hp_per_floor":[70,70,70,70,70,70,70,70,70,76,76,76,76,76,76,76,76,76],"card_choices":[{"not_picked":["hexamod:UnlimitedPower","hexamod:ParanormalForm"],"picked":"hexamod:TimeOfNeed","floor":0},{"not_picked":["hexamod:FlamesFromBeyond","hexamod:SuperheatedStrike"],"picked":"hexamod:BurningTouch","floor":2},{"not_picked":["hexamod:SpectersWail","hexamod:HeatMetal"],"picked":"hexamod:DynamicBlow","floor":3},{"not_picked":["hexamod:ThermalTransfer","hexamod:SpectersWail"],"picked":"hexamod:PhantomCloak","floor":5},{"not_picked":["hexamod:SecondSeal","hexamod:Hexaguard"],"picked":"hexamod:VolcanoVisage","floor":8},{"not_picked":["hexamod:ThermalTransfer+1","hexamod:Rewind"],"picked":"hexamod:FlamesFromBeyond","floor":9},{"not_picked":["hexamod:InspiringFlames","hexamod:ThermalTransfer+1"],"picked":"hexamod:WildfireWeapon","floor":12},{"not_picked":["hexamod:InspiringFlames","hexamod:ChargedBarrage"],"picked":"hexamod:GhostShield","floor":14},{"not_picked":["hexamod:PhantomCloak","hexamod:InspiringFlames"],"picked":"hexamod:FlamesFromBeyond","floor":15}],"player_experience":233094,"relics_obtained":[{"floor":6,"key":"Molten Egg 2"},{"floor":7,"key":"Darkstone Periapt"},{"floor":8,"key":"Vajra"}],"event_choices":[],"is_beta":false,"boss_relics":[],"items_purged_floors":[5],"is_endless":false,"potions_floor_spawned":[2,3,12],"killed_by":"DF_ARCHETYPE_STREAMLINE","ascension_level":0}}