{"host":"q8niu1x2pgv94o1d","time":1611926053,"event":{"mods":["AchievementEnabler","BaseMod","Colored Map","Colored Powertips","Minty Spire (QoL Compilation)","StSLib"],"gold_per_floor":[119,194,194,33,49,80,90,113,113,141,141,157,157,172,172,243,243,260,260,278,297,297,297,322,372,372,372,372],"floor_reached":27,"language":"ENG","playtime":1406,"items_purged":[],"score":532,"play_id":"815d3e40-7ec6-459b-a64c-28b407b6cd1a","local_time":"20210129141413","is_ascension_mode":true,"campfire_choices":[{"data":"Terror","floor":11.0,"key":"SMITH"},{"data":"Dagger Spray","floor":13.0,"key":"SMITH"},{"data":"Die Die Die","floor":15.0,"key":"SMITH"},{"floor":23,"key":"REST"}],"circlet_count":0,"master_deck":["AscendersBane","Strike_G","Strike_G","Strike_G","Strike_G","Defend_G","Defend_G","Defend_G","Defend_G","Defend_G","Survivor","Neutralize","Blade Dance+1","Doppelganger","Dagger Spray+1","Terror+1","Dash","Prepared","Die Die Die+1","PiercingWail","A Thousand Cuts","Distraction+1","Backflip+1","Footwork"],"relics":["Ring of the Snake","NeowsBlessing","Chemical X","Ninja Scroll","Odd Mushroom","MealTicket","Blood Vial","Fusion Hammer","Nunchaku","Peace Pipe"],"acts_visited":["Exordium","TheCity"],"potions_floor_usage":[21,21],"damage_taken":[{"damage":0.0,"enemies":"Cultist","floor":1.0,"turns":1.0},{"damage":0.0,"enemies":"Small Slimes","floor":5.0,"turns":1.0},{"damage":0.0,"enemies":"Gremlin Nob","floor":6.0,"turns":1.0},{"damage":1.0,"enemies":"2 Louse","floor":7.0,"turns":2.0},{"damage":11.0,"enemies":"The Mushroom Lair","floor":8.0,"turns":4.0},{"damage":2.0,"enemies":"3 Sentries","floor":10.0,"turns":8.0},{"damage":0.0,"enemies":"Red Slaver","floor":12.0,"turns":3.0},{"damage":0.0,"enemies":"3 Louse","floor":14.0,"turns":1.0},{"damage":33.0,"enemies":"Slime Boss","floor":16.0,"turns":7.0},{"damage":22.0,"enemies":"Spheric Guardian","floor":18.0,"turns":4.0},{"damage":3.0,"enemies":"Shell Parasite","floor":20.0,"turns":3.0},{"damage":2,"enemies":"Chosen and Byrds","floor":21,"turns":4},{"damage":33,"enemies":"Gremlin Leader","floor":24,"turns":6},{"damage":6,"enemies":"Slavers","floor":27,"turns":3}],"seed_played":"7568432934128042936","potions_obtained":[{"floor":5.0,"key":"Energy Potion"},{"floor":6.0,"key":"Fire Potion"},{"floor":12.0,"key":"Dexterity Potion"},{"floor":16.0,"key":"DuplicationPotion"},{"floor":18.0,"key":"DuplicationPotion"}],"is_trial":false,"path_per_floor":["M","?","?","$","M","E","M","?","T","E","R","M","R","M","R","B",null,"M","?","M","M","?","R","E","?","T","E"],"character_chosen":"THE_SILENT","items_purchased":["Chemical X"],"campfire_rested":1,"item_purchase_floors":[4],"current_hp_per_floor":[59,48,48,48,48,48,47,36,36,34,34,36,36,38,38,7,51,31,31,30,30,12,33,2,2,2,0,0],"gold":372,"neow_bonus":"THREE_ENEMY_KILL","is_daily":false,"chose_seed":false,"campfire_upgraded":3,"win_rate":0.0,"timestamp":1611926053,"path_taken":["M","?","?","$","?","E","M","?","T","E","R","M","R","M","R","BOSS","M","?","M","?","?","R","E","?","T","E"],"items_purchased_type":["Relic"],"build_version":"2020-12-22","purchased_purges":0,"victory":false,"max_hp_per_floor":[66,66,66,66,66,66,66,66,66,66,66,66,66,66,66,66,66,66,66,66,66,71,71,71,71,71,71,71],"card_choices":[{"not_picked":["Deadly Poison","Dodge and Roll"],"picked":"Blade Dance","floor":1.0},{"not_picked":["Prepared","Flying Knee"],"picked":"Doppelganger","floor":5.0},{"not_picked":["Setup","Calculated Gamble"],"picked":"Dagger Spray","floor":6.0},{"not_picked":["Dagger Spray","Dash"],"picked":"Terror","floor":7.0},{"not_picked":["Blade Dance","Dagger Spray"],"picked":"Dash","floor":8.0},{"not_picked":["Eviscerate","Deflect"],"picked":"Prepared","floor":10.0},{"not_picked":["Slice","PiercingWail"],"picked":"Die Die Die","floor":12.0},{"not_picked":["Deadly Poison","Cloak And Dagger"],"picked":"PiercingWail","floor":14.0},{"not_picked":["Night Terror","Unload"],"picked":"A Thousand Cuts","floor":16.0},{"not_picked":["Blur","Finisher"],"picked":"Distraction+1","floor":18.0},{"not_picked":["Setup","Masterful Stab"],"picked":"Backflip+1","floor":20.0},{"not_picked":["Well Laid Plans+1","Distraction"],"picked":"Footwork","floor":21},{"not_picked":["Setup","Prepared+1","Underhanded Strike"],"picked":"SKIP","floor":24}],"player_experience":1813236,"relics_obtained":[{"floor":6.0,"key":"Ninja Scroll"},{"floor":8.0,"key":"Odd Mushroom"},{"floor":9.0,"key":"MealTicket"},{"floor":10.0,"key":"Blood Vial"},{"floor":24,"key":"Nunchaku"},{"floor":26,"key":"Peace Pipe"}],"event_choices":[{"damage_healed":0.0,"max_hp_gain":0.0,"max_hp_loss":0.0,"gold_gain":75.0,"event_name":"World of Goop","player_choice":"Gather Gold","floor":2.0,"gold_loss":0.0,"damage_taken":11.0},{"damage_healed":0.0,"max_hp_gain":0.0,"max_hp_loss":0.0,"gold_gain":0.0,"event_name":"Upgrade Shrine","player_choice":"Upgraded","floor":3.0,"gold_loss":0.0,"damage_taken":0.0,"cards_upgraded":["Blade Dance"]},{"damage_healed":0.0,"max_hp_gain":0.0,"max_hp_loss":0.0,"gold_gain":0.0,"event_name":"Mushrooms","player_choice":"Fought Mushrooms","floor":8.0,"gold_loss":0.0,"damage_taken":0.0},{"cards_removed":["Strike_G"],"damage_healed":0.0,"max_hp_gain":0.0,"max_hp_loss":0.0,"gold_gain":0.0,"event_name":"Purifier","player_choice":"Purged","floor":19.0,"gold_loss":0.0,"damage_taken":0.0},{"damage_healed":0,"gold_gain":0,"player_choice":"Shed Blood","damage_taken":23,"max_hp_gain":5,"max_hp_loss":0,"event_name":"Forgotten Altar","floor":22,"gold_loss":0},{"damage_healed":0,"gold_gain":50,"player_choice":"Stole From Cult","damage_taken":0,"max_hp_gain":0,"max_hp_loss":0,"event_name":"Nest","floor":25,"gold_loss":0}],"is_beta":false,"boss_relics":[{"not_picked":["SlaversCollar","SacredBark"],"picked":"Fusion Hammer"}],"items_purged_floors":[],"is_endless":false,"potions_floor_spawned":[5,6,12,16,18,20],"killed_by":"Slavers","ascension_level":20}}