{"host":"1dz819zv7fs9tsdy","time":1611962584,"event":{"mods":["AchievementEnabler","BaseMod","Colored Powertips","Curses Come First","Hubris","Minty Spire (QoL Compilation)","Rare Cards Sparkle","Replay The Spire","Shop Mod","StSLib"],"gold_per_floor":[115,128,32,207,207,234,234,251,251,278,278,278,16,58,58,58,58],"floor_reached":16,"language":"ENG","playtime":1298,"items_purged":[],"score":157,"play_id":"ad7525aa-3339-40a2-8fc6-1c0cb5c085f2","local_time":"20210129232304","is_ascension_mode":true,"campfire_choices":[{"floor":7,"key":"RECALL"},{"floor":15,"key":"REST"}],"circlet_count":0,"master_deck":["Strike_G+1","Strike_G","Strike_G","Strike_G","Strike_G","Defend_G","Defend_G","Defend_G","Defend_G","Defend_G","Survivor","Neutralize","Footwork","Prepared+1","Replay:Parry","Doubt","Dash","Dagger Spray","ReplayTheSpireMod:Shiv Toss","ReplayTheSpireMod:Shiv Toss","Accuracy","ReplayTheSpireMod:Splinters"],"relics":["Ring of the Snake","NeowsBlessing","Garlic","Pen Nib","hubris:Towel","hubris:Icosahedron","CeramicFish","Lizard Tail"],"acts_visited":["Exordium"],"potions_floor_usage":[16,16],"damage_taken":[{"damage":0,"enemies":"Jaw Worm","floor":1,"turns":1},{"damage":0,"enemies":"Small Slimes","floor":2,"turns":1},{"damage":0,"enemies":"3 Sentries","floor":6,"turns":1},{"damage":0,"enemies":"Cultist","floor":8,"turns":4},{"damage":45,"enemies":"Lagavulin","floor":10,"turns":9},{"damage":87,"enemies":"Fading Forest","floor":16,"turns":10}],"seed_played":"2416957608022350626","potions_obtained":[{"floor":1,"key":"Dexterity Potion"}],"is_trial":false,"path_per_floor":["M","M","$","?","?","E","R","M","T","E","?","?","$","?","R","B"],"character_chosen":"THE_SILENT","items_purchased":["Replay:Parry","ReplayTheSpireMod:Shiv Toss","Accuracy","CeramicFish"],"campfire_rested":1,"item_purchase_floors":[3,13,13,13],"current_hp_per_floor":[70,70,70,70,56,56,56,56,56,11,11,11,11,11,32,0,0],"gold":58,"neow_bonus":"THREE_ENEMY_KILL","is_daily":false,"chose_seed":false,"campfire_upgraded":0,"win_rate":0.0,"timestamp":1611962584,"path_taken":["M","M","$","?","?","E","R","M","T","E","?","?","$","?","R","BOSS"],"items_purchased_type":["Card","Card","Card","Relic"],"build_version":"2020-12-22","purchased_purges":0,"victory":false,"max_hp_per_floor":[70,70,70,70,70,70,70,70,70,70,70,70,70,70,70,70,70],"card_choices":[{"not_picked":["PiercingWail","Flying Knee"],"picked":"Footwork","floor":1},{"not_picked":["Flechettes","hubris:Counter"],"picked":"Prepared","floor":2},{"not_picked":["Deadly Poison","Grand Finale"],"picked":"Dash","floor":6},{"not_picked":["Deflect","Sucker Punch"],"picked":"Dagger Spray","floor":8},{"not_picked":["Dagger Throw","Dodge and Roll"],"picked":"ReplayTheSpireMod:Shiv Toss","floor":10}],"player_experience":363549,"relics_obtained":[{"floor":6,"key":"Garlic"},{"floor":10,"key":"Pen Nib"},{"floor":14,"key":"Lizard Tail"}],"event_choices":[{"damage_healed":0,"gold_gain":175,"player_choice":"AGREE","damage_taken":0,"max_hp_gain":0,"max_hp_loss":0,"event_name":"Liars Game","floor":4,"gold_loss":0,"cards_obtained":["Doubt"]},{"damage_healed":0,"gold_gain":0,"player_choice":"Entered Light","damage_taken":14,"max_hp_gain":0,"max_hp_loss":0,"event_name":"Shining Light","floor":5,"gold_loss":0,"cards_upgraded":["Strike_G","Prepared"]}],"is_beta":false,"boss_relics":[],"items_purged_floors":[],"is_endless":false,"potions_floor_spawned":[1],"killed_by":"Fading Forest","ascension_level":4}}