{"host":"bbvmu6yleqps41w7","time":1611957031,"event":{"mods":["BaseMod","Colored Map","Colored Powertips","Downfall","Hermit","Marisa????????","Minty Spire (QoL Compilation)","StSLib","The Bug Knight","The Cursed","The Servant 0.9.4"],"gold_per_floor":[99,115,132,132,150,150,150,181,198,208,208,208,228,244,262,367,367,367,384,398,414,414,414,439,448,557,557,320,320,380,413,439,439,439,439],"floor_reached":33,"language":"ENG","playtime":2078,"items_purged":["Pride"],"score":251,"play_id":"415acde1-df6b-4be4-a4f0-dda52a4335aa","local_time":"20210129145031","is_ascension_mode":false,"campfire_choices":[{"data":"hexamod:Sear","floor":1.0,"key":"SMITH"},{"data":"hexamod:BurningTouch","floor":6.0,"key":"SMITH"},{"data":"hexamod:PhantomCloak","floor":18,"key":"SMITH"},{"floor":27,"key":"REST"},{"data":"hexamod:BurningTouch","floor":29,"key":"SMITH"}],"circlet_count":0,"master_deck":["hexamod:Strike+1","hexamod:Strike","hexamod:Strike","hexamod:Strike","hexamod:Defend","hexamod:Defend","hexamod:Defend","hexamod:Defend","hexamod:Sear+1","hexamod:Float","hexamod:FourthSeal","hexamod:BurningTouch+1","hexamod:SoulSteal","hexamod:PhantomCloak+1","hexamod:BurningTouch+1","hexamod:SwordOfDarkness+1","hexamod:GhostflameBarrier","hexamod:Incineration+1","hexamod:Incineration","hexamod:FifthSeal","hexamod:SixthSeal","hexamod:HeatCrush","Writhe","hexamod:RainOfEmbers","hexamod:FirstSeal","hexamod:SecondSeal","hexamod:ThirdSeal","hexamod:PhantomFireball","hexamod:BurningTouch"],"relics":["hexamod:UnbrokenSoul","Matryoshka","Art of War","Sundial","Bottled Tornado","Pantograph","White Beast Statue","CeramicFish","Tiny Chest","Ornamental Fan","downfall:CloakOfManyFaces","CultistMask","FaceOfCleric","NlothsMask","GremlinMask","SsserpentHead","Juzu Bracelet"],"acts_visited":["Exordium","TheCity"],"potions_floor_usage":[16,16,26,28,31,32,32,33,33],"damage_taken":[{"damage":0.0,"enemies":"Cultist","floor":2.0,"turns":4.0},{"damage":0.0,"enemies":"Small Slimes","floor":3.0,"turns":3.0},{"damage":0.0,"enemies":"Jaw Worm","floor":5.0,"turns":3.0},{"damage":16.0,"enemies":"Lagavulin","floor":8.0,"turns":5.0},{"damage":11.0,"enemies":"3 Louse","floor":9.0,"turns":3.0},{"damage":6.0,"enemies":"Red Slaver","floor":10.0,"turns":3.0},{"damage":7.0,"enemies":"Gremlin Gang","floor":13.0,"turns":3.0},{"damage":7.0,"enemies":"Exordium Thugs","floor":14.0,"turns":3.0},{"damage":9.0,"enemies":"Large Slime","floor":15.0,"turns":4.0},{"damage":37,"enemies":"WA_ARCHETYPE_RETAIN","floor":16,"turns":6},{"damage":16,"enemies":"Chosen","floor":19,"turns":5},{"damage":38,"enemies":"Snake Plant","floor":20,"turns":6},{"damage":6,"enemies":"Cultist and Chosen","floor":21,"turns":4},{"damage":15,"enemies":"downfall:FaceTrader","floor":26,"turns":9},{"damage":10,"enemies":"downfall:FleeingMerchant","floor":28,"turns":4},{"damage":17,"enemies":"Shelled Parasite and Fungi","floor":31,"turns":3},{"damage":19,"enemies":"Snake Plant","floor":32,"turns":4},{"damage":51,"enemies":"DF_ARCHETYPE_CLAW","floor":33,"turns":3}],"seed_played":"-4612305415365250830","potions_obtained":[{"floor":2.0,"key":"SteroidPotion"},{"floor":3.0,"key":"Block Potion"},{"floor":5.0,"key":"Slimebound:ThreeZeroPotion"},{"floor":8.0,"key":"bronze:BurnAndBuffPotion"},{"floor":10.0,"key":"hexamod:InfernoChargePotion"},{"floor":13.0,"key":"PowerPotion"},{"floor":19,"key":"Ancient Potion"},{"floor":20,"key":"SpeedPotion"},{"floor":26,"key":"Strength Potion"},{"floor":28,"key":"FearPotion"},{"floor":31,"key":"Weak Potion"},{"floor":32,"key":"Regen Potion"},{"floor":32,"key":"hexamod:SoulburnPotion"}],"is_trial":false,"path_per_floor":["R","M","M","?","M","R","T","E","M","M","?","?","M","M","M","B",null,"R","M","M","M","?","?","T","?","?","R","$","R","?","M","M","B"],"character_chosen":"THE_SPIRIT","items_purchased":["Juzu Bracelet"],"campfire_rested":1,"item_purchase_floors":[28],"current_hp_per_floor":[77,77,77,70,70,70,70,54,43,37,37,37,30,23,14,2,77,77,61,23,17,42,42,42,42,27,50,41,41,41,25,14,0,0,0],"gold":439,"neow_bonus":"TEN_PERCENT_HP_BONUS","is_daily":false,"chose_seed":false,"campfire_upgraded":4,"win_rate":0.0,"timestamp":1611957031,"path_taken":["R","M","M","?","M","R","T","E","M","M","?","?","?","M","M","BOSS","R","M","M","M","?","?","T","?","?","R","$","R","?","M","M","BOSS"],"items_purchased_type":["Relic"],"build_version":"2020-12-22","purchased_purges":1,"victory":false,"max_hp_per_floor":[77,77,77,77,77,77,77,77,77,77,77,77,77,77,77,77,77,77,77,77,77,77,77,77,77,77,77,78,78,78,79,80,80,80,80],"card_choices":[{"not_picked":["hexamod:NightmareGuise","hexamod:Hexaguard"],"picked":"hexamod:FourthSeal","floor":2.0},{"not_picked":["hexamod:FastForward","hexamod:Firestarter"],"picked":"hexamod:BurningTouch","floor":3.0},{"not_picked":["hexamod:ExtraCrispy","hexamod:SkipABeat"],"picked":"hexamod:SoulSteal","floor":5.0},{"not_picked":["hexamod:GhostShield","hexamod:Firestarter"],"picked":"hexamod:PhantomCloak","floor":8.0},{"not_picked":["hexamod:InspiringFlames","hexamod:GhostLash"],"picked":"hexamod:BurningTouch","floor":9.0},{"not_picked":["hexamod:GhostLash","hexamod:NightmareStrike"],"picked":"hexamod:SwordOfDarkness","floor":10.0},{"not_picked":["hexamod:BacktrackSmack","hexamod:AdvancingGuard"],"picked":"hexamod:GhostflameBarrier","floor":13.0},{"not_picked":["hexamod:ThermalTransfer","hexamod:RainOfEmbers"],"picked":"hexamod:Incineration","floor":14.0},{"not_picked":["hexamod:Hexaguard","hexamod:FastForward"],"picked":"hexamod:Incineration","floor":15.0},{"not_picked":["hexamod:GhostOfSpirePresent","hexamod:HexaLevel"],"picked":"hexamod:FifthSeal","floor":16},{"not_picked":["hexamod:ShieldOfDarkness","hexamod:NightmareGuise","hexamod:AdvancingGuard"],"picked":"SKIP","floor":19},{"not_picked":["hexamod:FirstSeal","hexamod:SecondSeal"],"picked":"hexamod:SixthSeal","floor":20},{"not_picked":["hexamod:SoulSteal","hexamod:Hexaguard"],"picked":"hexamod:HeatCrush","floor":20},{"not_picked":["hexamod:NightmareGuise","hexamod:InspiringFlames+1"],"picked":"hexamod:HeatMetal","floor":21},{"not_picked":["hexamod:GhostOfSpirePresent","hexamod:DynamicBlow"],"picked":"hexamod:RainOfEmbers","floor":26},{"not_picked":["hexamod:FourthSeal","hexamod:SixthSeal"],"picked":"hexamod:FirstSeal","floor":28},{"not_picked":["hexamod:RecurringNightmare+1","hexamod:ShieldOfDarkness","hexamod:NightmareStrike"],"picked":"SKIP","floor":28},{"not_picked":["hexamod:BurningTouch","hexamod:FastForward"],"picked":"hexamod:PhantomFireball","floor":31},{"not_picked":["hexamod:SwordOfDarkness","hexamod:EtherealExpedition"],"picked":"hexamod:BurningTouch","floor":31},{"not_picked":["hexamod:BacktrackSmack","hexamod:SwordOfDarkness","hexamod:Hexaguard"],"picked":"SKIP","floor":32}],"player_experience":609393,"relics_obtained":[{"floor":7.0,"key":"Art of War"},{"floor":7.0,"key":"Sundial"},{"floor":8.0,"key":"Bottled Tornado"},{"floor":24,"key":"CeramicFish"},{"floor":24,"key":"Tiny Chest"},{"floor":26,"key":"downfall:CloakOfManyFaces"}],"event_choices":[{"damage_healed":0.0,"max_hp_gain":0.0,"max_hp_loss":0.0,"gold_gain":0.0,"event_name":"Scrap Ooze","player_choice":"Success","floor":4.0,"gold_loss":0.0,"damage_taken":7.0,"relics_obtained":["Matryoshka"]},{"damage_healed":0.0,"max_hp_gain":0.0,"max_hp_loss":0.0,"gold_gain":0.0,"event_name":"Big Fish","player_choice":"Box","floor":11.0,"gold_loss":0.0,"damage_taken":0.0,"relics_obtained":["Pantograph"],"cards_obtained":["Regret"]},{"damage_healed":25,"gold_gain":0,"player_choice":"Heal","damage_taken":0,"max_hp_gain":0,"max_hp_loss":0,"event_name":"The Library","floor":22,"gold_loss":0},{"damage_healed":0,"gold_gain":0,"player_choice":"Stole Relic","damage_taken":0,"relics_obtained":["Ornamental Fan"],"max_hp_gain":0,"max_hp_loss":0,"event_name":"Addict","floor":25,"gold_loss":0,"cards_obtained":["Pride"]}],"is_beta":false,"boss_relics":[{"not_picked":["Cursed Key","SlaversCollar"],"picked":"hexamod:UnbrokenSoul"}],"items_purged_floors":[28],"is_endless":false,"potions_floor_spawned":[2,10,13,14,20,26,28,31,32],"killed_by":"DF_ARCHETYPE_CLAW","ascension_level":0}}