{"host":"zlryddw6xv0ljf8b","time":1611904724,"event":{"mods":["AchievementEnabler","BaseMod","Colored Map","Colored Powertips","Highlight Path","Minty Spire (QoL Compilation)","Permanent Neow","Quick Restart","StSLib","UnlockEverythingMod"],"gold_per_floor":[114,130,141,156,76,76,41,41,41,68,68,68,100,117,117,216,216,236,236,13,26,40,40,65,83,83,83,34,34,34,46,46,142,142,153,153,169,179,195,195,205,231,231,231,231,28,48,63,63,63,63,63,13,46,46,46],"floor_reached":55,"language":"ENG","playtime":4530,"items_purged":["Decay","Writhe"],"score":704,"play_id":"8f6598e9-eb68-4eaf-88ce-1d3c126f70f7","local_time":"20210129011844","is_ascension_mode":false,"campfire_choices":[{"data":"Crescendo","floor":6.0,"key":"SMITH"},{"data":"Study","floor":8.0,"key":"SMITH"},{"data":"Eruption","floor":11.0,"key":"SMITH"},{"floor":15.0,"key":"REST"},{"data":"Worship","floor":23.0,"key":"SMITH"},{"data":"ClearTheMind","floor":27.0,"key":"SMITH"},{"data":"WindmillStrike","floor":29.0,"key":"SMITH"},{"floor":32.0,"key":"RECALL"},{"floor":40.0,"key":"REST"},{"floor":49.0,"key":"REST"},{"floor":52,"key":"REST"}],"circlet_count":0,"master_deck":["Strike_P","Strike_P+1","Strike_P","Defend_P","Defend_P","Defend_P","Defend_P","Eruption+1","Vigilance","Crescendo+1","Evaluate","Prostrate","Study+1","Protect","FearNoEvil","Devotion+1","Worship+1","WindmillStrike+1","Brilliance","FollowUp+1","Consecrate","ClearTheMind+1","Sanctity","CutThroughFate","Devotion","FlurryOfBlows","InnerPeace","Perseverance+1","Conclude+1","Evaluate+1","LikeWater"],"relics":["PureWater","Matryoshka","HornCleat","Bag of Marbles","Philosopher\u0027s Stone","Damaru","Eternal Feather","Boot","TeardropLocket","Fusion Hammer","Dream Catcher","Toy Ornithopter","Juzu Bracelet","Lantern"],"acts_visited":["Exordium","TheCity","TheBeyond","TheEnding"],"potions_floor_usage":[50,55],"damage_taken":[{"damage":0.0,"enemies":"Small Slimes","floor":1.0,"turns":3.0},{"damage":0.0,"enemies":"2 Louse","floor":2.0,"turns":2.0},{"damage":0.0,"enemies":"Cultist","floor":3.0,"turns":4.0},{"damage":23.0,"enemies":"Exordium Wildlife","floor":4.0,"turns":5.0},{"damage":10.0,"enemies":"3 Sentries","floor":10.0,"turns":12.0},{"damage":4.0,"enemies":"Lagavulin","floor":13.0,"turns":6.0},{"damage":10.0,"enemies":"Large Slime","floor":14.0,"turns":3.0},{"damage":8.0,"enemies":"Hexaghost","floor":16.0,"turns":7.0},{"damage":0.0,"enemies":"Chosen","floor":18.0,"turns":4.0},{"damage":12.0,"enemies":"2 Thieves","floor":21.0,"turns":3.0},{"damage":6.0,"enemies":"Snake Plant","floor":22.0,"turns":3.0},{"damage":9.0,"enemies":"Book of Stabbing","floor":24.0,"turns":4.0},{"damage":0.0,"enemies":"Snecko","floor":25.0,"turns":4.0},{"damage":14.0,"enemies":"3 Cultists","floor":31.0,"turns":4.0},{"damage":25.0,"enemies":"Champ","floor":33.0,"turns":7.0},{"damage":3.0,"enemies":"3 Darklings","floor":35.0,"turns":4.0},{"damage":11.0,"enemies":"3 Shapes","floor":37.0,"turns":3.0},{"damage":3.0,"enemies":"Maw","floor":38.0,"turns":6.0},{"damage":3.0,"enemies":"4 Shapes","floor":39.0,"turns":6.0},{"damage":21.0,"enemies":"Writhing Mass","floor":41.0,"turns":6.0},{"damage":16.0,"enemies":"Giant Head","floor":42.0,"turns":7.0},{"damage":20.0,"enemies":"Sphere and 2 Shapes","floor":47.0,"turns":6.0},{"damage":10.0,"enemies":"Maw","floor":48.0,"turns":6.0},{"damage":70,"enemies":"Donu and Deca","floor":50,"turns":8},{"damage":33,"enemies":"Shield and Spear","floor":54,"turns":6},{"damage":71,"enemies":"The Heart","floor":55,"turns":3}],"seed_played":"6266119059621836452","potions_obtained":[{"floor":2.0,"key":"SteroidPotion"},{"floor":3.0,"key":"DuplicationPotion"},{"floor":10.0,"key":"LiquidBronze"},{"floor":13.0,"key":"FearPotion"},{"floor":18.0,"key":"PowerPotion"},{"floor":25.0,"key":"BottledMiracle"},{"floor":31.0,"key":"PowerPotion"},{"floor":37.0,"key":"BottledMiracle"},{"floor":38.0,"key":"DistilledChaos"},{"floor":39.0,"key":"BlessingOfTheForge"},{"floor":47.0,"key":"Block Potion"},{"floor":54,"key":"SmokeBomb"}],"is_trial":false,"path_per_floor":["M","M","M","M","$","R","?","R","T","E","R","?","E","M","R","B",null,"M","?","$","M","M","R","E","M","T","R","$","R","$","M","R","B",null,"M","?","M","M","M","R","M","E","T","?","?","$","M","M","R","B",null,"R","$","E","B"],"character_chosen":"WATCHER","items_purchased":["FearNoEvil","Damaru","Block Potion","FairyPotion","PowerPotion"],"campfire_rested":4,"item_purchase_floors":[5,20,28,46,53],"current_hp_per_floor":[72,72,72,49,49,49,67,67,67,57,57,43,39,29,50,42,72,72,72,72,60,54,54,45,45,45,57,57,69,69,55,70,45,72,69,69,58,55,52,72,51,35,35,35,53,53,38,33,72,7,72,72,72,39,0,0],"gold":46,"neow_bonus":"THREE_CARDS","is_daily":false,"chose_seed":false,"campfire_upgraded":6,"win_rate":0.0,"timestamp":1611904724,"path_taken":["M","M","M","M","$","R","?","R","T","E","R","?","E","M","R","BOSS","M","?","?","M","M","R","E","M","T","R","$","R","?","M","R","BOSS","M","?","?","M","M","R","M","E","T","?","?","$","M","M","R","BOSS","R","$","E","BOSS"],"items_purchased_type":["Card","Relic","Potion","Potion","Potion"],"build_version":"2020-12-22","purchased_purges":2,"victory":false,"max_hp_per_floor":[72,72,72,72,72,72,72,72,72,72,72,72,72,72,72,72,72,72,72,72,72,72,72,72,72,72,72,72,72,72,72,72,72,72,72,72,72,72,72,72,72,72,72,72,72,72,72,72,72,72,72,72,72,72,72,72],"card_choices":[{"not_picked":["Halt","Prostrate"],"picked":"Crescendo","floor":0.0},{"not_picked":["JustLucky","Pray"],"picked":"Evaluate","floor":1.0},{"not_picked":["InnerPeace","Evaluate"],"picked":"Prostrate","floor":2.0},{"not_picked":["MasterReality","Crescendo"],"picked":"Study","floor":3.0},{"not_picked":["Sanctity","Halt"],"picked":"Protect","floor":4.0},{"not_picked":["Wallop","FearNoEvil"],"picked":"Devotion","floor":10.0},{"not_picked":["EmptyFist","ThirdEye"],"picked":"Worship","floor":13.0},{"not_picked":["ReachHeaven","EmptyFist"],"picked":"WindmillStrike","floor":14.0},{"not_picked":["Devotion","Ragnarok"],"picked":"Brilliance","floor":16.0},{"not_picked":["CrushJoints","JustLucky","SashWhip"],"picked":"SKIP","floor":18.0},{"not_picked":["Consecrate","Weave"],"picked":"FollowUp+1","floor":21.0},{"not_picked":["Crescendo","FollowUp"],"picked":"Consecrate","floor":22.0},{"not_picked":["FearNoEvil","FlyingSleeves"],"picked":"ClearTheMind","floor":24.0},{"not_picked":["BowlingBash","CutThroughFate"],"picked":"Sanctity","floor":25.0},{"not_picked":["Nirvana","PathToVictory"],"picked":"CutThroughFate","floor":31.0},{"not_picked":["SpiritShield","MasterReality"],"picked":"Devotion","floor":33.0},{"not_picked":["DeceiveReality+1","Crescendo"],"picked":"FlurryOfBlows","floor":35.0},{"not_picked":["CutThroughFate","EmptyBody+1"],"picked":"Perseverance+1","floor":37.0},{"not_picked":["FlyingSleeves","ThirdEye+1","Halt"],"picked":"SKIP","floor":38.0},{"not_picked":["Crescendo+1","Protect","Fasting2"],"picked":"SKIP","floor":39.0},{"not_picked":["Weave+1","Perseverance+1","CrushJoints"],"picked":"SKIP","floor":41.0},{"not_picked":["Tantrum+1","ConjureBlade"],"picked":"Conclude+1","floor":42.0},{"not_picked":["BowlingBash","Perseverance"],"picked":"Evaluate+1","floor":47.0},{"not_picked":["FollowUp+1","JustLucky+1","InnerPeace+1"],"picked":"SKIP","floor":48.0},{"not_picked":["Consecrate+1","Meditate"],"picked":"LikeWater","floor":49.0},{"not_picked":["FlyingSleeves+1","Swivel+1","Meditate"],"picked":"SKIP","floor":54}],"player_experience":26454,"relics_obtained":[{"floor":9.0,"key":"Matryoshka"},{"floor":10.0,"key":"HornCleat"},{"floor":13.0,"key":"Bag of Marbles"},{"floor":24.0,"key":"Eternal Feather"},{"floor":26.0,"key":"Boot"},{"floor":26.0,"key":"TeardropLocket"},{"floor":42.0,"key":"Dream Catcher"},{"floor":43.0,"key":"Toy Ornithopter"},{"floor":44.0,"key":"Juzu Bracelet"},{"floor":54,"key":"Lantern"}],"event_choices":[{"damage_healed":18.0,"max_hp_gain":0.0,"max_hp_loss":0.0,"gold_gain":0.0,"event_name":"The Cleric","player_choice":"Healed","floor":7.0,"gold_loss":35.0,"damage_taken":0.0},{"damage_healed":0.0,"max_hp_gain":0.0,"max_hp_loss":0.0,"gold_gain":0.0,"event_name":"Shining Light","player_choice":"Entered Light","floor":12.0,"gold_loss":0.0,"damage_taken":14.0,"cards_upgraded":["Devotion","Strike_P"]},{"damage_healed":0.0,"max_hp_gain":0.0,"max_hp_loss":0.0,"gold_gain":0.0,"event_name":"Wheel of Change","player_choice":"Cursed","floor":19.0,"gold_loss":0.0,"damage_taken":0.0,"cards_obtained":["Decay"]},{"damage_healed":0.0,"max_hp_gain":0.0,"max_hp_loss":0.0,"gold_gain":0.0,"cards_transformed":["Strike_P"],"event_name":"Transmorgrifier","player_choice":"Transformed","floor":36.0,"gold_loss":0.0,"damage_taken":0.0,"cards_obtained":["InnerPeace"]},{"damage_healed":0.0,"max_hp_gain":0.0,"max_hp_loss":0.0,"gold_gain":0.0,"event_name":"Wheel of Change","player_choice":"Relic","floor":44.0,"gold_loss":0.0,"damage_taken":0.0},{"damage_healed":18.0,"max_hp_gain":0.0,"max_hp_loss":0.0,"gold_gain":0.0,"event_name":"Winding Halls","player_choice":"Writhe","floor":45.0,"gold_loss":0.0,"damage_taken":0.0,"cards_obtained":["Writhe"]}],"is_beta":false,"boss_relics":[{"not_picked":["VioletLotus","Snecko Eye"],"picked":"Philosopher\u0027s Stone"},{"not_picked":["Cursed Key","Runic Pyramid"],"picked":"Fusion Hammer"}],"items_purged_floors":[20,46],"is_endless":false,"potions_floor_spawned":[2,3,10,13,14,18,25,31,37,38,39,41,47,54],"killed_by":"The Heart","ascension_level":0}}