{"host":"yqkaigvm5ejtkgd3","time":1611952419,"event":{"mods":["AlwaysNeverKeys","Aspiration","BaseMod","BetterRewards","Colored Powertips","Conspire","Custom Start","Defuse TimeMaze Blight","Energized Spire","GifTheSpireLib","Minty Spire (QoL Compilation)","Permanent Neow","Reliquary","Replay The Spire","Reworked Bosses","SacredBarkPlus","Shop Mod","StSLib","The Forsaken","The IronCluck","Transform Curses"],"gold_per_floor":[117,132,132,145,161,161,186,186,186,218,231,264,18,18,18,114,114,125,50,61,79,79,79,79],"floor_reached":23,"language":"ENG","playtime":2348,"items_purged":[],"score":222,"play_id":"fe9a768a-fbb0-4852-a69f-be0979905164","local_time":"20210129213339","is_ascension_mode":true,"campfire_choices":[{"data":"Berserk","floor":6.0,"key":"SMITH"},{"data":"Armaments","floor":8.0,"key":"SMITH"}],"circlet_count":0,"master_deck":["Strike_R","Strike_R","Strike_R","Strike_R","Defend_R","Defend_R","Defend_R","Defend_R","Bash","ReplayTheSpireMod:Private Reserves","Twin Strike","Power Through","Shrug It Off","Berserk+1","Twin Strike","Flex","Flex","Headbutt","conspire:HitWhereItHurts","Armaments","Uppercut","Shrug It Off+1","Burning Pact+1","RitualDagger"],"relics":["Burning Blood","Pen Nib","reliquary:IridiumChain","reliquary:Firecrackers","Art of War","reliquary:BallBearing","Orichalcum","energizedSpire:SpiderWeb"],"acts_visited":["Exordium","TheCity"],"potions_floor_usage":[17,23],"damage_taken":[{"damage":1.0,"enemies":"Jaw Worm","floor":1.0,"turns":3.0},{"damage":5.0,"enemies":"Cultist","floor":2.0,"turns":4.0},{"damage":1.0,"enemies":"conspire:RoseBush","floor":4.0,"turns":3.0},{"damage":1.0,"enemies":"Lots of Slimes","floor":5.0,"turns":6.0},{"damage":29.0,"enemies":"Gremlin Nob","floor":7.0,"turns":4.0},{"damage":10.0,"enemies":"3 Sentries","floor":10.0,"turns":8.0},{"damage":0.0,"enemies":"Large Slime","floor":11.0,"turns":5.0},{"damage":21.0,"enemies":"Lagavulin","floor":12.0,"turns":6.0},{"damage":19,"enemies":"The Guardian","floor":16,"turns":13},{"damage":12,"enemies":"Shell Parasite","floor":18,"turns":4},{"damage":8,"enemies":"conspire:FuzzyDice","floor":20,"turns":8},{"damage":27,"enemies":"Sentry and Sphere","floor":21,"turns":5},{"damage":46,"enemies":"Slavers","floor":23,"turns":5}],"seed_played":"-5780790023065940642","potions_obtained":[{"floor":1.0,"key":"SkillPotion"},{"floor":7.0,"key":"GamblersBrew"},{"floor":16,"key":"Fruit Juice"},{"floor":21,"key":"Languid Potion"}],"is_trial":false,"path_per_floor":["M","M","?","M","M","R","E","R","T","E","M","E","$","?","R","B",null,"M","$","M","M","?","E"],"character_chosen":"IRONCLAD","items_purchased":["reliquary:BallBearing","Uppercut"],"campfire_rested":0,"item_purchase_floors":[13,19],"current_hp_per_floor":[80,80,80,80,80,80,57,57,57,53,59,44,44,44,44,31,85,79,79,77,56,50,4,4],"gold":79,"neow_bonus":"RANDOM_COLORLESS","is_daily":false,"chose_seed":false,"campfire_upgraded":2,"win_rate":0.0,"timestamp":1611952419,"path_taken":["M","M","?","M","?","R","E","R","T","E","M","E","$","?","R","BOSS","M","$","M","?","?","E"],"items_purchased_type":["Relic","Card"],"build_version":"2020-12-22","purchased_purges":0,"victory":false,"max_hp_per_floor":[80,80,80,80,80,80,80,80,80,80,80,80,80,80,80,80,85,85,85,85,85,85,85,85],"card_choices":[{"not_picked":["Trip","Bandage Up"],"picked":"ReplayTheSpireMod:Private Reserves","floor":0.0},{"not_picked":["Ghostly Armor","Perfected Strike"],"picked":"Armaments","floor":1.0},{"not_picked":["Replay:Undeath\u0027s Touch","Body Slam"],"picked":"Twin Strike","floor":2.0},{"not_picked":["Replay:Undeath\u0027s Touch","ReplayTheSpireMod:Corrosion Curse"],"picked":"Shrug It Off","floor":4.0},{"not_picked":["Shrug It Off","Burning Pact"],"picked":"Berserk","floor":5.0},{"not_picked":["Clothesline","Warcry"],"picked":"Twin Strike","floor":7.0},{"not_picked":["Power Through","Rampage"],"picked":"Flex","floor":10.0},{"not_picked":["conspire:Charge","Heavy Blade"],"picked":"Flex","floor":11.0},{"not_picked":["Second Wind","Heavy Blade"],"picked":"Headbutt","floor":12.0},{"not_picked":["conspire:Purge","Fiend Fire"],"picked":"conspire:HitWhereItHurts","floor":16},{"not_picked":["Twin Strike+1","Bloodletting"],"picked":"Armaments","floor":18},{"not_picked":["Anger","ReplayTheSpireMod:Strike From Hell+1"],"picked":"Shrug It Off+1","floor":20},{"not_picked":["Metallicize","ReplayTheSpireMod:Strike From Hell"],"picked":"Burning Pact+1","floor":21}],"player_experience":300629,"relics_obtained":[{"floor":7.0,"key":"Pen Nib"},{"floor":9.0,"key":"reliquary:IridiumChain"},{"floor":10.0,"key":"reliquary:Firecrackers"},{"floor":12.0,"key":"Art of War"}],"event_choices":[{"damage_healed":0.0,"max_hp_gain":0.0,"max_hp_loss":0.0,"gold_gain":0.0,"cards_transformed":["Strike_R"],"event_name":"Transmorgrifier","player_choice":"Transformed","floor":3.0,"gold_loss":0.0,"damage_taken":0.0,"cards_obtained":["Power Through"]},{"cards_removed":["Armaments"],"damage_healed":0.0,"max_hp_gain":0.0,"max_hp_loss":0.0,"gold_gain":0.0,"event_name":"WeMeetAgain","player_choice":"Gave Card","floor":14.0,"gold_loss":0.0,"damage_taken":0.0,"relics_obtained":["Orichalcum"]},{"damage_healed":0,"gold_gain":0,"player_choice":"Joined the Cult","damage_taken":6,"max_hp_gain":0,"max_hp_loss":0,"event_name":"Nest","floor":22,"gold_loss":0,"cards_obtained":["RitualDagger"]}],"is_beta":false,"boss_relics":[{"not_picked":["Tiny House","Replay:Grab Bag"],"picked":"energizedSpire:SpiderWeb"}],"items_purged_floors":[],"is_endless":false,"potions_floor_spawned":[1,7,16,21],"killed_by":"Slavers","ascension_level":1}}