{"host":"9tzam4717zt8ei1o","time":1611947902,"event":{"mods":["BaseMod","Colored Map","Keyboard Shortcuts","Minty Spire (QoL Compilation)","Quick Restart","StSLib","SuperFastMode"],"gold_per_floor":[113,132,57,77,77,112,13,44,44,44,58,58,58],"floor_reached":12,"language":"KOR","playtime":194,"items_purged":["Defend_R"],"score":176,"play_id":"8d1dab8a-d4bb-437a-819b-e5ffff58e8ea","local_time":"20210130041822","is_ascension_mode":true,"campfire_choices":[{"data":"Barricade","floor":10.0,"key":"SMITH"}],"circlet_count":0,"master_deck":["AscendersBane","Strike_R","Strike_R","Strike_R","Strike_R","Defend_R","Defend_R","Defend_R","Bash","Fiend Fire","Second Wind","Shrug It Off","Wild Strike","Dark Embrace","Wild Strike","Barricade+1","Entrench"],"relics":["Burning Blood","FaceOfCleric","Ice Cream","Letter Opener","InkBottle"],"acts_visited":["Exordium"],"potions_floor_usage":[12],"damage_taken":[{"damage":10.0,"enemies":"Small Slimes","floor":1.0,"turns":3.0},{"damage":1.0,"enemies":"Cultist","floor":2.0,"turns":3.0},{"damage":1.0,"enemies":"2 Louse","floor":4.0,"turns":4.0},{"damage":31.0,"enemies":"Gremlin Nob","floor":6.0,"turns":4.0},{"damage":27.0,"enemies":"Lagavulin","floor":8.0,"turns":6.0},{"damage":14.0,"enemies":"2 Fungi Beasts","floor":11.0,"turns":5.0},{"damage":29,"enemies":"3 Sentries","floor":12,"turns":4}],"seed_played":"6217589436058953436","potions_obtained":[{"floor":1.0,"key":"EntropicBrew"},{"floor":8.0,"key":"DuplicationPotion"}],"is_trial":false,"path_per_floor":["M","M","$","M","?","E","$","E","T","R","M","E"],"character_chosen":"IRONCLAD","items_purchased":["Dark Embrace","Wild Strike"],"campfire_rested":0,"item_purchase_floors":[7,7],"current_hp_per_floor":[64,69,69,74,74,50,50,30,30,30,23,0,0],"gold":58,"neow_bonus":"TRANSFORM_CARD","is_daily":false,"chose_seed":false,"campfire_upgraded":1,"win_rate":0.0,"timestamp":1611947902,"path_taken":["M","M","$","M","?","E","$","E","T","R","?","E"],"items_purchased_type":["Card","Card"],"build_version":"2020-12-22","purchased_purges":1,"victory":false,"max_hp_per_floor":[75,75,75,75,75,76,76,77,77,77,78,78,78],"card_choices":[{"not_picked":["Intimidate","Heavy Blade"],"picked":"Second Wind","floor":1.0},{"not_picked":["Anger","True Grit"],"picked":"Shrug It Off","floor":2.0},{"not_picked":["True Grit","Twin Strike"],"picked":"Wild Strike","floor":4.0},{"not_picked":["Brutality","Iron Wave","Armaments"],"picked":"SKIP","floor":6.0},{"not_picked":["Uppercut","Thunderclap"],"picked":"Barricade","floor":8.0},{"not_picked":["Flex","Searing Blow"],"picked":"Entrench","floor":11.0}],"player_experience":112341,"relics_obtained":[{"floor":6.0,"key":"Ice Cream"},{"floor":8.0,"key":"Letter Opener"},{"floor":9.0,"key":"InkBottle"}],"event_choices":[{"damage_healed":0.0,"max_hp_gain":0.0,"max_hp_loss":0.0,"gold_gain":0.0,"event_name":"FaceTrader","player_choice":"Trade","floor":5.0,"gold_loss":0.0,"damage_taken":0.0,"relics_obtained":["FaceOfCleric"]}],"is_beta":false,"boss_relics":[],"items_purged_floors":[3],"is_endless":false,"potions_floor_spawned":[1,8],"killed_by":"3 Sentries","ascension_level":20}}