{"host":"kg61lsvem4dxoat8","time":1611927631,"event":{"mods":["AchievementEnabler","BaseMod","Better Altar","Better Match","Better Sensory Stone","Highlight Path","Minty Spire (QoL Compilation)","Quick Restart","Relic Sorter","Relic Stats","StSLib","Synergy Search","slay the spire mod where everything is the same but ironclad has a cowboy hat"],"gold_per_floor":[117,134,134,148,148,192,46,46,72,97,97,125,150,309,309,407,407,420,148,198,221,253,253,253,253,278,278,323,362,39,73,73,73,73],"floor_reached":33,"language":"ENG","playtime":697,"items_purged":["Strike_G","Doubt"],"score":555,"play_id":"25d04640-4a88-42b5-9928-2ee62118a40b","local_time":"20210129214031","is_ascension_mode":true,"campfire_choices":[{"data":"Accuracy","floor":15.0,"key":"SMITH"},{"data":"Blade Dance","floor":23.0,"key":"SMITH"},{"data":"Blade Dance","floor":25.0,"key":"SMITH"},{"floor":27.0,"key":"REST"},{"floor":32,"key":"REST"}],"circlet_count":0,"master_deck":["AscendersBane","Defend_G","Defend_G","Defend_G","Defend_G","Defend_G","Survivor","Neutralize","Blade Dance+1","Infinite Blades","Accuracy+1","Malaise","Blade Dance+1","Adrenaline","Slice","Blade Dance","Bite","Bite","Bite","Bite","Bite","Apotheosis","Finesse","Escape Plan"],"relics":["Ring of the Snake","NeowsBlessing","Golden Idol","CeramicFish","Happy Flower","WristBlade","Bag of Preparation","Pen Nib","Oddly Smooth Stone"],"acts_visited":["Exordium","TheCity"],"potions_floor_usage":[31,33],"damage_taken":[{"damage":0.0,"enemies":"Small Slimes","floor":1.0,"turns":1.0},{"damage":0.0,"enemies":"2 Louse","floor":2.0,"turns":1.0},{"damage":0.0,"enemies":"Cultist","floor":4.0,"turns":1.0},{"damage":27.0,"enemies":"Lagavulin","floor":6.0,"turns":5.0},{"damage":8.0,"enemies":"Blue Slaver","floor":10.0,"turns":4.0},{"damage":17.0,"enemies":"Lots of Slimes","floor":12.0,"turns":5.0},{"damage":0.0,"enemies":"Looter","floor":13.0,"turns":1.0},{"damage":11.0,"enemies":"The Guardian","floor":16.0,"turns":12.0},{"damage":7.0,"enemies":"3 Byrds","floor":18.0,"turns":4.0},{"damage":0.0,"enemies":"Spheric Guardian","floor":21.0,"turns":2.0},{"damage":40.0,"enemies":"Centurion and Healer","floor":22.0,"turns":4.0},{"damage":18.0,"enemies":"Gremlin Leader","floor":29.0,"turns":4.0},{"damage":0,"enemies":"Shelled Parasite and Fungi","floor":31,"turns":2},{"damage":89,"enemies":"Collector","floor":33,"turns":7}],"seed_played":"-1011622699384463556","potions_obtained":[{"floor":2.0,"key":"SteroidPotion"},{"floor":4.0,"key":"PowerPotion"},{"floor":12.0,"key":"Energy Potion"},{"floor":13.0,"key":"Dexterity Potion"},{"floor":18.0,"key":"Energy Potion"},{"floor":29.0,"key":"Regen Potion"}],"is_trial":false,"path_per_floor":["M","M","?","M","?","E","$","?","T","M","?","M","M","?","R","B",null,"M","$","?","M","M","R","T","R","T","R","?","E","$","M","R","B"],"character_chosen":"THE_SILENT","items_purchased":["Accuracy","Blood Vial","Apotheosis","Finesse","Strength Potion"],"campfire_rested":2,"item_purchase_floors":[7,19,30,30,30],"current_hp_per_floor":[59,59,64,64,64,37,37,37,37,29,29,12,12,12,12,1,48,41,41,41,43,5,5,5,5,5,24,24,18,18,18,37,0,0],"gold":73,"neow_bonus":"THREE_ENEMY_KILL","is_daily":false,"chose_seed":false,"campfire_upgraded":3,"win_rate":0.0,"timestamp":1611927631,"path_taken":["M","M","?","M","?","E","$","?","T","?","?","M","?","?","R","BOSS","M","$","?","?","M","R","?","R","T","R","?","E","?","?","R","BOSS"],"items_purchased_type":["Card","Relic","Card","Card","Potion"],"build_version":"2020-12-22","purchased_purges":2,"victory":false,"max_hp_per_floor":[66,66,71,71,64,64,64,64,64,64,64,64,64,64,64,64,64,64,64,64,64,64,64,64,64,64,64,64,64,64,64,64,64,64],"relic_stats":{"Happy Flower":[15],"counters":[14,53],"Golden Idol":63,"CeramicFish":135,"Pen Nib":[6],"Bag of Preparation":[6],"obtain_stats":[{"Blood Vial":19,"NeowsBlessing":0,"Happy Flower":9,"WristBlade":17,"Golden Idol":5,"CeramicFish":6,"Oddly Smooth Stone":29,"Pen Nib":26,"Bag of Preparation":24,"Ring of the Snake":0},{"Blood Vial":9,"NeowsBlessing":0,"Happy Flower":4,"WristBlade":8,"Golden Idol":3,"CeramicFish":4,"Oddly Smooth Stone":12,"Pen Nib":11,"Bag of Preparation":11,"Ring of the Snake":0},{"Blood Vial":34,"NeowsBlessing":0,"Happy Flower":8,"WristBlade":30,"Golden Idol":3,"CeramicFish":8,"Oddly Smooth Stone":44,"Pen Nib":40,"Bag of Preparation":40,"Ring of the Snake":0}],"Ring of the Snake":[28]},"card_choices":[{"not_picked":["Bane","Quick Slash"],"picked":"Blade Dance","floor":1.0},{"not_picked":["Crippling Poison","Bouncing Flask"],"picked":"Infinite Blades","floor":2.0},{"not_picked":["Dagger Throw","Outmaneuver","Dagger Spray"],"picked":"SKIP","floor":4.0},{"not_picked":["Flying Knee","Terror","Masterful Stab"],"picked":"SKIP","floor":6.0},{"not_picked":["Noxious Fumes","Dash"],"picked":"Malaise","floor":10.0},{"not_picked":["Tactician","Dash"],"picked":"Blade Dance","floor":12.0},{"not_picked":["Dagger Throw","Deadly Poison","Dodge and Roll"],"picked":"SKIP","floor":13.0},{"not_picked":["After Image","Bullet Time"],"picked":"Adrenaline","floor":16.0},{"not_picked":["Riddle With Holes","Choke","Sucker Punch"],"picked":"SKIP","floor":18.0},{"not_picked":["Dagger Throw","Bane"],"picked":"Slice","floor":21.0},{"not_picked":["Backflip","Deflect+1"],"picked":"Blade Dance","floor":22.0},{"not_picked":["PiercingWail+1","Setup","Skewer"],"picked":"SKIP","floor":29.0},{"not_picked":["Distraction","Backflip"],"picked":"Escape Plan","floor":31}],"player_experience":1420958,"relics_obtained":[{"floor":6.0,"key":"CeramicFish"},{"floor":9.0,"key":"Happy Flower"},{"floor":24.0,"key":"Bag of Preparation"},{"floor":26.0,"key":"Pen Nib"},{"floor":29.0,"key":"Oddly Smooth Stone"}],"event_choices":[{"damage_healed":0.0,"max_hp_gain":5.0,"max_hp_loss":0.0,"gold_gain":0.0,"event_name":"Big Fish","player_choice":"Donut","floor":3.0,"gold_loss":0.0,"damage_taken":0.0},{"damage_healed":0.0,"max_hp_gain":0.0,"max_hp_loss":7.0,"gold_gain":0.0,"event_name":"Golden Idol","player_choice":"Lose Max HP","floor":5.0,"gold_loss":0.0,"damage_taken":0.0,"relics_obtained":["Golden Idol"]},{"damage_healed":0.0,"max_hp_gain":0.0,"max_hp_loss":0.0,"gold_gain":0.0,"event_name":"WeMeetAgain","player_choice":"Ignored","floor":8.0,"gold_loss":0.0,"damage_taken":0.0},{"cards_removed":["Strike_G"],"damage_healed":0.0,"max_hp_gain":0.0,"max_hp_loss":0.0,"gold_gain":0.0,"event_name":"Wheel of Change","player_choice":"Card Removal","floor":11.0,"gold_loss":0.0,"damage_taken":0.0},{"damage_healed":0.0,"max_hp_gain":0.0,"max_hp_loss":0.0,"gold_gain":150.0,"event_name":"Liars Game","player_choice":"AGREE","floor":14.0,"gold_loss":0.0,"damage_taken":0.0,"cards_obtained":["Doubt"]},{"damage_healed":0.0,"max_hp_gain":0.0,"max_hp_loss":0.0,"gold_gain":100.0,"event_name":"The Joust","player_choice":"Bet on Murderer","floor":20.0,"gold_loss":50.0,"damage_taken":0.0},{"damage_healed":0.0,"max_hp_gain":0.0,"max_hp_loss":0.0,"gold_gain":0.0,"event_name":"Vampires","player_choice":"Became a vampire (Vial)","floor":28.0,"relics_lost":["Blood Vial"],"gold_loss":0.0,"damage_taken":0.0,"cards_obtained":["Bite","Bite","Bite","Bite","Bite"]}],"is_beta":false,"boss_relics":[{"not_picked":["Tiny House","Velvet Choker"],"picked":"WristBlade"}],"items_purged_floors":[7,19],"is_endless":false,"potions_floor_spawned":[2,4,12,13,18,29],"killed_by":"Collector","ascension_level":20}}