{"host":"c6u7e77myxvw4d0m","time":1611933667,"event":{"mods":["AchievementEnabler","BaseMod","Bestiary","Colored Map","Colored Powertips","Minty Spire (QoL Compilation)","Rare Cards Sparkle","Relic Stats","everything is the same but u backflip on backflip"],"gold_per_floor":[115,115,134,146,161,161,141,176,230,230,244,272,282,313,313,384,384,401,401,419,419,419],"floor_reached":21,"language":"ENG","playtime":3909,"items_purged":[],"score":362,"play_id":"c171a141-cb35-4f1c-8516-a41ba092826e","local_time":"20210129172107","is_ascension_mode":true,"campfire_choices":[{"data":"Armaments","floor":6,"key":"SMITH"},{"floor":10,"key":"REST"},{"data":"Flame Barrier","floor":15,"key":"SMITH"}],"circlet_count":0,"master_deck":["AscendersBane","Strike_R","Strike_R","Strike_R","Strike_R","Defend_R","Defend_R","Defend_R","Defend_R","Bash","Pommel Strike","Cleave","Clash","Armaments+1","Dropkick","Cleave","Carnage","Flame Barrier+1","Battle Trance","Demon Form","Shockwave"],"relics":["Runic Pyramid","Ornamental Fan","Bronze Scales","Oddly Smooth Stone","Blood Vial","SlaversCollar"],"acts_visited":["Exordium","TheCity"],"potions_floor_usage":[5,8,12,18],"damage_taken":[{"damage":7,"enemies":"Jaw Worm","floor":1,"turns":3},{"damage":1,"enemies":"Cultist","floor":3,"turns":3},{"damage":0,"enemies":"2 Louse","floor":4,"turns":2},{"damage":4,"enemies":"Red Slaver","floor":5,"turns":3},{"damage":13,"enemies":"Lagavulin","floor":8,"turns":8},{"damage":3,"enemies":"2 Fungi Beasts","floor":11,"turns":3},{"damage":6,"enemies":"3 Sentries","floor":12,"turns":4},{"damage":5,"enemies":"Gremlin Gang","floor":13,"turns":3},{"damage":16,"enemies":"Gremlin Nob","floor":14,"turns":3},{"damage":4,"enemies":"The Guardian","floor":16,"turns":13},{"damage":9,"enemies":"3 Byrds","floor":18,"turns":3},{"damage":22,"enemies":"Shell Parasite","floor":20,"turns":7},{"damage":45,"enemies":"Shelled Parasite and Fungi","floor":21,"turns":7}],"seed_played":"5712360349240405050","potions_obtained":[{"floor":1,"key":"Block Potion"},{"floor":3,"key":"ColorlessPotion"},{"floor":7,"key":"Regen Potion"},{"floor":14,"key":"Explosive Potion"},{"floor":16,"key":"PowerPotion"}],"is_trial":false,"path_per_floor":["M","?","M","M","M","R","?","E","T","R","M","E","M","E","R","B",null,"M","?","M","M"],"character_chosen":"IRONCLAD","items_purchased":[],"campfire_rested":1,"item_purchase_floors":[],"current_hp_per_floor":[61,61,60,60,56,56,56,58,58,75,72,66,61,45,45,43,67,60,60,40,0,0],"gold":419,"neow_bonus":"BOSS_RELIC","is_daily":false,"chose_seed":false,"campfire_upgraded":2,"win_rate":0.0,"timestamp":1611933667,"path_taken":["M","?","?","M","M","R","?","E","T","R","M","E","M","E","R","BOSS","M","?","M","M"],"items_purchased_type":[],"build_version":"2020-12-22","purchased_purges":0,"victory":false,"max_hp_per_floor":[75,75,75,75,75,75,75,75,75,75,75,75,75,75,75,75,75,75,75,75,75,75],"relic_stats":{"Blood Vial":8,"counters":[13,62],"Ornamental Fan":[28],"Bronze Scales":[187],"obtain_stats":[{"Blood Vial":14,"SlaversCollar":17,"Ornamental Fan":8,"Bronze Scales":9,"Oddly Smooth Stone":12,"Burning Blood":0,"Runic Pyramid":0},{"Blood Vial":9,"SlaversCollar":10,"Ornamental Fan":5,"Bronze Scales":5,"Oddly Smooth Stone":7,"Burning Blood":0,"Runic Pyramid":0},{"Blood Vial":32,"SlaversCollar":45,"Ornamental Fan":19,"Bronze Scales":19,"Oddly Smooth Stone":26,"Burning Blood":0,"Runic Pyramid":0}]},"card_choices":[{"not_picked":["Intimidate","Dual Wield"],"picked":"Pommel Strike","floor":1},{"not_picked":["Bloodletting","Metallicize"],"picked":"Cleave","floor":3},{"not_picked":["Iron Wave","Body Slam"],"picked":"Clash","floor":4},{"not_picked":["Uppercut","Anger"],"picked":"Armaments","floor":5},{"not_picked":["Dual Wield","Bludgeon"],"picked":"Dropkick","floor":8},{"not_picked":["Hemokinesis","Evolve"],"picked":"Cleave","floor":11},{"not_picked":["Pommel Strike","Iron Wave"],"picked":"Carnage","floor":12},{"not_picked":["Clothesline","Double Tap"],"picked":"Flame Barrier","floor":13},{"not_picked":["Blood for Blood","Sentinel"],"picked":"Battle Trance","floor":14},{"not_picked":["Limit Break","Berserk"],"picked":"Demon Form","floor":16},{"not_picked":["Pummel","Sword Boomerang"],"picked":"Shockwave","floor":18},{"not_picked":["Second Wind","Wild Strike","Cleave"],"picked":"SKIP","floor":20}],"player_experience":552674,"relics_obtained":[{"floor":8,"key":"Ornamental Fan"},{"floor":9,"key":"Bronze Scales"},{"floor":12,"key":"Oddly Smooth Stone"},{"floor":14,"key":"Blood Vial"}],"event_choices":[{"cards_removed":["Strike_R"],"damage_healed":0,"gold_gain":0,"player_choice":"Purged","damage_taken":0,"max_hp_gain":0,"max_hp_loss":0,"event_name":"Purifier","floor":2,"gold_loss":0},{"damage_healed":0,"gold_gain":0,"player_choice":"Bought 1 Potion","damage_taken":0,"max_hp_gain":0,"max_hp_loss":0,"event_name":"The Woman in Blue","floor":7,"gold_loss":0},{"damage_healed":0,"gold_gain":0,"player_choice":"Ignored","damage_taken":0,"max_hp_gain":0,"max_hp_loss":0,"event_name":"Ghosts","floor":19,"gold_loss":0}],"is_beta":false,"boss_relics":[{"not_picked":["Pandora\u0027s Box","Runic Cube"],"picked":"SlaversCollar"}],"items_purged_floors":[],"is_endless":false,"potions_floor_spawned":[1,3,4,14,16],"killed_by":"Shelled Parasite and Fungi","ascension_level":16}}