{"host":"dbb4fkd1j4jczim2","time":1611900218,"event":{"mods":["BaseMod","Downfall","Marisa????????","Minty Spire (QoL Compilation)","Permanent Neow","StSLib"],"gold_per_floor":[0,19,94,94,94,6,87,117,143,182,194,225,237,259,289,301,301,301],"floor_reached":16,"language":"ENG","playtime":431,"items_purged":[],"score":102,"play_id":"b8d6b607-6104-45b8-afbd-4b2d41ddaa7b","local_time":"20210129000338","is_ascension_mode":false,"campfire_choices":[{"data":"Slimebound:CheckThePlaybook","floor":1,"key":"SMITH"},{"data":"Slimebound:GoopTackle","floor":6,"key":"SMITH"},{"floor":11,"key":"REST"}],"circlet_count":0,"master_deck":["Slimebound:Strike_Slimebound","Slimebound:Strike_Slimebound","Slimebound:Strike_Slimebound","Slimebound:Tackle","Slimebound:Defend_Slimebound","Slimebound:Defend_Slimebound","Slimebound:Defend_Slimebound","Slimebound:Defend_Slimebound","Slimebound:Split","Slimebound:CorrosiveSpit","Slimebound:CheckThePlaybook+1","Slimebound:GoopTackle+1","Slimebound:Grow","Slimebound:Grow","Slimebound:GoopSpray","Regret","Slimebound:OozeBath"],"relics":["Slimebound:AbsorbEndCombat","MawBank","downfall:HeartBlessingBlue","Letter Opener","Bag of Marbles","Smiling Mask"],"acts_visited":["Exordium"],"potions_floor_usage":[],"damage_taken":[{"damage":7,"enemies":"Jaw Worm","floor":2,"turns":2},{"damage":3,"enemies":"Small Slimes","floor":8,"turns":2},{"damage":3,"enemies":"2 Louse","floor":9,"turns":2},{"damage":35,"enemies":"Gremlin Nob","floor":10,"turns":3},{"damage":18,"enemies":"Large Slime","floor":12,"turns":5},{"damage":28,"enemies":"Lots of Slimes","floor":14,"turns":3},{"damage":6,"enemies":"Blue Slaver","floor":15,"turns":2},{"damage":25,"enemies":"WA_ARCHETYPE_RETAIN","floor":16,"turns":4}],"seed_played":"3458595289837173362","potions_obtained":[{"floor":2,"key":"champ:CounterPotion"},{"floor":9,"key":"Dexterity Potion"},{"floor":12,"key":"ColorlessPotion"}],"is_trial":false,"path_per_floor":["R","M","?","T","?","R","T","M","M","E","R","M","?","M","M","B"],"character_chosen":"SLIMEBOUND","items_purchased":[],"campfire_rested":1,"item_purchase_floors":[],"current_hp_per_floor":[65,60,60,60,60,70,70,67,64,29,51,37,37,17,13,0,0,0],"gold":301,"neow_bonus":"THREE_RARE_CARDS","is_daily":false,"chose_seed":false,"campfire_upgraded":2,"win_rate":0.0,"timestamp":1611900218,"path_taken":["R","M","?","?","?","R","T","M","M","E","R","M","?","M","M","BOSS"],"items_purchased_type":[],"build_version":"2020-12-22","purchased_purges":0,"victory":false,"max_hp_per_floor":[65,65,65,65,65,75,75,75,75,75,75,75,75,75,75,75,75,75],"card_choices":[{"not_picked":["Slimebound:OneTwoCombo","Slimebound:MassRepurpose"],"picked":"Slimebound:CheckThePlaybook","floor":0},{"not_picked":["Slimebound:DivideAndConquer","Slimebound:SlimeSpikes"],"picked":"Slimebound:GoopTackle","floor":2},{"not_picked":["Slimebound:RejuvenatingLick","Slimebound:Dissolve"],"picked":"Slimebound:Grow","floor":8},{"not_picked":["Slimebound:SplitLeeching","Slimebound:RejuvenatingLick"],"picked":"Slimebound:Grow","floor":9},{"not_picked":["Slimebound:ProtectTheBoss","Slimebound:SplitLeeching"],"picked":"Slimebound:GoopSpray","floor":10},{"not_picked":["Slimebound:PressTheAttack","Slimebound:SplitMire","Slimebound:Prepare"],"picked":"SKIP","floor":12},{"not_picked":["Slimebound:SplitAcid","Slimebound:ItLooksTasty","Slimebound:Schlurp"],"picked":"SKIP","floor":14},{"not_picked":["Slimebound:SplitBruiser","Slimebound:TongueLash"],"picked":"Slimebound:OozeBath","floor":15}],"player_experience":321543,"relics_obtained":[{"floor":7,"key":"Letter Opener"},{"floor":10,"key":"Bag of Marbles"}],"event_choices":[{"damage_healed":0,"gold_gain":0,"player_choice":"Box","damage_taken":0,"relics_obtained":["Smiling Mask"],"max_hp_gain":0,"max_hp_loss":0,"event_name":"Big Fish","floor":13,"gold_loss":0,"cards_obtained":["Regret"]}],"is_beta":false,"boss_relics":[],"items_purged_floors":[],"is_endless":false,"potions_floor_spawned":[2,9,12],"killed_by":"WA_ARCHETYPE_RETAIN","ascension_level":0}}