{"host":"j4g6ia6asvpyu2b0","time":1611928388,"event":{"mods":["BaseMod","Colored Map","Minty Spire (QoL Compilation)","Permanent Neow","Quick Restart","Relic Stats","StSLib","Unceasing Turn Reminder"],"gold_per_floor":[362,380,398,31,50,83,98,98,150,170,196,214,214,233,233,331,331,351,369,389,409,409,409,442,456,456,483,177,191,217,237,237,336,336,350,350,369,198,198,231,247,277,277,293,293,322,322,353,353,353,353],"floor_reached":50,"language":"ENG","playtime":1364,"items_purged":["Injury","Defend_R","Defend_R"],"score":1046,"play_id":"7f2b96a8-27ed-437c-93da-2953a93d7cda","local_time":"20210129065308","is_ascension_mode":true,"campfire_choices":[{"data":"Inflame","floor":8.0,"key":"SMITH"},{"data":"Shockwave","floor":13.0,"key":"SMITH"},{"data":"Barricade","floor":15.0,"key":"SMITH"},{"data":"Seeing Red","floor":23.0,"key":"SMITH"},{"data":"1","floor":32.0,"key":"LIFT"},{"data":"2","floor":45.0,"key":"LIFT"},{"data":"3","floor":47.0,"key":"LIFT"},{"floor":49,"key":"RECALL"}],"circlet_count":0,"master_deck":["Strike_R","Strike_R","Strike_R","Strike_R","Bash","Perfected Strike","Fire Breathing","Inflame+1","Anger","Shrug It Off","Infernal Blade","Twin Strike","Seeing Red+1","Cleave","Shockwave+1","Barricade+1","Immolate","Pummel+1","Sword Boomerang","Rage+1","Feel No Pain+1","Inflame","Entrench+1","Spot Weakness","Perfected Strike","Flame Barrier","Flame Barrier","Intimidate+1","Juggernaut","Whirlwind+1","Headbutt+1","Offering","Metallicize","Metallicize","Metallicize+1","Evolve+1","Body Slam+1","Demon Form","Entrench+1","Feel No Pain+1"],"relics":["Burning Blood","Membership Card","PreservedInsect","Lantern","StrikeDummy","Nunchaku","Mercury Hourglass","Coffee Dripper","Art of War","Vajra","Centennial Puzzle","Sling","Question Card","Girya","Black Star","Blood Vial","Pen Nib","Ancient Tea Set","Happy Flower","Bottled Lightning","Kunai","Molten Egg 2","MealTicket"],"acts_visited":["Exordium","TheCity","TheBeyond"],"potions_floor_usage":[48],"damage_taken":[{"damage":1.0,"enemies":"Cultist","floor":1.0,"turns":3.0},{"damage":7.0,"enemies":"Jaw Worm","floor":2.0,"turns":2.0},{"damage":4.0,"enemies":"Small Slimes","floor":3.0,"turns":4.0},{"damage":21.0,"enemies":"Exordium Thugs","floor":5.0,"turns":6.0},{"damage":13.0,"enemies":"Gremlin Nob","floor":6.0,"turns":3.0},{"damage":9.0,"enemies":"Red Slaver","floor":7.0,"turns":2.0},{"damage":1.0,"enemies":"Looter","floor":10.0,"turns":2.0},{"damage":0.0,"enemies":"3 Sentries","floor":11.0,"turns":5.0},{"damage":8.0,"enemies":"Large Slime","floor":12.0,"turns":4.0},{"damage":0.0,"enemies":"2 Fungi Beasts","floor":14.0,"turns":2.0},{"damage":23.0,"enemies":"Hexaghost","floor":16.0,"turns":7.0},{"damage":12.0,"enemies":"2 Thieves","floor":18.0,"turns":2.0},{"damage":7.0,"enemies":"Chosen","floor":19.0,"turns":3.0},{"damage":28.0,"enemies":"Centurion and Healer","floor":20.0,"turns":5.0},{"damage":0.0,"enemies":"Snake Plant","floor":21.0,"turns":2.0},{"damage":14.0,"enemies":"Slavers","floor":24.0,"turns":3.0},{"damage":12.0,"enemies":"Cultist and Chosen","floor":25.0,"turns":4.0},{"damage":0.0,"enemies":"Gremlin Leader","floor":27.0,"turns":4.0},{"damage":13.0,"enemies":"Shelled Parasite and Fungi","floor":29.0,"turns":2.0},{"damage":3.0,"enemies":"Book of Stabbing","floor":30.0,"turns":3.0},{"damage":0.0,"enemies":"Centurion and Healer","floor":31.0,"turns":4.0},{"damage":37.0,"enemies":"Automaton","floor":33.0,"turns":8.0},{"damage":0.0,"enemies":"3 Shapes","floor":35.0,"turns":3.0},{"damage":21.0,"enemies":"3 Darklings","floor":37.0,"turns":5.0},{"damage":22.0,"enemies":"Reptomancer","floor":40.0,"turns":3.0},{"damage":35.0,"enemies":"Sphere and 2 Shapes","floor":41.0,"turns":6.0},{"damage":6.0,"enemies":"Nemesis","floor":42.0,"turns":3.0},{"damage":9.0,"enemies":"Spire Growth","floor":44.0,"turns":3.0},{"damage":6.0,"enemies":"Giant Head","floor":46.0,"turns":5.0},{"damage":0,"enemies":"Nemesis","floor":48,"turns":1},{"damage":43,"enemies":"Awakened One","floor":50,"turns":3}],"seed_played":"-4744014271959143460","potions_obtained":[{"floor":1.0,"key":"Swift Potion"},{"floor":6.0,"key":"Fire Potion"},{"floor":10.0,"key":"Weak Potion"},{"floor":12.0,"key":"Explosive Potion"},{"floor":19.0,"key":"Explosive Potion"},{"floor":24.0,"key":"CultistPotion"},{"floor":29.0,"key":"CultistPotion"},{"floor":30.0,"key":"SpeedPotion"},{"floor":33.0,"key":"Explosive Potion"},{"floor":37.0,"key":"DistilledChaos"},{"floor":40.0,"key":"Fire Potion"},{"floor":44.0,"key":"Regen Potion"},{"floor":46.0,"key":"ColorlessPotion"}],"is_trial":false,"path_per_floor":["M","M","M","$","M","E","M","R","T","M","E","M","R","M","R","B",null,"M","M","M","M","?","R","E","M","T","E","$","M","E","M","R","B",null,"M","?","M","$","?","E","M","E","T","M","R","E","R","E","R","B"],"character_chosen":"IRONCLAD","items_purchased":["Membership Card","PreservedInsect","Lantern","Anger","Sling","Perfected Strike","Flame Barrier","Question Card","Offering","Metallicize"],"campfire_rested":0,"item_purchase_floors":[4,4,4,4,28,28,28,28,38,38],"current_hp_per_floor":[77,76,78,78,63,56,53,53,53,58,64,62,62,68,68,51,73,67,66,44,50,50,50,42,36,36,42,42,35,38,44,44,13,63,69,69,54,54,54,38,11,13,13,12,12,28,28,36,36,0,0],"gold":353,"neow_bonus":"TWO_FIFTY_GOLD","is_daily":false,"chose_seed":false,"campfire_upgraded":4,"win_rate":0.0,"timestamp":1611928388,"path_taken":["M","M","?","$","M","E","M","R","T","M","E","M","R","M","R","BOSS","M","?","M","M","?","R","E","M","T","E","$","M","E","?","R","BOSS","M","?","M","$","?","E","?","E","T","M","R","E","R","E","R","BOSS"],"items_purchased_type":["Relic","Relic","Relic","Card","Relic","Card","Card","Relic","Card","Card"],"build_version":"2020-12-22","purchased_purges":3,"victory":false,"max_hp_per_floor":[80,80,80,80,80,80,80,80,80,80,80,80,80,80,80,80,80,80,80,80,80,80,80,80,80,80,80,80,80,80,80,80,80,80,80,80,80,80,80,80,80,80,80,80,80,80,80,80,80,80,80],"relic_stats":{"Happy Flower":[4],"counters":[31,111],"PreservedInsect":467,"Pen Nib":[3],"Question Card":12,"Burning Blood":180,"Mercury Hourglass":[351],"Blood Vial":12,"Nunchaku":[16],"Centennial Puzzle":[30],"MealTicket":0,"Art of War":[7],"Black Star":4,"Kunai":[1],"obtain_stats":[{"Girya":30,"Lantern":4,"Happy Flower":42,"Vajra":26,"PreservedInsect":4,"Pen Nib":40,"Sling":28,"Question Card":28,"Ancient Tea Set":42,"Burning Blood":0,"Mercury Hourglass":11,"Blood Vial":40,"Nunchaku":9,"Centennial Puzzle":27,"Molten Egg 2":48,"MealTicket":48,"Coffee Dripper":17,"Art of War":24,"Black Star":34,"Membership Card":4,"Bottled Lightning":46,"Kunai":46,"StrikeDummy":6},{"Girya":20,"Lantern":3,"Happy Flower":27,"Vajra":17,"PreservedInsect":3,"Pen Nib":25,"Sling":18,"Question Card":18,"Ancient Tea Set":27,"Burning Blood":0,"Mercury Hourglass":8,"Blood Vial":25,"Nunchaku":6,"Centennial Puzzle":18,"Molten Egg 2":30,"MealTicket":30,"Coffee Dripper":11,"Art of War":16,"Black Star":22,"Membership Card":3,"Bottled Lightning":29,"Kunai":29,"StrikeDummy":5},{"Girya":67,"Lantern":9,"Happy Flower":99,"Vajra":58,"PreservedInsect":9,"Pen Nib":90,"Sling":62,"Question Card":62,"Ancient Tea Set":99,"Burning Blood":0,"Mercury Hourglass":27,"Blood Vial":90,"Nunchaku":20,"Centennial Puzzle":62,"Molten Egg 2":108,"MealTicket":108,"Coffee Dripper":39,"Art of War":54,"Black Star":79,"Membership Card":9,"Bottled Lightning":107,"Kunai":107,"StrikeDummy":18}]},"card_choices":[{"not_picked":["Warcry","Rage"],"picked":"Perfected Strike","floor":1.0},{"not_picked":["Seeing Red","Warcry"],"picked":"Fire Breathing","floor":2.0},{"not_picked":["Wild Strike","Carnage"],"picked":"Inflame","floor":3.0},{"not_picked":["Havoc","Sword Boomerang"],"picked":"Shrug It Off","floor":5.0},{"not_picked":["Clash","Havoc"],"picked":"Infernal Blade","floor":6.0},{"not_picked":["True Grit","Thunderclap"],"picked":"Twin Strike","floor":7.0},{"not_picked":["Burning Pact","Carnage"],"picked":"Seeing Red","floor":10.0},{"not_picked":["Power Through","Sever Soul"],"picked":"Cleave","floor":11.0},{"not_picked":["Searing Blow","Havoc"],"picked":"Shockwave","floor":12.0},{"not_picked":["Hemokinesis","Whirlwind"],"picked":"Barricade","floor":14.0},{"not_picked":["Berserk","Brutality"],"picked":"Immolate","floor":16.0},{"not_picked":["Wild Strike","Heavy Blade"],"picked":"Pummel+1","floor":18.0},{"not_picked":["Warcry","Second Wind"],"picked":"Sword Boomerang","floor":19.0},{"not_picked":["Fire Breathing","Dual Wield"],"picked":"Rage+1","floor":20.0},{"not_picked":["Seeing Red","Clash+1"],"picked":"Feel No Pain+1","floor":21.0},{"not_picked":["Twin Strike","Reckless Charge+1"],"picked":"Inflame","floor":24.0},{"not_picked":["Combust","Anger"],"picked":"Entrench+1","floor":25.0},{"not_picked":["Iron Wave","Warcry"],"picked":"Spot Weakness","floor":27.0},{"not_picked":["Armaments","Anger","Havoc+1"],"picked":"Flame Barrier","floor":29.0},{"not_picked":["Barricade","Havoc","Cleave+1","Infernal Blade"],"picked":"SKIP","floor":30.0},{"not_picked":["Flex","Sentinel","Wild Strike+1"],"picked":"Intimidate+1","floor":31.0},{"not_picked":["Offering","Reaper","Barricade"],"picked":"Juggernaut","floor":33.0},{"not_picked":["Warcry","Perfected Strike+1","Body Slam"],"picked":"Whirlwind+1","floor":35.0},{"not_picked":["Rampage","Cleave","Burning Pact+1"],"picked":"Headbutt+1","floor":37.0},{"not_picked":["Seeing Red","Second Wind+1","Whirlwind"],"picked":"Metallicize+1","floor":40.0},{"not_picked":["Metallicize","Wild Strike+1","Armaments"],"picked":"Evolve+1","floor":41.0},{"not_picked":["Dual Wield","Power Through","Intimidate"],"picked":"Body Slam+1","floor":42.0},{"not_picked":["Searing Blow","Heavy Blade+1","Clothesline+1"],"picked":"Demon Form","floor":44.0},{"not_picked":["Double Tap","Dropkick","Disarm"],"picked":"Entrench+1","floor":46.0},{"not_picked":["Sever Soul+1","Perfected Strike+1","Metallicize"],"picked":"Feel No Pain+1","floor":48}],"player_experience":1077236,"relics_obtained":[{"floor":6.0,"key":"StrikeDummy"},{"floor":9.0,"key":"Nunchaku"},{"floor":11.0,"key":"Mercury Hourglass"},{"floor":24.0,"key":"Art of War"},{"floor":26.0,"key":"Vajra"},{"floor":27.0,"key":"Centennial Puzzle"},{"floor":30.0,"key":"Girya"},{"floor":40.0,"key":"Blood Vial"},{"floor":40.0,"key":"Pen Nib"},{"floor":42.0,"key":"Ancient Tea Set"},{"floor":42.0,"key":"Happy Flower"},{"floor":46.0,"key":"Bottled Lightning"},{"floor":46.0,"key":"Kunai"},{"floor":48,"key":"Molten Egg 2"},{"floor":48,"key":"MealTicket"}],"event_choices":[{"cards_removed":["Defend_R"],"damage_healed":0.0,"max_hp_gain":0.0,"max_hp_loss":0.0,"gold_gain":0.0,"event_name":"Purifier","player_choice":"Purged","floor":22.0,"gold_loss":0.0,"damage_taken":0.0},{"cards_removed":["Strike_R"],"damage_healed":0.0,"max_hp_gain":0.0,"max_hp_loss":0.0,"gold_gain":0.0,"event_name":"Falling","player_choice":"Removed Attack","floor":36.0,"gold_loss":0.0,"damage_taken":0.0},{"damage_healed":0.0,"max_hp_gain":0.0,"max_hp_loss":0.0,"gold_gain":0.0,"cards_transformed":["Defend_R"],"event_name":"Transmorgrifier","player_choice":"Transformed","floor":39.0,"gold_loss":0.0,"damage_taken":0.0,"cards_obtained":["Metallicize"]}],"is_beta":false,"boss_relics":[{"not_picked":["Philosopher\u0027s Stone","Mark of Pain"],"picked":"Coffee Dripper"},{"not_picked":["Runic Dome","Busted Crown"],"picked":"Black Star"}],"items_purged_floors":[4,28,38],"is_endless":false,"potions_floor_spawned":[1,6,10,12,16,19,24,29,30,33,37,40,42,44,46],"killed_by":"Awakened One","ascension_level":7}}