{"host":"nlowmoq7gy18n72d","time":1611961095,"event":{"mods":["BaseMod","Colored Powertips","Conspire","Downfall","Hermit","Highlight Path","Infinite Spire","Jorbs\u0027s Wanderer Trilogy","Minty Spire (QoL Compilation)","Rare Cards Sparkle","Replay The Spire","StSLib","The Cursed","The Hierophant"],"gold_per_floor":[111,130,150,161,174,208,208,222,222,249,214,214,227,253,253,355,355,368,382,382,382,382,382,415,415,415,415,415,415,434,54,54,153,153,173,199,199,222,222,222,277,277,277,330,28,56,98,120,120,127,127],"floor_reached":50,"language":"ENG","playtime":2072,"items_purged":["Sickly","stsjorbsmod:Procrastination","CommonCold"],"score":856,"play_id":"f2b33d67-7c52-490a-bc19-221d99db03d7","local_time":"20210130015815","is_ascension_mode":true,"campfire_choices":[{"data":"hermit:Showdown","floor":7,"key":"SMITH"},{"data":"hermit:HighCaliber","floor":12,"key":"SMITH"},{"data":"hermit:Roulette","floor":15,"key":"SMITH"},{"data":"hermit:HighNoon","floor":23,"key":"SMITH"},{"floor":25,"key":"REST"},{"data":"hermit:BodyArmor","floor":28,"key":"SMITH"},{"floor":32,"key":"REST"},{"data":"hermit:FullyLoaded","floor":40,"key":"SMITH"},{"floor":42,"key":"REST"},{"floor":49,"key":"REST"}],"circlet_count":0,"master_deck":["hermit:Strike_Hermit+1","hermit:Strike_Hermit+1","hermit:Strike_Hermit+1","hermit:Strike_Hermit+1","hermit:Defend_Hermit+1","hermit:Defend_Hermit+1","hermit:Defend_Hermit+1","hermit:Defend_Hermit+1","hermit:Snapshot","hermit:Covet","hermit:Dissolve+1","hermit:Showdown+1","hermit:GoldenBullet+1","hermit:Glare","hermit:PistolWhip","hermit:Roulette+1","hermit:BodyArmor+1","hermit:HighCaliber+1","hermit:Malice+1","hermit:RoundhouseKick+1","hermit:HighNoon+1","Necronomicurse","hermit:FullyLoaded+1","hermit:FatalDesire","hermit:Brawl","hermit:Scavenge+1","hermit:HighCaliber+1","hermit:PistolWhip+1","hermit:Maintenance+1"],"relics":["hermit:Momento","ReplayFunnel","infinitespire:Broken Mirror","infinitespire:Eraser","Replay:Ancient Bell","Blue Doll","Question Card","Counterbalance","Ring of Hypnosis","Ring of Panic","Necronomicon","infinitespire:Satchel","Juzu Bracelet","Gremlin Food","Whetstone","Sozu","infinitespire:EvilPickle","infinitespire:CheckeredPen","SacredBark","Ancient Tea Set","Orichalcum","HornCleat","Replay:Mystery Machine","Lee\u0027s Waffle","MealTicket","Pantograph"],"acts_visited":["Exordium","TheCity","TheBeyond"],"potions_floor_usage":[6,14,14,14,16,24,41],"damage_taken":[{"damage":0,"enemies":"infinitespire:Voidling","floor":1,"turns":4},{"damage":1,"enemies":"conspire:RoseBush","floor":2,"turns":2},{"damage":1,"enemies":"Small Slimes","floor":3,"turns":4},{"damage":11,"enemies":"3 Louse","floor":4,"turns":4},{"damage":2,"enemies":"Exordium Wildlife","floor":5,"turns":4},{"damage":22,"enemies":"3 Sentries","floor":6,"turns":6},{"damage":0,"enemies":"2 Fungi Beasts","floor":8,"turns":2},{"damage":4,"enemies":"Replay:BlueRogue","floor":10,"turns":3},{"damage":1,"enemies":"3 Louse","floor":13,"turns":3},{"damage":0,"enemies":"3 Sentries","floor":14,"turns":8},{"damage":48,"enemies":"The Guardian","floor":16,"turns":9},{"damage":11,"enemies":"2 Thieves","floor":18,"turns":3},{"damage":0,"enemies":"Spheric Guardian","floor":19,"turns":3},{"damage":34,"enemies":"Nightmare","floor":24,"turns":8},{"damage":11,"enemies":"conspire:HollyBat","floor":30,"turns":7},{"damage":3,"enemies":"Pondfish","floor":33,"turns":8},{"damage":0,"enemies":"Orb Walker","floor":35,"turns":2},{"damage":12,"enemies":"3 Shapes","floor":36,"turns":3},{"damage":0,"enemies":"Maw","floor":38,"turns":5},{"damage":18,"enemies":"Nightmare","floor":41,"turns":8},{"damage":0,"enemies":"Reptomancer","floor":44,"turns":3},{"damage":29,"enemies":"Nemesis","floor":46,"turns":5},{"damage":0,"enemies":"Transient","floor":48,"turns":5},{"damage":83,"enemies":"conspire:OrnateMirror","floor":50,"turns":5}],"seed_played":"5726717113239822012","potions_obtained":[{"floor":4,"key":"EssenceOfSteel"},{"floor":5,"key":"Adrenaline Potion"},{"floor":6,"key":"champ:CounterPotion"},{"floor":8,"key":"SmokeBomb"},{"floor":13,"key":"EntropicBrew"},{"floor":30,"key":"champ:CounterPotion"},{"floor":33,"key":"Weak Potion"}],"is_trial":false,"path_per_floor":["M","M","M","M","M","E","R","M","T","E","?","R","M","E","R","B",null,"M","M","?","?","?","R","NM","R","T","?","R","?","M","$","R","B",null,"M","M","AVR","M","?","R","NM","R","T","E","$","E","?","M","R","B"],"character_chosen":"HERMIT","items_purchased":["Gremlin Food","Whetstone","hermit:PistolWhip+1","Lee\u0027s Waffle"],"campfire_rested":4,"item_purchase_floors":[31,31,45,45],"current_hp_per_floor":[75,74,73,62,60,38,38,38,38,34,52,52,51,51,51,3,75,64,64,64,64,48,48,14,36,36,36,36,36,25,25,47,44,75,75,63,63,63,63,63,45,67,67,67,82,53,53,53,77,0,0],"gold":127,"neow_bonus":"ONE_RANDOM_RARE_CARD","is_daily":false,"chose_seed":false,"campfire_upgraded":6,"win_rate":0.0,"timestamp":1611961095,"path_taken":["M","?","M","M","M","E","R","M","T","E","?","R","M","E","R","BOSS","M","M","?","?","?","R","NM","R","T","?","R","?","M","$","R","BOSS","M","M","AVR","M","?","R","NM","R","T","E","?","E","?","M","R","BOSS"],"items_purchased_type":["Relic","Relic","Card","Relic"],"build_version":"2020-12-22","purchased_purges":3,"victory":false,"max_hp_per_floor":[75,75,75,75,75,75,75,75,75,75,75,75,75,75,75,75,75,75,75,75,75,75,75,75,75,75,75,75,75,75,75,75,75,75,75,75,75,75,75,75,75,75,75,75,82,82,82,82,82,82,82],"card_choices":[{"not_picked":["hermit:BodyArmor","hermit:Headshot"],"picked":"hermit:Showdown","floor":1},{"not_picked":["hermit:HoleUp","hermit:Spite"],"picked":"hermit:GoldenBullet","floor":2},{"not_picked":["hermit:Spite","hermit:BigShot"],"picked":"hermit:Glare","floor":3},{"not_picked":["hermit:Feint","hermit:Determination"],"picked":"hermit:PistolWhip","floor":4},{"not_picked":["hermit:ItchyTrigger","hermit:Ricochet"],"picked":"hermit:Roulette","floor":5},{"not_picked":["hermit:Manifest","hermit:Coalescence","hermit:Dissolve"],"picked":"SKIP","floor":6},{"not_picked":["hermit:HoleUp","hermit:Midnight"],"picked":"hermit:BodyArmor","floor":8},{"not_picked":["hermit:Snipe","hermit:ItchyTrigger"],"picked":"hermit:HighCaliber","floor":10},{"not_picked":["hermit:Ricochet","hermit:Vantage","hermit:OverwhelmingPower"],"picked":"SKIP","floor":13},{"not_picked":["hermit:Manifest","hermit:LoneWolf"],"picked":"hermit:Malice","floor":14},{"not_picked":["hermit:BlackWind","hermit:EternalForm"],"picked":"hermit:RoundhouseKick","floor":16},{"not_picked":["ReplayTheSpireMod:Restless Dread","stsjorbsmod:Amnesia","Spreading Infection"],"picked":"CommonCold","floor":17},{"not_picked":["downfall:Malfunctioning","Overencumbered","Delirium"],"picked":"Sickly","floor":17},{"not_picked":["Overencumbered","Sickly","stsjorbsmod:PollutedStrike"],"picked":"stsjorbsmod:Procrastination","floor":17},{"not_picked":["hermit:Manifest","hermit:LoneWolf","hermit:Misfire","hermit:Roulette"],"picked":"SKIP","floor":18},{"not_picked":["hermit:Roulette","hermit:CalledShot","hermit:LowProfile+1"],"picked":"hermit:HighNoon","floor":19},{"not_picked":["hermit:WideOpen","hermit:EternalForm","hermit:Horror"],"picked":"hermit:FullyLoaded","floor":24},{"not_picked":["hermit:Glare","hermit:Manifest","hermit:Vantage+1","hermit:Feint"],"picked":"SKIP","floor":30},{"not_picked":["hermit:EternalForm","hermit:Purgatory","hermit:Dissolve"],"picked":"hermit:FatalDesire","floor":33},{"not_picked":["hermit:WideOpen+1","hermit:BodyArmor","hermit:Manifest+1"],"picked":"hermit:Brawl","floor":35},{"not_picked":["hermit:LuckOfTheDraw","hermit:Manifest+1","hermit:BodyArmor+1"],"picked":"hermit:Scavenge+1","floor":36},{"not_picked":["hermit:TrackingShot","hermit:LoneWolf+1","hermit:Dive+1"],"picked":"hermit:HighCaliber+1","floor":38},{"not_picked":["hermit:EyeOfTheStorm","hermit:LoneWolf+1","hermit:Spite","hermit:LuckOfTheDraw+1"],"picked":"SKIP","floor":41},{"not_picked":["hermit:CursedWeapon+1","hermit:Manifest","hermit:Roulette","hermit:Ricochet"],"picked":"SKIP","floor":44},{"not_picked":["hermit:Ricochet","hermit:Grudge","hermit:Showdown+1","hermit:TakeAim+1"],"picked":"SKIP","floor":46},{"not_picked":["hermit:Shortfuse","hermit:BodyArmor+1","hermit:Combo"],"picked":"hermit:Maintenance","floor":48}],"player_experience":739764,"relics_obtained":[{"floor":6,"key":"ReplayFunnel"},{"floor":10,"key":"infinitespire:Broken Mirror"},{"floor":14,"key":"infinitespire:Eraser"},{"floor":20,"key":"Ring of Hypnosis"},{"floor":20,"key":"Ring of Panic"},{"floor":22,"key":"Necronomicon"},{"floor":24,"key":"infinitespire:Satchel"},{"floor":26,"key":"Juzu Bracelet"},{"floor":41,"key":"Orichalcum"},{"floor":43,"key":"HornCleat"},{"floor":44,"key":"Replay:Mystery Machine"},{"floor":46,"key":"MealTicket"},{"floor":47,"key":"Pantograph"}],"event_choices":[{"damage_healed":18,"gold_gain":0,"player_choice":"Healed","damage_taken":0,"max_hp_gain":0,"max_hp_loss":0,"event_name":"The Cleric","floor":11,"gold_loss":35},{"damage_healed":0,"gold_gain":0,"player_choice":"Obtained Book","damage_taken":16,"max_hp_gain":0,"max_hp_loss":0,"event_name":"Cursed Tome","floor":22,"gold_loss":0},{"damage_healed":0,"gold_gain":0,"player_choice":"Simplicity","damage_taken":0,"max_hp_gain":0,"max_hp_loss":0,"event_name":"Back to Basics","floor":27,"gold_loss":0,"cards_upgraded":["hermit:Strike_Hermit","hermit:Strike_Hermit","hermit:Strike_Hermit","hermit:Strike_Hermit","hermit:Defend_Hermit","hermit:Defend_Hermit","hermit:Defend_Hermit","hermit:Defend_Hermit"]},{"damage_healed":0,"gold_gain":0,"player_choice":"Gave Potion","damage_taken":0,"relics_obtained":["Ancient Tea Set"],"max_hp_gain":0,"max_hp_loss":0,"event_name":"WeMeetAgain","floor":39,"gold_loss":0}],"is_beta":false,"boss_relics":[{"not_picked":["conspire:RunicOctahedron","Velvet Choker"],"picked":"Replay:Ancient Bell"},{"not_picked":["War Paint","Blood Vial"],"picked":"Blue Doll"},{"not_picked":["ReplayTheSpireMod:Ninjato","Gremlin Horn"],"picked":"Question Card"},{"not_picked":["Replay:Multitool","Lizard Tail"],"picked":"Counterbalance"},{"not_picked":["hermit:DentedPlate","conspire:SpecialSausage"],"picked":"Sozu"}],"items_purged_floors":[31,37,45],"is_endless":false,"potions_floor_spawned":[4,5,6,8,13,14,30,33,35,36,38,46,48],"killed_by":"conspire:OrnateMirror","ascension_level":1}}