{"host":"zk71suw73lg2r165","time":1611935087,"event":{"mods":["BaseMod","Colored Map","Minty Spire (QoL Compilation)","Permanent Neow","Relic Stats","StSLib"],"gold_per_floor":[114,131,131,147,163,195,195,229,274,284,284,296,311,336,336,410,410,425,435,194,194,110,143,143,161,187,187,213,233,233,71,71,147,147,162,87,87,99,99,134,134,134,134],"floor_reached":42,"language":"ENG","playtime":1603,"items_purged":["Reprogram"],"score":1072,"play_id":"fa216510-a0cf-4984-b737-55b85fcadbb4","local_time":"20210129104447","is_ascension_mode":true,"campfire_choices":[{"data":"Lockon","floor":7.0,"key":"SMITH"},{"data":"Self Repair","floor":11.0,"key":"SMITH"},{"floor":15.0,"key":"REST"},{"data":"Defragment","floor":24,"key":"SMITH"},{"data":"Biased Cognition","floor":27,"key":"SMITH"},{"data":"Biased Cognition","floor":32,"key":"SMITH"},{"data":"Skim","floor":41,"key":"SMITH"}],"circlet_count":0,"master_deck":["AscendersBane","Dualcast","Echo Form","Ball Lightning","Glacier","Lockon+1","FTL+1","Leap","Capacitor","Self Repair+1","BootSequence","FTL","Biased Cognition+1","Coolheaded","Reinforced Body","Echo Form","Core Surge","Turbo","Leap","Biased Cognition+1","Defragment+1","Self Repair","Glacier","Skim+1","Reboot","Capacitor","Static Discharge"],"relics":["Cracked Core","Gremlin Horn","Darkstone Periapt","PreservedInsect","Whetstone","Pandora\u0027s Box","Chemical X","Pantograph","Dream Catcher","Shuriken","OrangePellets","Philosopher\u0027s Stone","StoneCalendar"],"acts_visited":["Exordium","TheCity","TheBeyond"],"potions_floor_usage":[23,23],"damage_taken":[{"damage":7.0,"enemies":"Jaw Worm","floor":1.0,"turns":3.0},{"damage":4.0,"enemies":"Small Slimes","floor":2.0,"turns":3.0},{"damage":0.0,"enemies":"Cultist","floor":4.0,"turns":3.0},{"damage":8.0,"enemies":"Blue Slaver","floor":5.0,"turns":2.0},{"damage":10.0,"enemies":"3 Sentries","floor":6.0,"turns":7.0},{"damage":0.0,"enemies":"Lagavulin","floor":8.0,"turns":6.0},{"damage":13.0,"enemies":"Large Slime","floor":10.0,"turns":4.0},{"damage":9.0,"enemies":"2 Fungi Beasts","floor":12.0,"turns":3.0},{"damage":26.0,"enemies":"Gremlin Gang","floor":13.0,"turns":5.0},{"damage":0.0,"enemies":"3 Sentries","floor":14.0,"turns":6.0},{"damage":1.0,"enemies":"Slime Boss","floor":16.0,"turns":10.0},{"damage":25.0,"enemies":"Shell Parasite","floor":18.0,"turns":4.0},{"damage":0.0,"enemies":"Chosen","floor":19.0,"turns":3.0},{"damage":10,"enemies":"Book of Stabbing","floor":23,"turns":7},{"damage":10,"enemies":"Sentry and Sphere","floor":25,"turns":7},{"damage":30,"enemies":"Slavers","floor":28,"turns":9},{"damage":0,"enemies":"Cultist and Chosen","floor":29,"turns":5},{"damage":35,"enemies":"Collector","floor":33,"turns":11},{"damage":1,"enemies":"3 Darklings","floor":35,"turns":7},{"damage":0,"enemies":"3 Shapes","floor":38,"turns":6},{"damage":14,"enemies":"Nemesis","floor":40,"turns":11},{"damage":79,"enemies":"Reptomancer","floor":42,"turns":2}],"seed_played":"-7290164284156465336","potions_obtained":[{"floor":4.0,"key":"Fire Potion"},{"floor":8.0,"key":"GamblersBrew"},{"floor":12.0,"key":"SteroidPotion"},{"floor":13.0,"key":"LiquidMemories"},{"floor":16.0,"key":"Ancient Potion"},{"floor":18.0,"key":"SpeedPotion"},{"floor":25,"key":"SteroidPotion"},{"floor":33,"key":"PotionOfCapacity"}],"is_trial":false,"path_per_floor":["M","M","?","M","M","E","R","E","T","M","R","M","M","E","R","B",null,"M","M","$","?","$","E","R","M","T","R","E","M","?","$","R","B",null,"M","$","?","M","?","E","R","E"],"character_chosen":"DEFECT","items_purchased":["Chemical X","Self Repair","OrangePellets","Capacitor"],"campfire_rested":1,"item_purchase_floors":[20,22,31,36],"current_hp_per_floor":[39,35,58,58,50,40,40,40,40,27,27,28,12,22,43,52,66,51,51,51,51,51,58,58,71,71,71,65,71,71,71,71,63,69,71,71,71,71,71,71,71,0,0],"gold":134,"neow_bonus":"THREE_RARE_CARDS","is_daily":false,"chose_seed":false,"campfire_upgraded":6,"win_rate":0.0,"timestamp":1611935087,"path_taken":["M","M","?","M","M","E","R","E","T","M","R","M","M","E","R","BOSS","M","M","$","?","$","E","R","M","T","R","E","M","?","?","R","BOSS","M","?","?","M","?","E","R","E"],"items_purchased_type":["Relic","Card","Relic","Card"],"build_version":"2020-12-22","purchased_purges":1,"victory":false,"max_hp_per_floor":[71,71,71,71,71,71,71,71,71,71,71,71,71,71,71,71,71,71,71,71,71,71,71,71,71,71,71,71,71,71,71,71,71,71,71,71,71,71,71,71,71,71,71],"relic_stats":{"Darkstone Periapt":0,"Gremlin Horn":[22,23],"counters":[22,124],"StoneCalendar":[0],"PreservedInsect":228,"Whetstone":["Strike_B","FTL"],"OrangePellets":[9],"Dream Catcher":0,"Shuriken":[10],"Pantograph":0,"Pandora\u0027s Box":["Coolheaded","Reinforced Body","Echo Form","Core Surge","Turbo","Leap","Biased Cognition","Reprogram"],"Chemical X":[12],"obtain_stats":[{"Darkstone Periapt":8,"Gremlin Horn":6,"StoneCalendar":40,"PreservedInsect":9,"Whetstone":14,"OrangePellets":31,"Dream Catcher":26,"Shuriken":28,"Pantograph":23,"Pandora\u0027s Box":17,"Philosopher\u0027s Stone":34,"Chemical X":20,"Cracked Core":0},{"Darkstone Periapt":6,"Gremlin Horn":5,"StoneCalendar":21,"PreservedInsect":6,"Whetstone":10,"OrangePellets":17,"Dream Catcher":15,"Shuriken":16,"Pantograph":14,"Pandora\u0027s Box":11,"Philosopher\u0027s Stone":18,"Chemical X":13,"Cracked Core":0},{"Darkstone Periapt":24,"Gremlin Horn":18,"StoneCalendar":122,"PreservedInsect":24,"Whetstone":42,"OrangePellets":87,"Dream Catcher":73,"Shuriken":82,"Pantograph":66,"Pandora\u0027s Box":52,"Philosopher\u0027s Stone":98,"Chemical X":59,"Cracked Core":0}]},"card_choices":[{"not_picked":["Multi-Cast","Meteor Strike"],"picked":"Echo Form","floor":0.0},{"not_picked":["Coolheaded","Sweeping Beam"],"picked":"Ball Lightning","floor":1.0},{"not_picked":["Beam Cell","Ball Lightning"],"picked":"Glacier","floor":2.0},{"not_picked":["Streamline","Sunder"],"picked":"Lockon","floor":4.0},{"not_picked":["Double Energy","Rebound"],"picked":"FTL","floor":5.0},{"not_picked":["Barrage","Redo"],"picked":"Leap","floor":6.0},{"not_picked":["Coolheaded","Undo"],"picked":"Capacitor","floor":8.0},{"not_picked":["Capacitor","Barrage"],"picked":"Self Repair","floor":10.0},{"not_picked":["Genetic Algorithm","Reprogram"],"picked":"BootSequence","floor":12.0},{"not_picked":["Echo Form","Rebound"],"picked":"FTL","floor":13.0},{"not_picked":["Streamline","Rebound"],"picked":"Double Energy","floor":14.0},{"not_picked":["Fission","Core Surge"],"picked":"Biased Cognition","floor":16.0},{"not_picked":["Go for the Eyes","BootSequence","Hello World"],"picked":"SKIP","floor":18.0},{"not_picked":["Tempest","Beam Cell+1","Rebound"],"picked":"SKIP","floor":19.0},{"not_picked":["Streamline","Leap"],"picked":"Glacier","floor":23},{"not_picked":["Gash","Force Field","Double Energy"],"picked":"SKIP","floor":25},{"not_picked":["Rainbow","Ball Lightning","Conserve Battery"],"picked":"SKIP","floor":28},{"not_picked":["Self Repair","Hello World"],"picked":"Skim","floor":29},{"not_picked":["Fission","Core Surge"],"picked":"Reboot","floor":33},{"not_picked":["Leap","Consume","Turbo"],"picked":"SKIP","floor":35},{"not_picked":["Hologram","Ball Lightning"],"picked":"Static Discharge","floor":38},{"not_picked":["Rebound","Beam Cell+1","Gash+1"],"picked":"SKIP","floor":40}],"player_experience":1418444,"relics_obtained":[{"floor":6.0,"key":"Gremlin Horn"},{"floor":8.0,"key":"Darkstone Periapt"},{"floor":9.0,"key":"PreservedInsect"},{"floor":14.0,"key":"Whetstone"},{"floor":23,"key":"Pantograph"},{"floor":26,"key":"Dream Catcher"},{"floor":28,"key":"Shuriken"},{"floor":40,"key":"StoneCalendar"}],"event_choices":[{"damage_healed":23.0,"max_hp_gain":0.0,"max_hp_loss":0.0,"gold_gain":0.0,"event_name":"Big Fish","player_choice":"Banana","floor":3.0,"gold_loss":0.0,"damage_taken":0.0},{"damage_healed":0.0,"max_hp_gain":0.0,"max_hp_loss":0.0,"gold_gain":0.0,"event_name":"The Library","player_choice":"Read","floor":21.0,"gold_loss":0.0,"damage_taken":0.0,"cards_obtained":["Defragment"]},{"cards_removed":["Zap"],"damage_healed":0,"gold_gain":0,"player_choice":"Elegance","damage_taken":0,"max_hp_gain":0,"max_hp_loss":0,"event_name":"Back to Basics","floor":30,"gold_loss":0},{"damage_healed":0,"gold_gain":0,"player_choice":"Memory 1","damage_taken":0,"max_hp_gain":0,"max_hp_loss":0,"event_name":"SensoryStone","floor":37,"gold_loss":0},{"cards_removed":["Double Energy"],"damage_healed":0,"gold_gain":0,"player_choice":"Removed Skill","damage_taken":0,"max_hp_gain":0,"max_hp_loss":0,"event_name":"Falling","floor":39,"gold_loss":0}],"is_beta":false,"boss_relics":[{"not_picked":["SacredBark","Black Star"],"picked":"Pandora\u0027s Box"},{"not_picked":["Nuclear Battery","Cursed Key"],"picked":"Philosopher\u0027s Stone"}],"items_purged_floors":[20],"is_endless":false,"potions_floor_spawned":[4,8,12,13,16,18,19,25,33,40],"killed_by":"Reptomancer","ascension_level":20}}