{"host":"c6u7e77myxvw4d0m","time":1611911348,"event":{"mods":["AchievementEnabler","BaseMod","Bestiary","Colored Map","Colored Powertips","Minty Spire (QoL Compilation)","Rare Cards Sparkle","Relic Stats","everything is the same but u backflip on backflip"],"gold_per_floor":[112,112,128,148,148,148,168,168,193,16,50,50,77,77,77,151,151,151,106,106,106,31,31,31,31,31,31,31,31,31,31,31,31,31,31,31,0,0,0,0,0,0,0,0,0,0,0,0,0,0],"floor_reached":51,"language":"ENG","playtime":4555,"items_purged":[],"score":1261,"play_id":"b5acaa80-a5dc-4a2d-9029-983be02c5b12","local_time":"20210129110908","is_ascension_mode":true,"campfire_choices":[{"data":"Perfected Strike","floor":6.0,"key":"SMITH"},{"data":"Shrug It Off","floor":8.0,"key":"SMITH"},{"data":"Perfected Strike","floor":12.0,"key":"SMITH"},{"data":"Bash","floor":15,"key":"SMITH"},{"floor":28,"key":"REST"},{"floor":30,"key":"DIG"},{"data":"Barricade","floor":32,"key":"SMITH"},{"data":"Offering","floor":40,"key":"SMITH"},{"data":"Perfected Strike","floor":42,"key":"SMITH"},{"floor":44,"key":"DIG"},{"floor":49,"key":"REST"}],"circlet_count":0,"master_deck":["AscendersBane","Strike_R+1","Strike_R+1","Strike_R","Strike_R","Strike_R","Defend_R","Defend_R","Defend_R","Defend_R","Bash+1","Perfected Strike+1","Twin Strike","Feel No Pain","Shrug It Off+1","Perfected Strike+1","Headbutt","Flame Barrier+1","Inflame","Rage","Dual Wield","Anger","Barricade+1","Feel No Pain","Uppercut","Ghostly Armor","J.A.X.","Armaments+1","Pommel Strike","Burning Pact","Burning Pact","Perfected Strike+1","Offering+1","Wild Strike","Pommel Strike","True Grit+1","Carnage","Metallicize","Dark Embrace"],"relics":["Burning Blood","Happy Flower","Potion Belt","Red Skull","Ectoplasm","Akabeko","Shovel","Charon\u0027s Ashes","Bird Faced Urn","Sozu","Red Mask","Du-Vu Doll","StrikeDummy","Ginger","Ancient Tea Set","Darkstone Periapt"],"acts_visited":["Exordium","TheCity","TheBeyond"],"potions_floor_usage":[20,25,25,25,27,27,31,31,33,35],"damage_taken":[{"damage":18.0,"enemies":"Jaw Worm","floor":1.0,"turns":4.0},{"damage":3.0,"enemies":"2 Louse","floor":3.0,"turns":2.0},{"damage":0.0,"enemies":"Cultist","floor":4.0,"turns":2.0},{"damage":5.0,"enemies":"3 Louse","floor":7.0,"turns":4.0},{"damage":10.0,"enemies":"3 Sentries","floor":11.0,"turns":6.0},{"damage":0.0,"enemies":"Lagavulin","floor":13.0,"turns":4.0},{"damage":38,"enemies":"The Guardian","floor":16,"turns":10},{"damage":0,"enemies":"Chosen","floor":18,"turns":5},{"damage":20,"enemies":"2 Thieves","floor":19,"turns":4},{"damage":7,"enemies":"Centurion and Healer","floor":20,"turns":9},{"damage":53,"enemies":"Book of Stabbing","floor":25,"turns":6},{"damage":0,"enemies":"Cultist and Chosen","floor":27,"turns":4},{"damage":0,"enemies":"Snecko","floor":31,"turns":6},{"damage":71,"enemies":"Collector","floor":33,"turns":12},{"damage":9,"enemies":"3 Darklings","floor":35,"turns":5},{"damage":3,"enemies":"3 Shapes","floor":38,"turns":4},{"damage":9,"enemies":"Mind Bloom Boss Battle","floor":39,"turns":5},{"damage":10,"enemies":"Giant Head","floor":41,"turns":5},{"damage":42,"enemies":"Nemesis","floor":45,"turns":5},{"damage":38,"enemies":"Transient","floor":47,"turns":5},{"damage":0,"enemies":"4 Shapes","floor":48,"turns":3},{"damage":40,"enemies":"Time Eater","floor":50,"turns":14}],"seed_played":"2657560029560497327","potions_obtained":[{"floor":1.0,"key":"Swift Potion"},{"floor":3.0,"key":"Swift Potion"},{"floor":5.0,"key":"SpeedPotion"},{"floor":19,"key":"CultistPotion"},{"floor":25,"key":"EntropicBrew"},{"floor":27,"key":"BlessingOfTheForge"},{"floor":33,"key":"LiquidMemories"}],"is_trial":false,"path_per_floor":["M","?","M","M","?","R","M","R","T","$","E","R","E","?","R","B",null,"M","M","M","?","$","?","T","E","T","M","R","?","R","M","R","B",null,"M","$","?","M","?","R","E","R","T","R","E","?","M","M","R","B",null],"character_chosen":"IRONCLAD","items_purchased":["Perfected Strike","Headbutt","Flame Barrier","Armaments","Energy Potion"],"campfire_rested":2,"item_purchase_floors":[10,10,10,22,22],"current_hp_per_floor":[63,38,41,47,47,47,48,48,48,48,44,44,50,50,50,18,66,72,58,57,57,57,57,57,10,10,28,52,52,52,66,66,7,63,62,62,62,69,72,72,76,76,76,76,46,46,16,26,50,28],"gold":0,"neow_bonus":"TEN_PERCENT_HP_BONUS","is_daily":false,"chose_seed":false,"campfire_upgraded":7,"win_rate":0.0,"timestamp":1611911348,"path_taken":["M","?","M","M","?","R","?","R","T","$","E","R","E","?","R","BOSS","M","M","M","?","$","?","?","E","T","?","R","?","R","M","R","BOSS","M","$","?","M","?","R","E","R","T","R","E","?","?","M","R","BOSS"],"items_purchased_type":["Card","Card","Card","Card","Potion"],"build_version":"2020-12-22","purchased_purges":0,"victory":true,"max_hp_per_floor":[82,82,82,82,82,82,82,82,82,82,82,82,82,82,82,82,82,82,82,82,82,82,82,82,82,82,82,82,82,82,82,82,82,82,82,82,82,82,82,82,82,82,82,82,82,82,82,82,82,82],"relic_stats":{"Sozu":2,"Darkstone Periapt":0,"Shovel":2,"Happy Flower":[37],"counters":[22,124],"Bird Faced Urn":[58],"Ectoplasm":394,"Charon\u0027s Ashes":[118],"Ginger":[4],"obtain_stats":[{"Potion Belt":11,"Darkstone Periapt":45,"Happy Flower":9,"Charon\u0027s Ashes":26,"Ginger":43,"Ancient Tea Set":44,"Burning Blood":0,"Akabeko":24,"Sozu":34,"Du-Vu Doll":39,"Shovel":25,"Bird Faced Urn":30,"Ectoplasm":17,"Red Mask":37,"StrikeDummy":41,"Red Skull":13},{"Potion Belt":5,"Darkstone Periapt":19,"Happy Flower":4,"Charon\u0027s Ashes":11,"Ginger":18,"Ancient Tea Set":18,"Burning Blood":0,"Akabeko":10,"Sozu":14,"Du-Vu Doll":17,"Shovel":11,"Bird Faced Urn":12,"Ectoplasm":7,"Red Mask":15,"StrikeDummy":18,"Red Skull":6},{"Potion Belt":18,"Darkstone Periapt":102,"Happy Flower":12,"Charon\u0027s Ashes":56,"Ginger":97,"Ancient Tea Set":97,"Burning Blood":0,"Akabeko":50,"Sozu":78,"Du-Vu Doll":92,"Shovel":56,"Bird Faced Urn":60,"Ectoplasm":32,"Red Mask":83,"StrikeDummy":97,"Red Skull":22}],"Burning Blood":132},"card_choices":[{"not_picked":["Ghostly Armor","Combust"],"picked":"Perfected Strike","floor":1.0},{"not_picked":["Headbutt","Warcry"],"picked":"Twin Strike","floor":3.0},{"not_picked":["Burning Pact","Clothesline"],"picked":"Feel No Pain","floor":4.0},{"not_picked":["Havoc","Spot Weakness"],"picked":"Shrug It Off","floor":7.0},{"not_picked":["Evolve","Flex"],"picked":"Inflame","floor":11.0},{"not_picked":["Shrug It Off","Ghostly Armor"],"picked":"Rage","floor":13.0},{"not_picked":["Reaper","Demon Form"],"picked":"Barricade","floor":16},{"not_picked":["Heavy Blade","Twin Strike"],"picked":"Feel No Pain","floor":18},{"not_picked":["Clash+1","Bloodletting"],"picked":"Uppercut","floor":19},{"not_picked":["Combust","Dark Embrace"],"picked":"Ghostly Armor","floor":20},{"not_picked":["Anger","Flex"],"picked":"Burning Pact","floor":25},{"not_picked":["Clash","Feel No Pain"],"picked":"Burning Pact","floor":27},{"not_picked":["Headbutt","Inflame+1"],"picked":"Perfected Strike","floor":31},{"not_picked":["Barricade","Bludgeon"],"picked":"Offering","floor":33},{"not_picked":["Ghostly Armor","Pummel"],"picked":"Wild Strike","floor":35},{"not_picked":["Flex","Perfected Strike"],"picked":"Pommel Strike","floor":38},{"not_picked":["Juggernaut","Disarm"],"picked":"True Grit+1","floor":41},{"not_picked":["Shrug It Off","Dropkick"],"picked":"Carnage","floor":45},{"not_picked":["Body Slam","Intimidate+1"],"picked":"Metallicize","floor":47},{"not_picked":["Seeing Red","Havoc"],"picked":"Dark Embrace","floor":48}],"player_experience":548119,"relics_obtained":[{"floor":9.0,"key":"Happy Flower"},{"floor":11.0,"key":"Potion Belt"},{"floor":13.0,"key":"Red Skull"},{"floor":24,"key":"Akabeko"},{"floor":25,"key":"Shovel"},{"floor":26,"key":"Charon\u0027s Ashes"},{"floor":30,"key":"Bird Faced Urn"},{"floor":39,"key":"Du-Vu Doll"},{"floor":41,"key":"StrikeDummy"},{"floor":43,"key":"Ginger"},{"floor":44,"key":"Ancient Tea Set"},{"floor":45,"key":"Darkstone Periapt"}],"event_choices":[{"damage_healed":0.0,"max_hp_gain":0.0,"max_hp_loss":0.0,"gold_gain":0.0,"event_name":"Shining Light","player_choice":"Entered Light","floor":2.0,"gold_loss":0.0,"damage_taken":25.0,"cards_upgraded":["Strike_R","Strike_R"]},{"damage_healed":0.0,"max_hp_gain":0.0,"max_hp_loss":0.0,"gold_gain":0.0,"event_name":"Lab","player_choice":"Got Potions","floor":5.0,"gold_loss":0.0,"damage_taken":0.0},{"damage_healed":0,"gold_gain":0,"player_choice":"2 cards matched","damage_taken":0,"max_hp_gain":0,"max_hp_loss":0,"event_name":"Match and Keep!","floor":14,"gold_loss":0,"cards_obtained":["Dual Wield","Anger"]},{"damage_healed":0,"gold_gain":0,"player_choice":"Obtain J.A.X.","damage_taken":0,"max_hp_gain":0,"max_hp_loss":0,"event_name":"Drug Dealer","floor":21,"gold_loss":0,"cards_obtained":["J.A.X."]},{"damage_healed":0,"gold_gain":0,"player_choice":"Read","damage_taken":0,"max_hp_gain":0,"max_hp_loss":0,"event_name":"The Library","floor":23,"gold_loss":0,"cards_obtained":["Pommel Strike"]},{"damage_healed":0,"gold_gain":0,"player_choice":"Forge","damage_taken":0,"max_hp_gain":0,"max_hp_loss":0,"event_name":"Accursed Blacksmith","floor":29,"gold_loss":0,"cards_upgraded":["Armaments"]},{"damage_healed":0,"gold_gain":0,"player_choice":"Paid","damage_taken":0,"relics_obtained":["Red Mask"],"max_hp_gain":0,"max_hp_loss":0,"event_name":"Tomb of Lord Red Mask","floor":37,"gold_loss":31},{"damage_healed":0,"gold_gain":0,"player_choice":"Fight","damage_taken":0,"max_hp_gain":0,"max_hp_loss":0,"event_name":"MindBloom","floor":39,"gold_loss":0},{"damage_healed":0,"gold_gain":0,"player_choice":"Upgraded","damage_taken":0,"max_hp_gain":0,"max_hp_loss":0,"event_name":"Upgrade Shrine","floor":46,"gold_loss":0,"cards_upgraded":["Flame Barrier"]}],"is_beta":false,"boss_relics":[{"not_picked":["Calling Bell","Fusion Hammer"],"picked":"Ectoplasm"},{"not_picked":["Runic Pyramid","Runic Cube"],"picked":"Sozu"}],"items_purged_floors":[],"is_endless":false,"potions_floor_spawned":[1,3,19,25,27,33,38,47],"ascension_level":15}}