{"host":"Troy","time":1611960548,"event":{"mods":["BaseMod","Colored Map","Highlight Path","Minty Spire (QoL Compilation)","Permanent Neow"],"gold_per_floor":[119,132,132,150,170,196,271,288,313,333,333,333,347,378,378,378,378],"floor_reached":16,"language":"ENG","playtime":974,"items_purged":[],"score":112,"play_id":"fc6a7e91-025a-4111-bb0b-ac69ca0fdb2e","local_time":"20210129174908","is_ascension_mode":false,"campfire_choices":[{"floor":12.0,"key":"REST"},{"data":"Predator","floor":15.0,"key":"SMITH"}],"circlet_count":0,"master_deck":["Strike_G","Strike_G","Strike_G","Strike_G","Defend_G","Defend_G","Defend_G","Defend_G","Survivor","Neutralize","Corpse Explosion","Acrobatics","Outmaneuver","Backflip","Tactician","Bullet Time","Concentrate","Bullet Time","Predator+1"],"relics":["Ring of the Snake","Bag of Preparation","Blood Vial","Nunchaku","Odd Mushroom","Art of War"],"acts_visited":["Exordium"],"potions_floor_usage":[16],"damage_taken":[{"damage":2.0,"enemies":"2 Louse","floor":1.0,"turns":3.0},{"damage":3.0,"enemies":"Jaw Worm","floor":2.0,"turns":4.0},{"damage":4.0,"enemies":"Small Slimes","floor":4.0,"turns":4.0},{"damage":0.0,"enemies":"2 Fungi Beasts","floor":5.0,"turns":3.0},{"damage":8.0,"enemies":"3 Sentries","floor":6.0,"turns":4.0},{"damage":0.0,"enemies":"Blue Slaver","floor":8.0,"turns":4.0},{"damage":0.0,"enemies":"The Mushroom Lair","floor":10.0,"turns":2.0},{"damage":4.0,"enemies":"Large Slime","floor":13.0,"turns":9.0},{"damage":32.0,"enemies":"Lagavulin","floor":14.0,"turns":7.0},{"damage":6,"enemies":"The Guardian","floor":16,"turns":4}],"seed_played":"7177120626751151221","potions_obtained":[{"floor":1.0,"key":"Regen Potion"},{"floor":5.0,"key":"PowerPotion"},{"floor":6.0,"key":"Explosive Potion"}],"is_trial":false,"path_per_floor":["M","M","?","M","M","E","?","M","T","?","?","R","M","E","R","B"],"character_chosen":"THE_SILENT","items_purchased":[],"campfire_rested":1,"item_purchase_floors":[],"current_hp_per_floor":[47,44,19,15,15,19,8,10,10,12,12,33,31,1,1,0,0],"gold":378,"neow_bonus":"TRANSFORM_TWO_CARDS","is_daily":false,"chose_seed":false,"campfire_upgraded":1,"win_rate":0.0,"timestamp":1611960548,"path_taken":["M","M","?","M","M","E","?","?","T","?","?","R","?","E","R","BOSS"],"items_purchased_type":[],"build_version":"2020-12-18","purchased_purges":0,"victory":false,"max_hp_per_floor":[70,70,70,70,70,70,70,70,70,70,70,70,70,70,70,70,70],"card_choices":[{"not_picked":["Dodge and Roll","Deflect","Cloak And Dagger"],"picked":"SKIP","floor":1.0},{"not_picked":["Slice","Bane"],"picked":"Outmaneuver","floor":2.0},{"not_picked":["Slice","Acrobatics"],"picked":"Backflip","floor":4.0},{"not_picked":["Backflip","Finisher"],"picked":"Tactician","floor":5.0},{"not_picked":["Dodge and Roll","Bane"],"picked":"Bullet Time","floor":6.0},{"not_picked":["Quick Slash","Infinite Blades"],"picked":"Concentrate","floor":8.0},{"not_picked":["Finisher","Poisoned Stab","Accuracy"],"picked":"SKIP","floor":13.0},{"not_picked":["Flying Knee","Slice"],"picked":"Predator","floor":14.0}],"player_experience":4117327,"relics_obtained":[{"floor":6.0,"key":"Blood Vial"},{"floor":9.0,"key":"Nunchaku"},{"floor":10.0,"key":"Odd Mushroom"},{"floor":14.0,"key":"Art of War"}],"event_choices":[{"damage_healed":0.0,"max_hp_gain":0.0,"max_hp_loss":0.0,"gold_gain":0.0,"event_name":"Scrap Ooze","player_choice":"Success","floor":3.0,"gold_loss":0.0,"damage_taken":25.0,"relics_obtained":["Bag of Preparation"]},{"damage_healed":0.0,"max_hp_gain":0.0,"max_hp_loss":0.0,"gold_gain":75.0,"event_name":"World of Goop","player_choice":"Gather Gold","floor":7.0,"gold_loss":0.0,"damage_taken":11.0},{"damage_healed":0.0,"max_hp_gain":0.0,"max_hp_loss":0.0,"gold_gain":0.0,"event_name":"Mushrooms","player_choice":"Fought Mushrooms","floor":10.0,"gold_loss":0.0,"damage_taken":0.0},{"damage_healed":0.0,"max_hp_gain":0.0,"max_hp_loss":0.0,"gold_gain":0.0,"event_name":"Match and Keep!","player_choice":"1 cards matched","floor":11.0,"gold_loss":0.0,"damage_taken":0.0,"cards_obtained":["Bullet Time"]}],"is_beta":true,"boss_relics":[],"items_purged_floors":[],"is_endless":false,"potions_floor_spawned":[1,5,6],"killed_by":"The Guardian","ascension_level":0}}