{"host":"t7mx8yfj1no5p62f","time":1611945476,"event":{"mods":["BaseMod","Colored Map","Colored Powertips","Minty Spire (QoL Compilation)","Relic Stats","StSLib"],"gold_per_floor":[113,113,132,150,150,150,175,175,226,253,271,32,32,32],"floor_reached":13,"language":"ENG","playtime":279,"items_purged":["Strike_G"],"score":186,"play_id":"768e5b74-913a-4e87-987d-8ab0ed68a55d","local_time":"20210129133756","is_ascension_mode":true,"campfire_choices":[{"data":"Dagger Throw","floor":6,"key":"SMITH"},{"data":"Deadly Poison","floor":8,"key":"SMITH"}],"circlet_count":0,"master_deck":["AscendersBane","Strike_G","Strike_G","Strike_G","Strike_G","Defend_G","Defend_G","Defend_G+1","Defend_G","Defend_G","Survivor","Neutralize","All Out Attack+1","Dagger Throw+1","PiercingWail+1","Deadly Poison+1","Dash","Poisoned Stab","Venomology","Well Laid Plans"],"relics":["Ring of the Snake","NeowsBlessing","War Paint","Pear"],"acts_visited":["Exordium"],"potions_floor_usage":[7,10],"damage_taken":[{"damage":0,"enemies":"Jaw Worm","floor":1,"turns":1},{"damage":0,"enemies":"2 Louse","floor":3,"turns":1},{"damage":0,"enemies":"Cultist","floor":4,"turns":1},{"damage":35,"enemies":"Lagavulin","floor":7,"turns":7},{"damage":8,"enemies":"3 Sentries","floor":10,"turns":6},{"damage":0,"enemies":"Looter","floor":11,"turns":4},{"damage":57,"enemies":"Gremlin Nob","floor":13,"turns":4}],"seed_played":"-2268349279335505282","potions_obtained":[{"floor":1,"key":"GamblersBrew"},{"floor":4,"key":"SkillPotion"}],"is_trial":false,"path_per_floor":["M","?","M","M","?","R","E","R","T","E","M","$","E"],"character_chosen":"THE_SILENT","items_purchased":["Venomology","Well Laid Plans"],"campfire_rested":0,"item_purchase_floors":[12,12],"current_hp_per_floor":[59,64,64,64,64,64,29,29,29,31,31,31,0,0],"gold":32,"neow_bonus":"THREE_ENEMY_KILL","is_daily":false,"chose_seed":false,"campfire_upgraded":2,"win_rate":0.0,"timestamp":1611945476,"path_taken":["M","?","M","M","?","R","E","R","T","E","M","$","E"],"items_purchased_type":["Card","Card"],"build_version":"2020-12-22","purchased_purges":1,"victory":false,"max_hp_per_floor":[66,71,71,71,71,71,71,71,71,81,81,81,81,81],"relic_stats":{"counters":[7,24],"War Paint":["PiercingWail","Defend_G"],"obtain_stats":[{"Pear":10,"NeowsBlessing":0,"War Paint":7,"Ring of the Snake":0},{"Pear":5,"NeowsBlessing":0,"War Paint":4,"Ring of the Snake":0},{"Pear":16,"NeowsBlessing":0,"War Paint":10,"Ring of the Snake":0}],"Ring of the Snake":[14]},"card_choices":[{"not_picked":["Acrobatics","Blade Dance"],"picked":"All Out Attack","floor":1},{"not_picked":["Underhanded Strike","Setup"],"picked":"Dagger Throw","floor":3},{"not_picked":["Concentrate","Skewer"],"picked":"PiercingWail","floor":4},{"not_picked":["Heel Hook","Calculated Gamble"],"picked":"Deadly Poison","floor":7},{"not_picked":["Underhanded Strike","Deadly Poison"],"picked":"Dash","floor":10},{"not_picked":["Underhanded Strike","Dagger Throw"],"picked":"Poisoned Stab","floor":11}],"player_experience":1887861,"relics_obtained":[{"floor":7,"key":"War Paint"},{"floor":10,"key":"Pear"}],"event_choices":[{"damage_healed":0,"gold_gain":0,"player_choice":"Donut","damage_taken":0,"max_hp_gain":5,"max_hp_loss":0,"event_name":"Big Fish","floor":2,"gold_loss":0},{"damage_healed":0,"gold_gain":0,"player_choice":"Grow","damage_taken":0,"max_hp_gain":0,"max_hp_loss":0,"event_name":"Living Wall","floor":5,"gold_loss":0,"cards_upgraded":["All Out Attack"]}],"is_beta":false,"boss_relics":[],"items_purged_floors":[12],"is_endless":false,"potions_floor_spawned":[1,4],"killed_by":"Gremlin Nob","ascension_level":20}}