{"host":"08sn1703g14rasc1","time":1611911048,"event":{"mods":["AchievementEnabler","BaseMod","Colored Map","Colored Powertips","Hermit","Minty Spire (QoL Compilation)","StSLib"],"gold_per_floor":[117,117,128,141,58,85,85,116,188,188,188,41,54,72,72,173,173,189,189,189,203,219,245,245,264,264,264,283,52,83,83,83],"floor_reached":31,"language":"ENG","playtime":2457,"items_purged":["Pain"],"score":399,"play_id":"6cae57e6-56d1-43d2-a4d6-1a143e822aab","local_time":"20210129010408","is_ascension_mode":true,"campfire_choices":[{"floor":7,"key":"REST"},{"floor":11,"key":"REST"},{"data":"Wish","floor":15,"key":"SMITH"},{"floor":24,"key":"REST"},{"floor":27,"key":"REST"}],"circlet_count":0,"master_deck":["Strike_P","Strike_P","Strike_P","Strike_P","Defend_P","Defend_P","Defend_P","Defend_P","Eruption","Vigilance","PathToVictory","Protect","Blasphemy","Madness","CarveReality","FlurryOfBlows","Wish+1","BowlingBash","Vault","LikeWater+1","WaveOfTheHand+1","BattleHymn","Fasting2","Evaluate","EmptyFist","Alpha","Trip","LikeWater"],"relics":["PureWater","NeowsBlessing","Incense Burner","MealTicket","Gremlin Horn","WarpedTongs","SlaversCollar","Mango","Blue Candle","Art of War"],"acts_visited":["Exordium","TheCity"],"potions_floor_usage":[6,6,18,18,23,31],"damage_taken":[{"damage":0,"enemies":"2 Louse","floor":1,"turns":1},{"damage":0,"enemies":"Cultist","floor":3,"turns":1},{"damage":0,"enemies":"Jaw Worm","floor":4,"turns":1},{"damage":21,"enemies":"Lagavulin","floor":6,"turns":11},{"damage":36,"enemies":"Gremlin Nob","floor":8,"turns":4},{"damage":1,"enemies":"Exordium Thugs","floor":13,"turns":3},{"damage":0,"enemies":"Blue Slaver","floor":14,"turns":3},{"damage":23,"enemies":"The Guardian","floor":16,"turns":10},{"damage":22,"enemies":"Shell Parasite","floor":18,"turns":5},{"damage":1,"enemies":"3 Byrds","floor":21,"turns":7},{"damage":9,"enemies":"Snake Plant","floor":22,"turns":5},{"damage":19,"enemies":"Gremlin Leader","floor":23,"turns":4},{"damage":30,"enemies":"Centurion and Healer","floor":25,"turns":7},{"damage":31,"enemies":"3 Cultists","floor":28,"turns":6},{"damage":49,"enemies":"Book of Stabbing","floor":30,"turns":7},{"damage":14,"enemies":"Cultist and Chosen","floor":31,"turns":4}],"seed_played":"-6470367414023182453","potions_obtained":[{"floor":1,"key":"Block Potion"},{"floor":2,"key":"SkillPotion"},{"floor":2,"key":"Explosive Potion"},{"floor":13,"key":"SneckoOil"},{"floor":16,"key":"Swift Potion"},{"floor":21,"key":"CultistPotion"},{"floor":22,"key":"StancePotion"},{"floor":23,"key":"LiquidBronze"}],"is_trial":false,"path_per_floor":["M","?","M","M","$","E","R","E","T","?","R","$","M","M","R","B",null,"M","?","?","M","M","E","R","M","T","R","M","$","E","M"],"character_chosen":"WATCHER","items_purchased":["Madness","Wish","Alpha","Trip"],"campfire_rested":4,"item_purchase_floors":[5,12,29,29],"current_hp_per_floor":[65,65,65,65,65,44,65,29,29,29,50,65,64,64,64,41,64,42,42,72,71,62,57,82,52,52,77,46,61,12,0,0],"gold":83,"neow_bonus":"THREE_ENEMY_KILL","is_daily":false,"chose_seed":false,"campfire_upgraded":1,"win_rate":0.0,"timestamp":1611911048,"path_taken":["M","?","?","M","$","E","R","E","T","?","R","$","M","M","R","BOSS","M","?","?","M","M","E","R","M","T","R","?","$","E","M"],"items_purchased_type":["Card","Card","Card","Card"],"build_version":"2020-12-22","purchased_purges":1,"victory":false,"max_hp_per_floor":[72,72,72,72,72,72,72,72,72,72,72,72,72,72,72,72,72,72,72,72,72,72,86,86,86,86,86,86,86,86,86,86],"card_choices":[{"not_picked":["ClearTheMind","FollowUp"],"picked":"PathToVictory","floor":1},{"not_picked":["Prostrate","EmptyBody"],"picked":"Protect","floor":3},{"not_picked":["EmptyBody","Fasting2"],"picked":"Blasphemy","floor":4},{"not_picked":["FearNoEvil","EmptyFist"],"picked":"CarveReality","floor":6},{"not_picked":["Consecrate","Blasphemy"],"picked":"FlurryOfBlows","floor":8},{"not_picked":["JustLucky","FlyingSleeves"],"picked":"ForeignInfluence","floor":13},{"not_picked":["Evaluate","Prostrate"],"picked":"BowlingBash","floor":14},{"not_picked":["Ragnarok","Blasphemy"],"picked":"Vault","floor":16},{"not_picked":["FlurryOfBlows","JustLucky"],"picked":"LikeWater+1","floor":18},{"not_picked":["FlyingSleeves+1","Adaptation"],"picked":"WaveOfTheHand+1","floor":21},{"not_picked":["BowlingBash","InnerPeace"],"picked":"BattleHymn","floor":22},{"not_picked":["CrushJoints+1","WheelKick"],"picked":"Fasting2","floor":23},{"not_picked":["EmptyFist","SashWhip"],"picked":"Evaluate","floor":25},{"not_picked":["JustLucky","Crescendo"],"picked":"EmptyFist","floor":28},{"not_picked":["Consecrate","Evaluate"],"picked":"LikeWater","floor":30}],"player_experience":489637,"relics_obtained":[{"floor":6,"key":"Incense Burner"},{"floor":8,"key":"MealTicket"},{"floor":9,"key":"Gremlin Horn"},{"floor":23,"key":"Mango"},{"floor":26,"key":"Blue Candle"},{"floor":30,"key":"Art of War"}],"event_choices":[{"damage_healed":0,"gold_gain":0,"player_choice":"Got Potions","damage_taken":0,"max_hp_gain":0,"max_hp_loss":0,"event_name":"Lab","floor":2,"gold_loss":0},{"damage_healed":0,"gold_gain":0,"player_choice":"Rummage","damage_taken":0,"relics_obtained":["WarpedTongs"],"max_hp_gain":0,"max_hp_loss":0,"event_name":"Accursed Blacksmith","floor":10,"gold_loss":0,"cards_obtained":["Pain"]},{"damage_healed":0,"gold_gain":0,"player_choice":"Ignored","damage_taken":0,"max_hp_gain":0,"max_hp_loss":0,"event_name":"Vampires","floor":19,"gold_loss":0},{"cards_removed":["ForeignInfluence"],"damage_healed":30,"gold_gain":0,"player_choice":"Offered Uncommon","damage_taken":0,"max_hp_gain":0,"max_hp_loss":0,"event_name":"Bonfire Elementals","floor":20,"gold_loss":0}],"is_beta":false,"boss_relics":[{"not_picked":["Coffee Dripper","Calling Bell"],"picked":"SlaversCollar"}],"items_purged_floors":[12],"is_endless":false,"potions_floor_spawned":[1,3,4,13,16,21,22,23],"killed_by":"Cultist and Chosen","ascension_level":8}}