{"host":"gafwejejal4v72m6","time":1611913255,"event":{"mods":["AchievementEnabler","Aspiration","BaseMod","BetterRewards","Clockwork Mod","Conspire","Hermit","Hubris","Infinite Spire","Minty Spire (QoL Compilation)","Rare Cards Sparkle","Reliquary","Shop Mod","StS++","StSLib","The Animator","The Necromancer"],"gold_per_floor":[111,128,79,79,79,79,112,287,314,314,333,333,176,191,191,191,191],"floor_reached":16,"language":"RUS","playtime":574,"items_purged":[],"score":153,"play_id":"9eab107d-b82d-4932-a8a8-a6bd81375cb7","local_time":"20210129164055","is_ascension_mode":true,"campfire_choices":[{"data":"hubris:InfiniteBlow","floor":6,"key":"SMITH"},{"floor":10,"key":"REST"},{"data":"hubris:InfiniteBlow+1","floor":15,"key":"SMITH"}],"circlet_count":0,"master_deck":["conspire:GhostlyStrike","conspire:GhostlyStrike","conspire:GhostlyStrike","conspire:GhostlyStrike","conspire:GhostlyStrike","conspire:GhostlyDefend","conspire:GhostlyDefend","conspire:GhostlyDefend","conspire:GhostlyDefend","Bash","Shrug It Off","Metamorphosis","Spot Weakness","Feel No Pain","Pummel","Armaments","hubris:ReadiedAction","hubris:InfiniteBlow+2","Pummel","Doubt","StSpp:TheBiggerTheyAre","Power Through"],"relics":["Burning Blood","Strange Spoon","Kunai","Peace Pipe","Vajra","Medical Kit"],"acts_visited":["Exordium"],"potions_floor_usage":[16],"damage_taken":[{"damage":7,"enemies":"Small Slimes","floor":1,"turns":3},{"damage":0,"enemies":"2 Louse","floor":2,"turns":2},{"damage":40,"enemies":"Gremlin Nob","floor":7,"turns":5},{"damage":0,"enemies":"Jaw Worm","floor":11,"turns":3},{"damage":13,"enemies":"2 Fungi Beasts","floor":14,"turns":4},{"damage":48,"enemies":"Slime Boss","floor":16,"turns":9}],"seed_played":"-9220243881767482448","potions_obtained":[{"floor":1,"key":"GamblersBrew"}],"is_trial":false,"path_per_floor":["M","M","$","?","?","R","E","?","T","R","M","?","$","M","R","B"],"character_chosen":"IRONCLAD","items_purchased":["Strange Spoon","Kunai","Shrug It Off","Metamorphosis","Spot Weakness","Feel No Pain","hubris:ReadiedAction","Medical Kit"],"campfire_rested":1,"item_purchase_floors":[0,0,0,0,0,0,3,13],"current_hp_per_floor":[43,49,49,28,54,54,20,20,20,44,50,50,50,43,43,0,0],"gold":191,"neow_bonus":"","is_daily":false,"chose_seed":false,"campfire_upgraded":2,"win_rate":0.0,"timestamp":1611913255,"path_taken":["M","M","$","?","?","R","E","?","T","R","M","?","$","M","R","BOSS"],"items_purchased_type":["Relic","Relic","Card","Card","Card","Card","Card","Relic"],"build_version":"2020-12-22","purchased_purges":0,"victory":false,"max_hp_per_floor":[80,80,80,80,80,80,80,80,80,80,80,80,80,80,80,80,80],"card_choices":[{"not_picked":["conspire:ExplosiveBarrier","Headbutt"],"picked":"Pummel","floor":1},{"not_picked":["Clash","Cleave"],"picked":"Armaments","floor":2},{"not_picked":["infinitespire:SealOfDarkness+","infinitespire:SevenWalls"],"picked":"hubris:InfiniteBlow","floor":4},{"not_picked":["Twin Strike","Heavy Blade"],"picked":"Pummel","floor":7},{"not_picked":["Clothesline","Heavy Blade"],"picked":"StSpp:TheBiggerTheyAre","floor":11},{"not_picked":["infinitespire:OneForAll","Clothesline"],"picked":"Power Through","floor":14}],"player_experience":128399,"relics_obtained":[{"floor":7,"key":"Peace Pipe"},{"floor":9,"key":"Vajra"}],"event_choices":[{"damage_healed":26,"gold_gain":0,"player_choice":"Banana","damage_taken":0,"max_hp_gain":0,"max_hp_loss":0,"event_name":"Big Fish","floor":5,"gold_loss":0},{"damage_healed":0,"gold_gain":175,"player_choice":"AGREE","damage_taken":0,"max_hp_gain":0,"max_hp_loss":0,"event_name":"Liars Game","floor":8,"gold_loss":0,"cards_obtained":["Doubt"]},{"damage_healed":0,"gold_gain":0,"player_choice":"Agree","damage_taken":0,"max_hp_gain":0,"max_hp_loss":0,"event_name":"conspire:LoneGhost","floor":12,"gold_loss":0}],"is_beta":false,"boss_relics":[],"items_purged_floors":[],"is_endless":false,"potions_floor_spawned":[1],"killed_by":"Slime Boss","ascension_level":1}}