{"host":"0tiuc76yumknr6qf","time":1611958078,"event":{"mods":["Aspiration","BaseMod","Bestiary","Colored Map","DeckTracker","Highlight Path","Minty Spire (QoL Compilation)","StSLib"],"gold_per_floor":[111,111,8,83,26,63,63,90,90,90,118,139,162,162,162,245,245,273,297,297,297],"floor_reached":20,"language":"ENG","playtime":851,"items_purged":[],"score":348,"play_id":"5cd833ab-0b04-43fb-b805-3c0e0920bb7c","local_time":"20210129160758","is_ascension_mode":true,"campfire_choices":[{"data":"Apotheosis","floor":7,"key":"SMITH"},{"data":"Loop","floor":10,"key":"SMITH"},{"floor":15,"key":"REST"}],"circlet_count":0,"master_deck":["AscendersBane","Strike_B","Strike_B","Strike_B","Strike_B","Defend_B","Defend_B","Defend_B","Defend_B","Zap","Dualcast","Apotheosis+1","Gash","Ball Lightning","Loop+1","Cold Snap","Genetic Algorithm","Coolheaded","Redo","Conserve Battery","White Noise","Echo Form","Conserve Battery","FTL"],"relics":["Cracked Core","CeramicFish","Torii","aspiration:HummingbirdHeart","Sozu"],"acts_visited":["Exordium","TheCity"],"potions_floor_usage":[6,13,16,20],"damage_taken":[{"damage":3,"enemies":"2 Louse","floor":1,"turns":3},{"damage":19,"enemies":"Gremlin Nob","floor":6,"turns":4},{"damage":6,"enemies":"Jaw Worm","floor":8,"turns":3},{"damage":1,"enemies":"Cultist","floor":11,"turns":4},{"damage":7,"enemies":"Exordium Thugs","floor":12,"turns":3},{"damage":1,"enemies":"Exordium Wildlife","floor":13,"turns":4},{"damage":8,"enemies":"Slime Boss","floor":16,"turns":8},{"damage":24,"enemies":"3 Byrds","floor":18,"turns":6},{"damage":1,"enemies":"Spheric Guardian","floor":19,"turns":6},{"damage":36,"enemies":"Chosen and Byrds","floor":20,"turns":5}],"seed_played":"-4000339971092571421","potions_obtained":[{"floor":1,"key":"Block Potion"},{"floor":11,"key":"Strength Potion"},{"floor":12,"key":"SpeedPotion"},{"floor":13,"key":"Weak Potion"}],"is_trial":false,"path_per_floor":["M","?","$","?","$","E","R","M","T","R","M","M","M","T","R","B",null,"M","M","M"],"character_chosen":"DEFECT","items_purchased":["Ball Lightning","Loop","Cold Snap"],"campfire_rested":1,"item_purchase_floors":[3,3,5],"current_hp_per_floor":[61,66,66,55,55,36,36,30,30,30,29,22,21,21,41,33,60,36,35,0,0],"gold":297,"neow_bonus":"RANDOM_COLORLESS_2","is_daily":false,"chose_seed":false,"campfire_upgraded":2,"win_rate":0.0,"timestamp":1611958078,"path_taken":["M","?","$","?","?","E","R","M","T","R","M","M","?","?","R","BOSS","M","M","M"],"items_purchased_type":["Card","Card","Card"],"build_version":"2020-12-22","purchased_purges":0,"victory":false,"max_hp_per_floor":[64,69,69,69,69,69,69,69,69,69,69,69,69,69,69,69,69,69,69,69,69],"card_choices":[{"not_picked":["Magnetism","Chrysalis"],"picked":"Apotheosis","floor":0},{"not_picked":["Reinforced Body","Reprogram"],"picked":"Gash","floor":1},{"not_picked":["Steam","Compile Driver"],"picked":"Genetic Algorithm","floor":6},{"not_picked":["Rebound","Redo"],"picked":"Coolheaded","floor":8},{"not_picked":["Rebound","Beam Cell"],"picked":"Redo","floor":11},{"not_picked":["Beam Cell","Go for the Eyes"],"picked":"Conserve Battery","floor":12},{"not_picked":["Force Field","Go for the Eyes"],"picked":"White Noise","floor":13},{"not_picked":["Creative AI","Biased Cognition"],"picked":"Echo Form","floor":16},{"not_picked":["Aggregate","Blizzard"],"picked":"Conserve Battery","floor":18},{"not_picked":["Beam Cell","Leap"],"picked":"FTL","floor":19}],"player_experience":1903559,"relics_obtained":[{"floor":6,"key":"CeramicFish"},{"floor":9,"key":"Torii"},{"floor":14,"key":"aspiration:HummingbirdHeart"}],"event_choices":[{"damage_healed":0,"gold_gain":0,"player_choice":"Donut","damage_taken":0,"max_hp_gain":5,"max_hp_loss":0,"event_name":"Big Fish","floor":2,"gold_loss":0},{"damage_healed":0,"gold_gain":75,"player_choice":"Gather Gold","damage_taken":11,"max_hp_gain":0,"max_hp_loss":0,"event_name":"World of Goop","floor":4,"gold_loss":0}],"is_beta":false,"boss_relics":[{"not_picked":["Black Star","Coffee Dripper"],"picked":"Sozu"}],"items_purged_floors":[],"is_endless":false,"potions_floor_spawned":[1,11,12,13,19],"killed_by":"Chosen and Byrds","ascension_level":20}}