{"host":"kvo7eymyd21g9abd","time":1611937180,"event":{"mods":["AchievementEnabler","BaseMod","Bestiary","Colored Map","Minty Spire (QoL Compilation)","StSLib"],"gold_per_floor":[109,109,184,203,203,203,233,248,248,102,121,137,172,185,185,185,185],"floor_reached":16,"language":"ENG","playtime":640,"items_purged":[],"score":171,"play_id":"8e615e7e-5f2a-4d95-ae31-e77b8ee6d293","local_time":"20210129111940","is_ascension_mode":true,"campfire_choices":[{"floor":6,"key":"RECALL"},{"floor":15,"key":"REST"}],"circlet_count":0,"master_deck":["Strike_G","Strike_G","Strike_G","Strike_G","Defend_G","Defend_G","Defend_G","Defend_G","Defend_G","Survivor","Neutralize","Acrobatics","Quick Slash","Bane","Doppelganger","Acrobatics","Blur","Malaise"],"relics":["Ring of the Snake","NeowsBlessing","Snake Skull","The Courier","Pocketwatch"],"acts_visited":["Exordium"],"potions_floor_usage":[13,13,16,16,16],"damage_taken":[{"damage":0,"enemies":"2 Louse","floor":1,"turns":1},{"damage":0,"enemies":"Small Slimes","floor":4,"turns":1},{"damage":0,"enemies":"Gremlin Nob","floor":7,"turns":1},{"damage":6,"enemies":"Cultist","floor":8,"turns":3},{"damage":23,"enemies":"Lots of Slimes","floor":11,"turns":7},{"damage":6,"enemies":"Exordium Wildlife","floor":12,"turns":4},{"damage":19,"enemies":"3 Sentries","floor":13,"turns":12},{"damage":0,"enemies":"Red Slaver","floor":14,"turns":7},{"damage":24,"enemies":"The Guardian","floor":16,"turns":13}],"seed_played":"3526653530663825120","potions_obtained":[{"floor":1,"key":"Energy Potion"},{"floor":7,"key":"DistilledChaos"},{"floor":13,"key":"LiquidMemories"}],"is_trial":false,"path_per_floor":["M","?","?","M","?","R","E","M","T","$","M","M","E","M","R","B"],"character_chosen":"THE_SILENT","items_purchased":["EntropicBrew","Doppelganger"],"campfire_rested":1,"item_purchase_floors":[10,10],"current_hp_per_floor":[70,70,59,59,59,59,59,53,53,53,30,24,5,5,26,2,2],"gold":185,"neow_bonus":"THREE_ENEMY_KILL","is_daily":false,"chose_seed":false,"campfire_upgraded":0,"win_rate":0.0,"timestamp":1611937180,"path_taken":["M","?","?","M","?","R","E","?","T","$","M","M","E","?","R","BOSS"],"items_purchased_type":["Potion","Card"],"build_version":"2020-12-22","purchased_purges":0,"victory":false,"max_hp_per_floor":[70,70,70,70,70,70,70,70,70,70,70,70,70,70,70,70,70],"card_choices":[{"not_picked":["All Out Attack","Choke"],"picked":"Acrobatics","floor":1},{"not_picked":["Poisoned Stab","PiercingWail","Deadly Poison"],"picked":"SKIP","floor":4},{"not_picked":["Cloak And Dagger","Dodge and Roll"],"picked":"Quick Slash","floor":7},{"not_picked":["Deflect","PiercingWail"],"picked":"Bane","floor":8},{"not_picked":["Flying Knee","Predator"],"picked":"Acrobatics","floor":11},{"not_picked":["Acrobatics","Slice"],"picked":"Blur","floor":12},{"not_picked":["Caltrops","Riddle With Holes"],"picked":"Malaise","floor":13},{"not_picked":["Cloak And Dagger","Choke","Slice"],"picked":"SKIP","floor":14}],"player_experience":434271,"relics_obtained":[{"floor":7,"key":"Snake Skull"},{"floor":9,"key":"The Courier"},{"floor":13,"key":"Pocketwatch"}],"event_choices":[{"damage_healed":0,"gold_gain":0,"player_choice":"Ignored","damage_taken":0,"max_hp_gain":0,"max_hp_loss":0,"event_name":"Golden Wing","floor":2,"gold_loss":0},{"damage_healed":0,"gold_gain":75,"player_choice":"Gather Gold","damage_taken":11,"max_hp_gain":0,"max_hp_loss":0,"event_name":"World of Goop","floor":3,"gold_loss":0},{"cards_removed":["Strike_G"],"damage_healed":0,"gold_gain":0,"player_choice":"Offered Basic","damage_taken":0,"max_hp_gain":0,"max_hp_loss":0,"event_name":"Bonfire Elementals","floor":5,"gold_loss":0}],"is_beta":false,"boss_relics":[],"items_purged_floors":[],"is_endless":false,"potions_floor_spawned":[1,7,13],"killed_by":"The Guardian","ascension_level":5}}