{"host":"nozk9xg7ssf2drdi","time":1611887551,"event":{"mods":["BaseMod","Colored Map","Minty Spire (QoL Compilation)","Relic Stats","Slay the Relics Exporter","StSLib","everything is the same but u backflip on backflip"],"gold_per_floor":[113,113,133,148,148,148,180,29,55,66,95,95,122,132,132,132,132],"floor_reached":16,"language":"ENG","playtime":1047,"items_purged":[],"score":240,"play_id":"76584579-4166-4014-bd38-19cc99c420b6","local_time":"20210128203231","is_ascension_mode":true,"campfire_choices":[{"data":"Scrape","floor":6,"key":"SMITH"},{"floor":12,"key":"REST"},{"data":"Zap","floor":15,"key":"SMITH"}],"circlet_count":0,"master_deck":["AscendersBane","Strike_B","Strike_B","Strike_B","Defend_B","Defend_B","Defend_B","Defend_B","Zap+1","Dualcast","FTL","Gash","Scrape+1","Turbo","Hyperbeam","Gash","Scrape","Glacier","BootSequence"],"relics":["Cracked Core","NeowsBlessing","NlothsMask","Centennial Puzzle","White Beast Statue","Bird Faced Urn"],"acts_visited":["Exordium"],"potions_floor_usage":[7,13,16],"damage_taken":[{"damage":0,"enemies":"2 Louse","floor":1,"turns":1},{"damage":0,"enemies":"Cultist","floor":3,"turns":1},{"damage":0,"enemies":"Jaw Worm","floor":4,"turns":1},{"damage":35,"enemies":"3 Sentries","floor":7,"turns":7},{"damage":0,"enemies":"2 Fungi Beasts","floor":10,"turns":3},{"damage":8,"enemies":"Gremlin Nob","floor":11,"turns":3},{"damage":10,"enemies":"Lagavulin","floor":13,"turns":4},{"damage":0,"enemies":"Lots of Slimes","floor":14,"turns":1},{"damage":29,"enemies":"Hexaghost","floor":16,"turns":9}],"seed_played":"-1377755934717539206","potions_obtained":[{"floor":4,"key":"Dexterity Potion"},{"floor":11,"key":"SteroidPotion"},{"floor":13,"key":"PotionOfCapacity"},{"floor":14,"key":"Fire Potion"}],"is_trial":false,"path_per_floor":["M","?","M","M","?","R","E","$","T","M","E","R","E","M","R","B"],"character_chosen":"DEFECT","items_purchased":["Hyperbeam"],"campfire_rested":1,"item_purchase_floors":[8],"current_hp_per_floor":[64,64,64,64,57,57,22,22,22,22,14,35,25,25,25,0,0],"gold":132,"neow_bonus":"THREE_ENEMY_KILL","is_daily":false,"chose_seed":false,"campfire_upgraded":2,"win_rate":0.0,"timestamp":1611887551,"path_taken":["M","?","?","M","?","R","E","$","T","M","E","R","E","M","R","BOSS"],"items_purchased_type":["Card"],"build_version":"2020-12-22","purchased_purges":0,"victory":false,"max_hp_per_floor":[71,71,71,71,71,71,71,71,71,71,71,71,71,71,71,71,71],"relic_stats":{"Centennial Puzzle":[9],"counters":[9,30],"Bird Faced Urn":[0],"obtain_stats":[{"Centennial Puzzle":7,"NeowsBlessing":0,"Bird Faced Urn":13,"Cracked Core":0,"White Beast Statue":11,"NlothsMask":2},{"Centennial Puzzle":4,"NeowsBlessing":0,"Bird Faced Urn":7,"Cracked Core":0,"White Beast Statue":6,"NlothsMask":1},{"Centennial Puzzle":10,"NeowsBlessing":0,"Bird Faced Urn":20,"Cracked Core":0,"White Beast Statue":16,"NlothsMask":1}]},"card_choices":[{"not_picked":["Go for the Eyes","Storm"],"picked":"FTL","floor":1},{"not_picked":["Loop","Skim"],"picked":"Gash","floor":3},{"not_picked":["Go for the Eyes","Undo"],"picked":"Scrape","floor":4},{"not_picked":["Self Repair","Chaos"],"picked":"Turbo","floor":7},{"not_picked":["Compile Driver","Multi-Cast"],"picked":"Gash","floor":10},{"not_picked":["Tempest","Steam"],"picked":"Scrape","floor":11},{"not_picked":["Rebound","Barrage"],"picked":"Glacier","floor":13},{"not_picked":["Conserve Battery","Auto Shields"],"picked":"BootSequence","floor":14}],"player_experience":6005279,"relics_obtained":[{"floor":7,"key":"Centennial Puzzle"},{"floor":11,"key":"White Beast Statue"},{"floor":13,"key":"Bird Faced Urn"}],"event_choices":[{"damage_healed":0,"gold_gain":0,"player_choice":"Trade","damage_taken":0,"relics_obtained":["NlothsMask"],"max_hp_gain":0,"max_hp_loss":0,"event_name":"FaceTrader","floor":2,"gold_loss":0},{"cards_removed":["Strike_B"],"damage_healed":0,"gold_gain":0,"player_choice":"Card Removal","damage_taken":7,"max_hp_gain":0,"max_hp_loss":0,"event_name":"Golden Wing","floor":5,"gold_loss":0}],"is_beta":false,"boss_relics":[],"items_purged_floors":[],"is_endless":false,"potions_floor_spawned":[4,11,13,14],"killed_by":"Hexaghost","ascension_level":20}}