{"host":"sz8c8ni79nvzjmmg","time":1611911828,"event":{"mods":["AchievementEnabler","BaseMod","DeckTracker","Keyboard Shortcuts","Minty Spire (QoL Compilation)","SuperFastMode"],"gold_per_floor":[12,22,39,39,139,173,173,188,241,316,316,316,341,4,4,99,99,118,132,150,100,121,121,121],"floor_reached":23,"language":"KOR","playtime":631,"items_purged":["Strike_B","Defend_B"],"score":486,"play_id":"fc8da00e-bd5c-430f-b98d-622858444132","local_time":"20210129181708","is_ascension_mode":true,"campfire_choices":[{"floor":7.0,"key":"REST"},{"data":"Zap","floor":12.0,"key":"SMITH"},{"data":"Scrape","floor":15.0,"key":"SMITH"}],"circlet_count":0,"master_deck":["AscendersBane","Defend_B","Defend_B","Defend_B","Zap+1","Dualcast","Gash","Gash","Gash","All For One","Genetic Algorithm","Scrape+1","Aggregate+1","Reboot+1","Leap+1","Coolheaded","Stack","Redo+1","Hologram"],"relics":["Cracked Core","Emotion Chip","Symbiotic Virus","Smiling Mask","Golden Idol","Pantograph","Astrolabe"],"acts_visited":["Exordium","TheCity"],"potions_floor_usage":[],"damage_taken":[{"damage":1.0,"enemies":"Cultist","floor":1.0,"turns":3.0},{"damage":1.0,"enemies":"2 Louse","floor":2.0,"turns":2.0},{"damage":7.0,"enemies":"Small Slimes","floor":3.0,"turns":3.0},{"damage":35.0,"enemies":"3 Sentries","floor":6.0,"turns":7.0},{"damage":13.0,"enemies":"3 Louse","floor":8.0,"turns":2.0},{"damage":6.0,"enemies":"Exordium Wildlife","floor":13.0,"turns":3.0},{"damage":0.0,"enemies":"Slime Boss","floor":16.0,"turns":4.0},{"damage":0.0,"enemies":"Spheric Guardian","floor":18.0,"turns":3.0},{"damage":11.0,"enemies":"Shell Parasite","floor":19.0,"turns":3.0},{"damage":3.0,"enemies":"Centurion and Healer","floor":20.0,"turns":4.0},{"damage":27,"enemies":"Snake Plant","floor":22,"turns":3},{"damage":23,"enemies":"Slavers","floor":23,"turns":1}],"seed_played":"927175908479922079","potions_obtained":[{"floor":2.0,"key":"SteroidPotion"},{"floor":6.0,"key":"LiquidBronze"},{"floor":16.0,"key":"FearPotion"}],"is_trial":false,"path_per_floor":["M","M","M","?","?","E","R","M","T","?","?","R","M","$","R","B",null,"M","M","M","$","M","E"],"character_chosen":"DEFECT","items_purchased":["Pantograph"],"campfire_rested":1,"item_purchase_floors":[14],"current_hp_per_floor":[63,62,55,55,55,20,41,28,28,17,17,17,11,11,11,36,57,57,46,43,43,16,0,0],"gold":121,"neow_bonus":"ONE_RARE_RELIC","is_daily":false,"chose_seed":false,"campfire_upgraded":2,"win_rate":0.0,"timestamp":1611911828,"path_taken":["M","M","?","?","?","E","R","?","T","?","?","R","M","$","R","BOSS","M","M","M","$","M","E"],"items_purchased_type":["Relic"],"build_version":"2020-12-22","purchased_purges":2,"victory":false,"max_hp_per_floor":[71,71,71,71,71,71,71,71,71,71,64,64,64,64,64,64,64,64,64,64,64,64,64,64],"card_choices":[{"not_picked":["Hologram","White Noise"],"picked":"Gash","floor":1.0},{"not_picked":["Conserve Battery","Sunder"],"picked":"Gash","floor":2.0},{"not_picked":["Leap","Stack"],"picked":"Gash","floor":3.0},{"not_picked":["Sweeping Beam","Sunder"],"picked":"All For One","floor":6.0},{"not_picked":["Sweeping Beam","Turbo"],"picked":"Genetic Algorithm","floor":8.0},{"not_picked":["Rebound","Capacitor"],"picked":"Scrape","floor":13.0},{"not_picked":["Darkness","Consume"],"picked":"Coolheaded","floor":18.0},{"not_picked":["Force Field","Sweeping Beam"],"picked":"Stack","floor":19.0},{"not_picked":["Coolheaded","Reprogram"],"picked":"Redo+1","floor":20.0},{"not_picked":["Consume","Cold Snap"],"picked":"Hologram","floor":22}],"player_experience":1232304,"relics_obtained":[{"floor":6.0,"key":"Symbiotic Virus"},{"floor":9.0,"key":"Smiling Mask"}],"event_choices":[{"damage_healed":0.0,"max_hp_gain":0.0,"max_hp_loss":0.0,"gold_gain":0.0,"event_name":"Liars Game","player_choice":"Ignored","floor":4.0,"gold_loss":0.0,"damage_taken":0.0},{"damage_healed":0.0,"max_hp_gain":0.0,"max_hp_loss":0.0,"gold_gain":100.0,"event_name":"Wheel of Change","player_choice":"Gold","floor":5.0,"gold_loss":0.0,"damage_taken":0.0},{"damage_healed":0.0,"max_hp_gain":0.0,"max_hp_loss":0.0,"gold_gain":75.0,"event_name":"World of Goop","player_choice":"Gather Gold","floor":10.0,"gold_loss":0.0,"damage_taken":11.0},{"damage_healed":0.0,"max_hp_gain":0.0,"max_hp_loss":7.0,"gold_gain":0.0,"event_name":"Golden Idol","player_choice":"Lose Max HP","floor":11.0,"gold_loss":0.0,"damage_taken":0.0,"relics_obtained":["Golden Idol"]}],"is_beta":false,"boss_relics":[{"not_picked":["Ectoplasm","Snecko Eye"],"picked":"Astrolabe"}],"items_purged_floors":[14,21],"is_endless":false,"potions_floor_spawned":[2,6,16,20,22],"killed_by":"Slavers","ascension_level":20}}