{"host":"t7mx8yfj1no5p62f","time":1611922546,"event":{"mods":["BaseMod","Colored Map","Colored Powertips","Minty Spire (QoL Compilation)","Relic Stats","StSLib"],"gold_per_floor":[111,125,125,125,202,233,233,247,247,272,15,28,57,7,7,82,82,92,92,104,104,54,70,99,115,140,140,156,156,181,196,196,270,270,289,289,307,307,24,50,65,99,123,157,157,173,193,224,224,224,224,224],"floor_reached":51,"language":"ENG","playtime":1992,"items_purged":[],"score":1700,"play_id":"0f53d1ae-866d-4728-b029-01f61aa4d392","local_time":"20210129071546","is_ascension_mode":true,"campfire_choices":[{"data":"Pommel Strike","floor":7.0,"key":"SMITH"},{"data":"Shockwave","floor":15.0,"key":"SMITH"},{"floor":27.0,"key":"REST"},{"floor":29.0,"key":"REST"},{"floor":32.0,"key":"REST"},{"floor":49,"key":"RECALL"}],"circlet_count":0,"master_deck":["AscendersBane","Strike_R+1","Strike_R+1","Defend_R","Defend_R","Defend_R","Defend_R","Bash+1","Rampage","Pommel Strike+1","Headbutt","Spot Weakness","Shrug It Off","Shockwave+1","Feed+1","Disarm","Battle Trance","Pommel Strike+1","Necronomicurse","Battle Trance+1","Armaments","Pummel","Demon Form","Reaper","Rage+1","Shrug It Off","Pummel","True Grit+1","Dual Wield+1"],"relics":["Burning Blood","NeowsBlessing","The Courier","Whetstone","Shuriken","Mercury Hourglass","FossilizedHelix","Turnip","Fusion Hammer","Necronomicon","Pantograph","Omamori","Ginger","SlaversCollar","Vajra","OrangePellets","Pen Nib","Bronze Scales","Molten Egg 2","Gremlin Horn","Bag of Marbles"],"acts_visited":["Exordium","TheCity","TheBeyond"],"potions_floor_usage":[51,51],"damage_taken":[{"damage":0.0,"enemies":"Jaw Worm","floor":1.0,"turns":1.0},{"damage":0.0,"enemies":"2 Louse","floor":2.0,"turns":1.0},{"damage":0.0,"enemies":"Lagavulin","floor":6.0,"turns":1.0},{"damage":7.0,"enemies":"Small Slimes","floor":8.0,"turns":3.0},{"damage":30.0,"enemies":"3 Sentries","floor":10.0,"turns":9.0},{"damage":0.0,"enemies":"Red Slaver","floor":12.0,"turns":2.0},{"damage":0.0,"enemies":"Gremlin Nob","floor":13.0,"turns":3.0},{"damage":19.0,"enemies":"The Guardian","floor":16.0,"turns":10.0},{"damage":14.0,"enemies":"3 Byrds","floor":18.0,"turns":5.0},{"damage":0.0,"enemies":"Chosen","floor":20.0,"turns":4.0},{"damage":4.0,"enemies":"Snecko","floor":23.0,"turns":4.0},{"damage":18.0,"enemies":"Book of Stabbing","floor":24.0,"turns":4.0},{"damage":19.0,"enemies":"Chosen and Byrds","floor":25.0,"turns":5.0},{"damage":0.0,"enemies":"Centurion and Healer","floor":28.0,"turns":4.0},{"damage":33.0,"enemies":"Slavers","floor":30.0,"turns":5.0},{"damage":25.0,"enemies":"Snake Plant","floor":31.0,"turns":3.0},{"damage":56.0,"enemies":"Collector","floor":33.0,"turns":9.0},{"damage":21.0,"enemies":"Orb Walker","floor":35.0,"turns":3.0},{"damage":0.0,"enemies":"3 Shapes","floor":37.0,"turns":3.0},{"damage":13.0,"enemies":"Reptomancer","floor":40.0,"turns":5.0},{"damage":0.0,"enemies":"Sphere and 2 Shapes","floor":41.0,"turns":11.0},{"damage":26.0,"enemies":"Nemesis","floor":42.0,"turns":7.0},{"damage":5,"enemies":"Giant Head","floor":44,"turns":6},{"damage":15,"enemies":"3 Darklings","floor":46,"turns":5},{"damage":2,"enemies":"Maw","floor":47,"turns":7},{"damage":4,"enemies":"Nemesis","floor":48,"turns":5},{"damage":114,"enemies":"Time Eater","floor":50,"turns":11},{"damage":81,"enemies":"Donu and Deca","floor":51,"turns":5}],"seed_played":"1563501471837666330","potions_obtained":[{"floor":1.0,"key":"SteroidPotion"},{"floor":6.0,"key":"GamblersBrew"},{"floor":12.0,"key":"Weak Potion"},{"floor":16.0,"key":"DuplicationPotion"},{"floor":23.0,"key":"PowerPotion"},{"floor":28.0,"key":"HeartOfIron"},{"floor":33.0,"key":"Fire Potion"}],"is_trial":false,"path_per_floor":["M","M","?","?","?","E","R","M","T","E","$","M","E","?","R","B",null,"M","?","M","?","?","M","E","M","T","R","M","R","E","M","R","B",null,"M","?","M","?","$","E","M","E","T","E","T","M","M","E","R","B","B"],"character_chosen":"IRONCLAD","items_purchased":["FossilizedHelix","Shrug It Off","Vajra","OrangePellets"],"campfire_rested":3,"item_purchase_floors":[11,39,39,39],"current_hp_per_floor":[74,75,30,30,30,36,36,35,35,11,11,17,23,23,23,10,59,54,54,60,39,39,41,33,20,20,44,54,79,52,37,64,43,81,81,81,94,84,84,91,101,85,85,86,86,81,103,105,105,44,0,0],"gold":224,"neow_bonus":"THREE_ENEMY_KILL","is_daily":false,"chose_seed":false,"campfire_upgraded":2,"win_rate":0.0,"timestamp":1611922546,"path_taken":["M","M","?","?","?","E","R","M","T","E","$","M","E","?","R","BOSS","M","?","M","?","?","M","E","M","T","R","M","R","E","M","R","BOSS","M","?","?","?","$","E","M","E","T","E","?","?","M","E","R","BOSS","BOSS"],"items_purchased_type":["Relic","Card","Relic","Relic"],"build_version":"2020-12-22","purchased_purges":0,"victory":false,"max_hp_per_floor":[75,75,75,75,75,75,75,75,75,75,75,75,75,75,75,75,75,78,78,78,78,78,78,82,82,82,82,86,86,86,90,90,94,94,94,94,94,94,94,98,102,106,106,106,106,110,114,114,114,118,118,118],"relic_stats":{"Gremlin Horn":[3,4],"counters":[28,139],"Pen Nib":[10],"Whetstone":["Strike_R","Strike_R"],"Ginger":[13],"Burning Blood":151,"Mercury Hourglass":[460],"OrangePellets":[0],"Shuriken":[42],"Pantograph":59,"Bronze Scales":[123],"Turnip":[18],"Necronomicon":[26],"obtain_stats":[{"NeowsBlessing":0,"Gremlin Horn":45,"Vajra":39,"The Courier":3,"Pen Nib":40,"Omamori":26,"Whetstone":6,"Ginger":30,"Burning Blood":0,"Mercury Hourglass":10,"SlaversCollar":34,"OrangePellets":39,"Shuriken":9,"Pantograph":24,"Bronze Scales":42,"Molten Egg 2":44,"Turnip":13,"Fusion Hammer":17,"Necronomicon":21,"Bag of Marbles":48,"FossilizedHelix":11},{"NeowsBlessing":0,"Gremlin Horn":23,"Vajra":19,"The Courier":2,"Pen Nib":20,"Omamori":13,"Whetstone":3,"Ginger":15,"Burning Blood":0,"Mercury Hourglass":5,"SlaversCollar":17,"OrangePellets":19,"Shuriken":4,"Pantograph":12,"Bronze Scales":22,"Molten Egg 2":23,"Turnip":7,"Fusion Hammer":8,"Necronomicon":10,"Bag of Marbles":26,"FossilizedHelix":5},{"NeowsBlessing":0,"Gremlin Horn":106,"Vajra":78,"The Courier":2,"Pen Nib":83,"Omamori":51,"Whetstone":3,"Ginger":60,"Burning Blood":0,"Mercury Hourglass":15,"SlaversCollar":72,"OrangePellets":78,"Shuriken":6,"Pantograph":46,"Bronze Scales":100,"Molten Egg 2":106,"Turnip":20,"Fusion Hammer":29,"Necronomicon":38,"Bag of Marbles":123,"FossilizedHelix":15}]},"card_choices":[{"not_picked":["Searing Blow","Clothesline"],"picked":"Rampage","floor":1.0},{"not_picked":["Sword Boomerang","Warcry","Wild Strike"],"picked":"SKIP","floor":2.0},{"not_picked":["Juggernaut","Havoc"],"picked":"Pommel Strike","floor":6.0},{"not_picked":["Whirlwind","Thunderclap"],"picked":"Headbutt","floor":8.0},{"not_picked":["Second Wind","Infernal Blade"],"picked":"Spot Weakness","floor":10.0},{"not_picked":["Pummel","Wild Strike"],"picked":"Shrug It Off","floor":12.0},{"not_picked":["Hemokinesis","Flex"],"picked":"Shockwave","floor":13.0},{"not_picked":["Fiend Fire","Brutality"],"picked":"Feed","floor":16.0},{"not_picked":["Warcry","Shockwave","Thunderclap"],"picked":"SKIP","floor":18.0},{"not_picked":["Anger","Havoc"],"picked":"Pommel Strike+1","floor":20.0},{"not_picked":["Combust","Clash"],"picked":"Battle Trance+1","floor":23.0},{"not_picked":["Searing Blow","Cleave","Seeing Red"],"picked":"SKIP","floor":24.0},{"not_picked":["Body Slam","Clash"],"picked":"Armaments","floor":25.0},{"not_picked":["Flex+1","Hemokinesis"],"picked":"Pummel","floor":28.0},{"not_picked":["Second Wind+1","Heavy Blade"],"picked":"Demon Form","floor":30.0},{"not_picked":["Havoc","Body Slam","Dropkick"],"picked":"SKIP","floor":31.0},{"not_picked":["Impervious","Limit Break"],"picked":"Reaper","floor":33.0},{"not_picked":["Iron Wave","Twin Strike","Sever Soul"],"picked":"SKIP","floor":35.0},{"not_picked":["Havoc","Evolve"],"picked":"Rage+1","floor":37.0},{"not_picked":["Rage","Reckless Charge"],"picked":"Pummel","floor":40.0},{"not_picked":["Dark Embrace+1","Rupture"],"picked":"True Grit+1","floor":41.0},{"not_picked":["Berserk","Iron Wave","Body Slam+1"],"picked":"SKIP","floor":42.0},{"not_picked":["Infernal Blade","Hemokinesis+1","Pommel Strike+1"],"picked":"SKIP","floor":44},{"not_picked":["Cleave+1","Flex+1","Clash+1"],"picked":"SKIP","floor":46},{"not_picked":["Clothesline+1","Anger+1"],"picked":"Dual Wield+1","floor":47},{"not_picked":["Twin Strike+1","Cleave+1","Infernal Blade"],"picked":"SKIP","floor":48}],"player_experience":1883339,"relics_obtained":[{"floor":6.0,"key":"Whetstone"},{"floor":9.0,"key":"Shuriken"},{"floor":10.0,"key":"Mercury Hourglass"},{"floor":13.0,"key":"Turnip"},{"floor":21.0,"key":"Necronomicon"},{"floor":24.0,"key":"Pantograph"},{"floor":26.0,"key":"Omamori"},{"floor":30.0,"key":"Ginger"},{"floor":40.0,"key":"Pen Nib"},{"floor":42.0,"key":"Bronze Scales"},{"floor":44,"key":"Molten Egg 2"},{"floor":45,"key":"Gremlin Horn"},{"floor":48,"key":"Bag of Marbles"}],"event_choices":[{"damage_healed":0.0,"max_hp_gain":0.0,"max_hp_loss":0.0,"gold_gain":0.0,"event_name":"Scrap Ooze","player_choice":"Success","floor":3.0,"gold_loss":0.0,"damage_taken":45.0,"relics_obtained":["The Courier"]},{"damage_healed":0.0,"max_hp_gain":0.0,"max_hp_loss":0.0,"gold_gain":0.0,"event_name":"Living Wall","player_choice":"Grow","floor":4.0,"gold_loss":0.0,"damage_taken":0.0,"cards_upgraded":["Bash"]},{"damage_healed":0.0,"max_hp_gain":0.0,"max_hp_loss":0.0,"gold_gain":77.0,"event_name":"Golden Wing","player_choice":"Gained Gold","floor":5.0,"gold_loss":0.0,"damage_taken":0.0},{"damage_healed":0.0,"max_hp_gain":0.0,"max_hp_loss":0.0,"gold_gain":0.0,"event_name":"World of Goop","player_choice":"Left Gold","floor":14.0,"gold_loss":50.0,"damage_taken":0.0},{"damage_healed":0.0,"max_hp_gain":0.0,"max_hp_loss":0.0,"gold_gain":0.0,"cards_transformed":["Strike_R","Strike_R"],"event_name":"Drug Dealer","player_choice":"Became Test Subject","floor":19.0,"gold_loss":0.0,"damage_taken":0.0,"cards_obtained":["Disarm","Battle Trance"]},{"damage_healed":0.0,"max_hp_gain":0.0,"max_hp_loss":0.0,"gold_gain":0.0,"event_name":"Cursed Tome","player_choice":"Obtained Book","floor":21.0,"gold_loss":0.0,"damage_taken":21.0},{"damage_healed":0.0,"max_hp_gain":0.0,"max_hp_loss":0.0,"gold_gain":0.0,"event_name":"Designer","player_choice":"Upgrade","floor":22.0,"gold_loss":50.0,"damage_taken":0.0,"cards_upgraded":["Feed"]},{"cards_removed":["Strike_R"],"damage_healed":0.0,"max_hp_gain":0.0,"max_hp_loss":0.0,"gold_gain":0.0,"event_name":"Bonfire Elementals","player_choice":"Offered Basic","floor":36.0,"gold_loss":0.0,"damage_taken":0.0},{"damage_healed":0.0,"max_hp_gain":0.0,"max_hp_loss":0.0,"gold_gain":0.0,"event_name":"SensoryStone","player_choice":"Memory 3","floor":38.0,"gold_loss":0.0,"damage_taken":10.0}],"is_beta":false,"boss_relics":[{"not_picked":["Sozu","Runic Pyramid"],"picked":"Fusion Hammer"},{"not_picked":["SacredBark","Philosopher\u0027s Stone"],"picked":"SlaversCollar"}],"items_purged_floors":[],"is_endless":false,"potions_floor_spawned":[1,6,12,16,23,28,33,35,41,44],"killed_by":"Donu and Deca","ascension_level":20}}