{"host":"rmsq46plbpwfbxcc","time":1611938865,"event":{"mods":["AchievementEnabler","BaseMod","Colored Map","Colored Powertips","DeckTracker","KOR Keyword Fix","Minty Spire (QoL Compilation)","Permanent Neow","Quick Restart","SuperFastMode"],"gold_per_floor":[112,287,173,188,188,188,199,224,224,224,71,71,103,122,122,221,221,240,240,254,269,289,289,306,306,306,306,321,350,53,64,64,64,64],"floor_reached":33,"language":"KOR","playtime":948,"items_purged":["Doubt","Strike_G","Strike_G"],"score":416,"play_id":"b2abe30e-5453-47d0-93c8-acb57960b3b1","local_time":"20210130014745","is_ascension_mode":true,"campfire_choices":[{"data":"Blade Dance","floor":6.0,"key":"SMITH"},{"data":"Cloak And Dagger","floor":12.0,"key":"SMITH"},{"data":"Accuracy","floor":15.0,"key":"SMITH"},{"data":"Phantasmal Killer","floor":23.0,"key":"SMITH"},{"data":"Neutralize","floor":25.0,"key":"SMITH"},{"data":"Blur","floor":32.0,"key":"SMITH"}],"circlet_count":0,"master_deck":["AscendersBane","Strike_G","Strike_G","Strike_G","Defend_G","Defend_G","Defend_G","Defend_G","Survivor","Neutralize+1","Backflip","Dash","Blade Dance+1","Blur+1","Cloak And Dagger+1","Accuracy+1","Phantasmal Killer+1","Escape Plan","PiercingWail"],"relics":["Black Star","Ninja Scroll","Shuriken","Pantograph","Art of War","Tingsha","Coffee Dripper","Bronze Scales","Smiling Mask","Dream Catcher","Bottled Lightning"],"acts_visited":["Exordium","TheCity"],"potions_floor_usage":[33],"damage_taken":[{"damage":1.0,"enemies":"2 Louse","floor":1.0,"turns":4.0},{"damage":0.0,"enemies":"Jaw Worm","floor":4.0,"turns":5.0},{"damage":0.0,"enemies":"Small Slimes","floor":7.0,"turns":3.0},{"damage":15.0,"enemies":"3 Sentries","floor":8.0,"turns":9.0},{"damage":30.0,"enemies":"Gremlin Nob","floor":13.0,"turns":6.0},{"damage":0.0,"enemies":"2 Fungi Beasts","floor":14.0,"turns":3.0},{"damage":11.0,"enemies":"Slime Boss","floor":16.0,"turns":7.0},{"damage":0.0,"enemies":"3 Byrds","floor":18.0,"turns":4.0},{"damage":8.0,"enemies":"2 Thieves","floor":20.0,"turns":3.0},{"damage":4.0,"enemies":"Centurion and Healer","floor":21.0,"turns":6.0},{"damage":0.0,"enemies":"Sentry and Sphere","floor":22.0,"turns":2.0},{"damage":7.0,"enemies":"Shelled Parasite and Fungi","floor":24.0,"turns":5.0},{"damage":3.0,"enemies":"Cultist and Chosen","floor":28.0,"turns":5.0},{"damage":16.0,"enemies":"Slavers","floor":29.0,"turns":5.0},{"damage":5.0,"enemies":"Snecko","floor":31.0,"turns":3.0},{"damage":49,"enemies":"Champ","floor":33,"turns":7}],"seed_played":"8969235505486175234","potions_obtained":[{"floor":4.0,"key":"SteroidPotion"},{"floor":13.0,"key":"ColorlessPotion"},{"floor":14.0,"key":"Ancient Potion"},{"floor":18.0,"key":"BlessingOfTheForge"},{"floor":21.0,"key":"Block Potion"},{"floor":24.0,"key":"DuplicationPotion"},{"floor":31.0,"key":"Strength Potion"}],"is_trial":false,"path_per_floor":["M","?","$","M","?","R","M","E","T","?","$","R","E","M","R","B",null,"M","?","M","M","M","R","M","R","T","?","M","E","$","M","R","B"],"character_chosen":"THE_SILENT","items_purchased":["Dash","Cloak And Dagger","Bottled Lightning"],"campfire_rested":0,"item_purchase_floors":[3,11,30],"current_hp_per_floor":[62,62,62,62,62,62,62,47,47,47,47,47,17,17,17,31,60,60,60,52,48,48,48,41,41,41,41,38,22,22,17,17,0,0],"gold":64,"neow_bonus":"BOSS_RELIC","is_daily":false,"chose_seed":false,"campfire_upgraded":6,"win_rate":0.0,"timestamp":1611938865,"path_taken":["M","?","$","M","?","R","M","E","T","?","?","R","E","M","R","BOSS","M","?","M","M","M","R","M","R","T","?","M","E","$","M","R","BOSS"],"items_purchased_type":["Card","Card","Relic"],"build_version":"2020-12-22","purchased_purges":3,"victory":false,"max_hp_per_floor":[70,70,70,70,70,70,70,70,70,70,70,70,70,70,70,70,70,70,70,70,70,70,70,70,70,70,70,70,70,70,70,70,70,70],"card_choices":[{"not_picked":["Bane","Dagger Throw"],"picked":"Backflip","floor":1.0},{"not_picked":["PiercingWail","Eviscerate"],"picked":"Blade Dance","floor":4.0},{"not_picked":["Reflex","Acrobatics","Noxious Fumes"],"picked":"SKIP","floor":7.0},{"not_picked":["Poisoned Stab","Slice"],"picked":"Blur","floor":8.0},{"not_picked":["Flechettes","Wraith Form v2"],"picked":"Accuracy","floor":13.0},{"not_picked":["Slice","Concentrate","Sucker Punch"],"picked":"SKIP","floor":14.0},{"not_picked":["Malaise","Tools of the Trade"],"picked":"Phantasmal Killer","floor":16.0},{"not_picked":["Bane","Infinite Blades","Dagger Spray"],"picked":"SKIP","floor":18.0},{"not_picked":["Deadly Poison","Slice","Leg Sweep"],"picked":"SKIP","floor":20.0},{"not_picked":["Quick Slash","Bouncing Flask"],"picked":"Escape Plan","floor":21.0},{"not_picked":["Leg Sweep","Outmaneuver+1","Flechettes"],"picked":"SKIP","floor":22.0},{"not_picked":["Dagger Throw+1","Backflip"],"picked":"PiercingWail","floor":24.0},{"not_picked":["All Out Attack","Underhanded Strike","Blade Dance"],"picked":"SKIP","floor":28.0},{"not_picked":["Slice","Accuracy","Cloak And Dagger"],"picked":"SKIP","floor":29.0},{"not_picked":["Cloak And Dagger","Outmaneuver","Reflex+1"],"picked":"SKIP","floor":31.0}],"player_experience":655056,"relics_obtained":[{"floor":8.0,"key":"Ninja Scroll"},{"floor":8.0,"key":"Shuriken"},{"floor":9.0,"key":"Pantograph"},{"floor":13.0,"key":"Art of War"},{"floor":13.0,"key":"Tingsha"},{"floor":26.0,"key":"Bronze Scales"},{"floor":29.0,"key":"Smiling Mask"},{"floor":29.0,"key":"Dream Catcher"}],"event_choices":[{"damage_healed":0.0,"max_hp_gain":0.0,"max_hp_loss":0.0,"gold_gain":175.0,"event_name":"Liars Game","player_choice":"AGREE","floor":2.0,"gold_loss":0.0,"damage_taken":0.0,"cards_obtained":["Doubt"]},{"damage_healed":0.0,"max_hp_gain":0.0,"max_hp_loss":0.0,"gold_gain":0.0,"event_name":"Shining Light","player_choice":"Ignored","floor":5.0,"gold_loss":0.0,"damage_taken":0.0},{"cards_removed":["Defend_G"],"damage_healed":0.0,"max_hp_gain":0.0,"max_hp_loss":0.0,"gold_gain":0.0,"event_name":"Living Wall","player_choice":"Forget","floor":10.0,"gold_loss":0.0,"damage_taken":0.0},{"damage_healed":0.0,"max_hp_gain":0.0,"max_hp_loss":0.0,"gold_gain":0.0,"event_name":"Vampires","player_choice":"Ignored","floor":19.0,"gold_loss":0.0,"damage_taken":0.0},{"damage_healed":0.0,"max_hp_gain":0.0,"max_hp_loss":0.0,"gold_gain":0.0,"event_name":"Cursed Tome","player_choice":"Ignored","floor":27.0,"gold_loss":0.0,"damage_taken":0.0}],"is_beta":false,"boss_relics":[{"not_picked":["Velvet Choker","SlaversCollar"],"picked":"Coffee Dripper"}],"items_purged_floors":[3,11,30],"is_endless":false,"potions_floor_spawned":[4,13,14,18,21,24,31],"killed_by":"Champ","ascension_level":10}}