{"host":"htqwg582tjjtn9p7","time":1611948131,"event":{"mods":["2.2 Compatiblity","AchievementEnabler","Act Like it!","Aspiration","BaseMod","Better Third Choice","Colored Map","Conspire","Curses Come First","Displayed Cursed Tome","Energized Spire","Force Act Four","Fox Events","GifTheSpireLib","Hermit","Highlight Path","JesterMod","Mad Scientist","Minty Spire (QoL Compilation)","Pale of the Ancients","Permanent Neow","Random Character Button","Relic Stats","Reliquary","Replay The Spire","Robot Space Explorer","Somnambulant","Spicy Shops","Spikes Relics","StS++","StSLib","Stuff the Spire","The Blue Laboratory","The Bug Knight","The Forsaken","The Gatherer","The Judge","The Jungle","The Marked","The Runesmith","The Servant 0.9.4","TheSurvivalist","Uncapped"],"gold_per_floor":[111,126,126,126,147,147,188,188,188,38,38,38,38,69,69,165,165,181,181,29,47,71,71,95,116,116,116,134,134,233,233,233],"floor_reached":31,"language":"ENG","playtime":1199,"items_purged":["Strike_B"],"score":410,"play_id":"e73190bc-7889-4e4a-a292-e560a4bcd709","local_time":"20210129202211","is_ascension_mode":true,"campfire_choices":[{"data":"Bash","floor":6,"key":"SMITH"},{"floor":8,"key":"REST"},{"data":"ReplayTheSpireMod:Omega Cannon","floor":13,"key":"SMITH"},{"data":"Skim","floor":15,"key":"SMITH"},{"floor":23,"key":"REST"},{"floor":27,"key":"REST"}],"circlet_count":0,"master_deck":["AscendersBane","Strike_B","Strike_B","Strike_B","Defend_B","Defend_B","Defend_B","Defend_B","Zap","Ball Lightning","Recycle","Bash+1","StSpp:Igniter","Skim+1","ReplayTheSpireMod:Omega Cannon+1","Darkness","Mirror Shield","Capacitor","conspire:SharedLibrary","ReplayTheSpireMod:System Scan","Scrape","Hatred","Leap+1"],"relics":["Snecko Eye","Golden Idol","DataDisk","HollowMod:LifeEnderRelic","Pet Ghost","energizedSpire:CursedPentagram","Prayer Wheel","LugNut","Enchiridion"],"acts_visited":["Exordium","TheCity"],"potions_floor_usage":[16,18,18,21,22],"damage_taken":[{"damage":0,"enemies":"2 Louse","floor":1,"turns":2},{"damage":7,"enemies":"Jaw Worm","floor":2,"turns":3},{"damage":1,"enemies":"Cultist","floor":5,"turns":3},{"damage":24,"enemies":"Gremlin Nob","floor":7,"turns":4},{"damage":5,"enemies":"3 Sentries","floor":14,"turns":3},{"damage":38,"enemies":"The Guardian","floor":16,"turns":9},{"damage":0,"enemies":"3 Byrds","floor":18,"turns":2},{"damage":12,"enemies":"Shell Parasite","floor":21,"turns":5},{"damage":12,"enemies":"conspire:HollyBat","floor":22,"turns":5},{"damage":30,"enemies":"Cultist and Chosen","floor":25,"turns":5},{"damage":7,"enemies":"Snecko","floor":28,"turns":4},{"damage":0,"enemies":"Snake Plant","floor":31,"turns":2}],"seed_played":"6925343367643065130","potions_obtained":[{"floor":2,"key":"blueLaboratory:RelayPotion"},{"floor":14,"key":"StSpp:ScatteredWeakPotion"},{"floor":21,"key":"GamblersBrew"},{"floor":22,"key":"blueLaboratory:CoolantVial"}],"is_trial":false,"path_per_floor":["M","M","?","?","M","R","E","R","T","$","?","$","R","E","R","B",null,"M","?","$","M","M","R","T","M","T","R","M","?","?","M"],"character_chosen":"DEFECT","items_purchased":["ReplayTheSpireMod:Omega Cannon","Capacitor"],"campfire_rested":3,"item_purchase_floors":[10,20],"current_hp_per_floor":[64,57,57,57,56,56,32,51,51,51,51,51,51,46,46,8,52,52,49,49,37,25,44,44,14,14,33,26,10,10,10,10],"gold":233,"neow_bonus":"BOSS_RELIC","is_daily":false,"chose_seed":false,"campfire_upgraded":3,"win_rate":0.0,"timestamp":1611948131,"path_taken":["M","M","?","?","M","R","E","R","T","$","?","?","R","E","R","BOSS","M","?","$","?","M","R","?","M","T","R","M","?","?","M"],"items_purchased_type":["Card","Card"],"build_version":"2020-12-22","purchased_purges":1,"victory":false,"max_hp_per_floor":[71,71,66,66,66,66,66,66,66,66,66,66,66,66,66,66,66,66,66,66,66,66,66,66,66,66,66,66,66,66,66,66],"relic_stats":{"counters":[12,47],"Golden Idol":57,"Snecko Eye":[106,98,98,87],"Prayer Wheel":2,"obtain_stats":[{"DataDisk":7,"HollowMod:LifeEnderRelic":9,"energizedSpire:CursedPentagram":17,"Golden Idol":3,"Snecko Eye":0,"Enchiridion":29,"Prayer Wheel":25,"Cracked Core":0,"Pet Ghost":14,"LugNut":26},{"DataDisk":4,"HollowMod:LifeEnderRelic":4,"energizedSpire:CursedPentagram":6,"Golden Idol":2,"Snecko Eye":0,"Enchiridion":11,"Prayer Wheel":10,"Cracked Core":0,"Pet Ghost":5,"LugNut":10},{"DataDisk":12,"HollowMod:LifeEnderRelic":12,"energizedSpire:CursedPentagram":24,"Golden Idol":5,"Snecko Eye":0,"Enchiridion":45,"Prayer Wheel":37,"Cracked Core":0,"Pet Ghost":15,"LugNut":41}]},"card_choices":[{"not_picked":["Compile Driver","Sweeping Beam"],"picked":"Ball Lightning","floor":1},{"not_picked":["Rip and Tear","Ball Lightning"],"picked":"Recycle","floor":2},{"not_picked":["Panic Button","Rebound"],"picked":"StSpp:Igniter","floor":5},{"not_picked":["Stack","Go for the Eyes"],"picked":"Skim","floor":7},{"not_picked":["Lockon","ReplaySolidLightProjector"],"picked":"Darkness","floor":14},{"not_picked":["Hyperbeam","Fission"],"picked":"Mirror Shield","floor":16},{"not_picked":["Blizzard","Leap","Barrage"],"picked":"SKIP","floor":18},{"not_picked":["Sweeping Beam","Panic Button"],"picked":"conspire:SharedLibrary","floor":21},{"not_picked":["StuffTheSpire:Plugnplay","BasicCrystalCard"],"picked":"ReplayTheSpireMod:Fabricate Wheel","floor":22},{"not_picked":["Compile Driver","StuffTheSpire:Coldhearted"],"picked":"ReplayTheSpireMod:System Scan","floor":25},{"not_picked":["Hologram","Ball Lightning"],"picked":"Scrape","floor":25},{"not_picked":["Darkness","Redo"],"picked":"Leap+1","floor":28},{"not_picked":["Gash","Streamline","Sweeping Beam"],"picked":"SKIP","floor":28}],"player_experience":1975473,"relics_obtained":[{"floor":7,"key":"DataDisk"},{"floor":9,"key":"HollowMod:LifeEnderRelic"},{"floor":14,"key":"Pet Ghost"},{"floor":26,"key":"LugNut"}],"event_choices":[{"damage_healed":0,"gold_gain":0,"player_choice":"Lose Max HP","damage_taken":0,"relics_obtained":["Golden Idol"],"max_hp_gain":0,"max_hp_loss":5,"event_name":"Golden Idol","floor":3,"gold_loss":0},{"damage_healed":0,"gold_gain":0,"player_choice":"Punched","damage_taken":3,"max_hp_gain":0,"max_hp_loss":0,"event_name":"Designer","floor":19,"gold_loss":0},{"damage_healed":0,"gold_gain":0,"player_choice":"Obtained Book","damage_taken":16,"max_hp_gain":0,"max_hp_loss":0,"event_name":"Cursed Tome","floor":29,"gold_loss":0},{"damage_healed":0,"gold_gain":99,"player_choice":"Steal","damage_taken":0,"max_hp_gain":0,"max_hp_loss":0,"event_name":"betterThird:BetterNest","floor":30,"gold_loss":0}],"is_beta":false,"boss_relics":[{"not_picked":["aspiration:ServantSkillbook","energizedSpire:StickyHand"],"picked":"energizedSpire:CursedPentagram"}],"items_purged_floors":[20],"is_endless":false,"potions_floor_spawned":[2,14,16,21,22],"killed_by":"Snake Plant","ascension_level":14}}