{"host":"y7b1p9nkx4idorr2","time":1611908560,"event":{"mods":["AchievementEnabler","Act Like it!","BaseMod","Colored Map","Downfall","GifTheSpireLib","Googly Eyes","Highlight Path","Mimic Mod","Minty Spire (QoL Compilation)","Shop Mod","Spicy Shops","StSLib","Unceasing Turn Reminder"],"gold_per_floor":[99,115,132,142,142,47,47,61,46,77,77,93,93,111,122,222,222,22,35,35,46,46,56,56,85,95,95,127,147,6,25,43,43,43,43],"floor_reached":33,"language":"ENG","playtime":2228,"items_purged":[],"score":333,"play_id":"c597c036-fcb5-42ad-ad51-3ca9308764e6","local_time":"20210129022240","is_ascension_mode":true,"campfire_choices":[{"data":"hexamod:VolcanoVisage","floor":1,"key":"SMITH"},{"floor":11,"key":"RECALL"},{"data":"hexamod:BurningTouch","floor":13,"key":"SMITH"},{"data":"hexamod:HexaLevel","floor":18,"key":"SMITH"},{"floor":27,"key":"REST"}],"circlet_count":0,"master_deck":["hexamod:Strike","hexamod:Strike","hexamod:Strike","hexamod:Defend","hexamod:Defend","hexamod:Defend","hexamod:Defend","hexamod:Sear","hexamod:Float","hexamod:VolcanoVisage+1","hexamod:FlamesFromBeyond","hexamod:RadiantFlame","hexamod:ShieldOfDarkness","hexamod:BurningTouch+1","hexamod:RadiantFlame","hexamod:GhostOfSpireFuture","hexamod:BacktrackSmack","hexamod:TimeWarp","hexamod:NightmareGuise","hexamod:FastForward","hexamod:HauntingEcho","hexamod:HexaLevel+1","hexamod:InspiringFlames+1","hexamod:SoulSteal","hexamod:ExtraCrispy","hexamod:ThermalTransfer+1","hexamod:Hexaguard+1","hexamod:AdvancingGuard","hexamod:FastForward","hexamod:InspiringFlames+1"],"relics":["hexamod:SpiritBrand","Bag of Preparation","SlaversCollar","downfall:HeartBlessingGreen","downfall:HeartBlessingBlue","Bronze Scales","The Courier","Ancient Tea Set","Vajra"],"acts_visited":["Exordium","TheCity"],"potions_floor_usage":[23,25,33],"damage_taken":[{"damage":0,"enemies":"2 Louse","floor":2,"turns":4},{"damage":0,"enemies":"Cultist","floor":3,"turns":3},{"damage":0,"enemies":"Small Slimes","floor":4,"turns":4},{"damage":0,"enemies":"downfall:FleeingMerchant","floor":6,"turns":4},{"damage":3,"enemies":"2 Fungi Beasts","floor":8,"turns":3},{"damage":3,"enemies":"downfall:FleeingMerchant","floor":9,"turns":4},{"damage":16,"enemies":"3 Sentries","floor":10,"turns":10},{"damage":6,"enemies":"Exordium Thugs","floor":12,"turns":4},{"damage":0,"enemies":"Exordium Wildlife","floor":14,"turns":2},{"damage":0,"enemies":"Blue Slaver","floor":15,"turns":4},{"damage":6,"enemies":"WA_ARCHETYPE_RETAIN","floor":16,"turns":6},{"damage":5,"enemies":"Spheric Guardian","floor":19,"turns":5},{"damage":7,"enemies":"Shell Parasite","floor":21,"turns":6},{"damage":10,"enemies":"Chosen and Byrds","floor":23,"turns":4},{"damage":12,"enemies":"Gremlin Leader","floor":25,"turns":6},{"damage":9,"enemies":"Snecko","floor":26,"turns":6},{"damage":6,"enemies":"Slavers","floor":28,"turns":3},{"damage":7,"enemies":"3 Cultists","floor":29,"turns":3},{"damage":0,"enemies":"downfall:FleeingMerchant","floor":30,"turns":4},{"damage":9,"enemies":"Centurion and Healer","floor":31,"turns":5},{"damage":13,"enemies":"Sentry and Sphere","floor":32,"turns":6},{"damage":16,"enemies":"DF_ARCHETYPE_CLAW","floor":33,"turns":5}],"seed_played":"748096531544005030","potions_obtained":[{"floor":5,"key":"SpeedPotion"},{"floor":5,"key":"Weak Potion"},{"floor":5,"key":"GamblersBrew"},{"floor":8,"key":"PowerPotion"},{"floor":10,"key":"hexamod:EctoCoolerPotion"},{"floor":23,"key":"FearPotion"},{"floor":31,"key":"bronze:BurnAndBuffPotion"}],"is_trial":false,"path_per_floor":["R","M","M","M","?","$","T","M","$","E","R","M","R","M","M","B",null,"R","M","?","M","?","M","T","E","M","R","E","M","$","M","M","B"],"character_chosen":"THE_SPIRIT","items_purchased":["hexamod:RadiantFlame","Vajra"],"campfire_rested":1,"item_purchase_floors":[6,30],"current_hp_per_floor":[70,70,70,70,70,70,70,67,64,48,48,42,42,42,42,36,70,80,75,60,53,53,43,43,31,22,47,41,34,34,25,12,0,0,0],"gold":43,"neow_bonus":"ONE_RANDOM_RARE_CARD","is_daily":false,"chose_seed":false,"campfire_upgraded":3,"win_rate":0.0,"timestamp":1611908560,"path_taken":["R","M","M","M","?","$","T","M","$","E","R","?","R","M","M","BOSS","R","M","?","M","?","M","T","E","?","R","E","M","$","M","M","BOSS"],"items_purchased_type":["Card","Relic"],"build_version":"2020-12-22","purchased_purges":0,"victory":false,"max_hp_per_floor":[70,70,70,70,70,70,70,70,70,70,70,70,70,70,70,70,70,80,80,85,85,85,85,85,85,85,85,85,85,85,85,85,85,85,85],"card_choices":[{"not_picked":["hexamod:GhostShield","hexamod:Hexaguard"],"picked":"hexamod:FlamesFromBeyond","floor":2},{"not_picked":["hexamod:HeatMetal","hexamod:Hexaguard"],"picked":"hexamod:RadiantFlame","floor":3},{"not_picked":["hexamod:FlamesFromBeyond","hexamod:SwordOfDarkness"],"picked":"hexamod:ShieldOfDarkness","floor":4},{"not_picked":["hexamod:GhostOfSpirePast","hexamod:NightmareStrike"],"picked":"hexamod:BurningTouch","floor":6},{"not_picked":["hexamod:ShieldOfDarkness","hexamod:HeatMetal"],"picked":"hexamod:GhostOfSpireFuture","floor":8},{"not_picked":["hexamod:Hexaguard","hexamod:ShieldOfDarkness"],"picked":"hexamod:BacktrackSmack","floor":9},{"not_picked":["hexamod:StepThrough","hexamod:FourthSeal"],"picked":"hexamod:TimeWarp","floor":10},{"not_picked":["hexamod:Incineration","hexamod:Haunt"],"picked":"hexamod:NightmareGuise","floor":12},{"not_picked":["hexamod:Firestarter","hexamod:FlamesFromBeyond"],"picked":"hexamod:FastForward","floor":14},{"not_picked":["hexamod:ThermalTransfer","hexamod:BacktrackSmack"],"picked":"hexamod:HauntingEcho","floor":15},{"not_picked":["hexamod:TurnItUp","hexamod:GhostOfSpirePresent"],"picked":"hexamod:HexaLevel","floor":16},{"not_picked":["hexamod:SuperheatedStrike","hexamod:ThermalTransfer"],"picked":"hexamod:InspiringFlames+1","floor":19},{"not_picked":["hexamod:DynamicBlow","hexamod:Incineration"],"picked":"hexamod:SoulSteal","floor":21},{"not_picked":["hexamod:StepThrough","hexamod:GhostLash"],"picked":"hexamod:ThermalTransfer+1","floor":23},{"not_picked":["hexamod:ParanormalForm","hexamod:Again","hexamod:SpectralAdrenaline"],"picked":"SKIP","floor":25},{"not_picked":["hexamod:BurningTouch+1","hexamod:ChargedBarrage"],"picked":"hexamod:Hexaguard+1","floor":26},{"not_picked":["hexamod:FourthSeal","hexamod:SuperheatedStrike+1","hexamod:Haunt"],"picked":"SKIP","floor":28},{"not_picked":["hexamod:SpectersWail+1","hexamod:Incineration+1"],"picked":"hexamod:AdvancingGuard","floor":29},{"not_picked":["hexamod:GhostOfSpirePast+1","hexamod:RecurringNightmare","hexamod:Hexaguard"],"picked":"SKIP","floor":30},{"not_picked":["hexamod:GhostLash","hexamod:FlamesFromBeyond+1"],"picked":"hexamod:FastForward","floor":31},{"not_picked":["hexamod:Firestarter","hexamod:FastForward"],"picked":"hexamod:InspiringFlames+1","floor":32}],"player_experience":2220919,"relics_obtained":[{"floor":10,"key":"Bag of Preparation"},{"floor":24,"key":"Bronze Scales"},{"floor":25,"key":"The Courier"},{"floor":28,"key":"Ancient Tea Set"}],"event_choices":[{"damage_healed":0,"gold_gain":0,"player_choice":"Got Potions","damage_taken":0,"max_hp_gain":0,"max_hp_loss":0,"event_name":"Lab","floor":5,"gold_loss":0}],"is_beta":false,"boss_relics":[{"not_picked":["Calling Bell","SacredBark"],"picked":"SlaversCollar"}],"items_purged_floors":[],"is_endless":false,"potions_floor_spawned":[8,10,14,15,16,19,23,31,32],"killed_by":"DF_ARCHETYPE_CLAW","ascension_level":1}}