{"host":"3a1ypf1irl30q4k8","time":1611916157,"event":{"mods":["AchievementEnabler","BaseMod","Bestiary","Colored Map","Minty Spire (QoL Compilation)","Relic Stats"],"gold_per_floor":[10,20,20,34,34,34,68,89,89,89,43,43,67,87,87,87,87],"floor_reached":16,"language":"ENG","playtime":571,"items_purged":[],"score":117,"play_id":"368def2c-c5a2-4989-a1b5-9d772fc2e228","local_time":"20210129102917","is_ascension_mode":true,"campfire_choices":[{"data":"Wraith Form v2","floor":6,"key":"SMITH"},{"floor":10,"key":"REST"},{"data":"Deflect","floor":15,"key":"SMITH"}],"circlet_count":0,"master_deck":["Strike_G","Strike_G","Strike_G","Strike_G","Defend_G","Defend_G","Defend_G","Defend_G","Defend_G","Survivor","Neutralize","Quick Slash","Backstab","Dagger Spray","Wraith Form v2+1","Deflect+1","PiercingWail","Deadly Poison","Poisoned Stab","Bane"],"relics":["Ring of the Snake","The Specimen","Golden Idol","Paper Crane","Sundial"],"acts_visited":["Exordium"],"potions_floor_usage":[16,16],"damage_taken":[{"damage":17,"enemies":"Jaw Worm","floor":1,"turns":8},{"damage":1,"enemies":"2 Louse","floor":2,"turns":3},{"damage":1,"enemies":"Cultist","floor":4,"turns":3},{"damage":48,"enemies":"Lagavulin","floor":7,"turns":9},{"damage":0,"enemies":"Lots of Slimes","floor":8,"turns":2},{"damage":0,"enemies":"Exordium Thugs","floor":13,"turns":4},{"damage":0,"enemies":"2 Fungi Beasts","floor":14,"turns":3},{"damage":37,"enemies":"The Guardian","floor":16,"turns":9}],"seed_played":"-2212801154204606770","potions_obtained":[{"floor":2,"key":"BlessingOfTheForge"},{"floor":8,"key":"Regen Potion"},{"floor":13,"key":"DuplicationPotion"}],"is_trial":false,"path_per_floor":["M","M","?","M","?","R","E","M","T","R","$","$","M","M","R","B"],"character_chosen":"THE_SILENT","items_purchased":["Deadly Poison"],"campfire_rested":1,"item_purchase_floors":[11],"current_hp_per_floor":[53,52,52,51,51,51,3,3,3,22,22,22,22,22,22,0,0],"gold":87,"neow_bonus":"ONE_RARE_RELIC","is_daily":false,"chose_seed":false,"campfire_upgraded":2,"win_rate":0.0,"timestamp":1611916157,"path_taken":["M","M","?","M","?","R","E","?","T","R","?","$","M","M","R","BOSS"],"items_purchased_type":["Card"],"build_version":"2020-12-22","purchased_purges":0,"victory":false,"max_hp_per_floor":[70,70,65,65,65,65,65,65,65,65,65,65,65,65,65,65,65],"relic_stats":{"counters":[8,41],"Golden Idol":23,"Sundial":[2],"obtain_stats":[{"The Specimen":0,"Golden Idol":3,"Sundial":9,"Paper Crane":7,"Ring of the Snake":0},{"The Specimen":0,"Golden Idol":2,"Sundial":5,"Paper Crane":4,"Ring of the Snake":0},{"The Specimen":0,"Golden Idol":11,"Sundial":25,"Paper Crane":23,"Ring of the Snake":0}],"Ring of the Snake":[16]},"card_choices":[{"not_picked":["Bane","Underhanded Strike"],"picked":"Quick Slash","floor":1},{"not_picked":["Underhanded Strike","Infinite Blades"],"picked":"Backstab","floor":2},{"not_picked":["Acrobatics","Escape Plan"],"picked":"Dagger Spray","floor":4},{"not_picked":["Slice","Tactician"],"picked":"Deflect","floor":7},{"not_picked":["Blade Dance","All Out Attack"],"picked":"PiercingWail","floor":8},{"not_picked":["Glass Knife","Escape Plan"],"picked":"Poisoned Stab","floor":13},{"not_picked":["Dodge and Roll","Sucker Punch"],"picked":"Bane","floor":14}],"player_experience":1241940,"relics_obtained":[{"floor":7,"key":"Paper Crane"},{"floor":9,"key":"Sundial"}],"event_choices":[{"damage_healed":0,"gold_gain":0,"player_choice":"Lose Max HP","damage_taken":0,"relics_obtained":["Golden Idol"],"max_hp_gain":0,"max_hp_loss":5,"event_name":"Golden Idol","floor":3,"gold_loss":0},{"damage_healed":0,"gold_gain":0,"cards_transformed":["Strike_G"],"player_choice":"Transformed","damage_taken":0,"max_hp_gain":0,"max_hp_loss":0,"event_name":"Transmorgrifier","floor":5,"gold_loss":0,"cards_obtained":["Wraith Form v2"]}],"is_beta":false,"boss_relics":[],"items_purged_floors":[],"is_endless":false,"potions_floor_spawned":[2,8,13,14],"killed_by":"The Guardian","ascension_level":3}}