{"host":"344lv32hnei0mdhu","time":1611901749,"event":{"mods":["Act Like it!","BaseMod","Better Match","Better Sensory Stone","Better Skull","Better Third Choice","Better Vampires","Colored Powertips","Highlight Path","Minty Spire (QoL Compilation)","Quick Restart","Random Character Button","Rare Cards Sparkle","StSLib"],"gold_per_floor":[111,111,186,186,197,223,223,234,234,252,278,293,307,333,333,333,333],"floor_reached":16,"language":"ENG","playtime":568,"items_purged":[],"score":228,"play_id":"1edb88b7-7e2d-41c1-9de5-96d0c721cc6e","local_time":"20210129002909","is_ascension_mode":true,"campfire_choices":[{"data":"Cloak And Dagger","floor":7,"key":"SMITH"},{"floor":15,"key":"REST"}],"circlet_count":0,"master_deck":["AscendersBane","Strike_G","Strike_G","Strike_G","Strike_G","Strike_G","Defend_G","Defend_G","Defend_G","Defend_G","Defend_G+1","Survivor+1","Neutralize+1","Backstab","Cloak And Dagger+1","Flying Knee","Choke","Crippling Poison","Blade Dance","Unload","Blade Dance"],"relics":["Ring of the Snake","NeowsBlessing","NlothsMask","Mummified Hand","War Paint","The Specimen"],"acts_visited":["Exordium"],"potions_floor_usage":[11,11,14,16],"damage_taken":[{"damage":0,"enemies":"Cultist","floor":1,"turns":1},{"damage":0,"enemies":"2 Louse","floor":5,"turns":1},{"damage":0,"enemies":"3 Sentries","floor":6,"turns":1},{"damage":1,"enemies":"Small Slimes","floor":8,"turns":3},{"damage":8,"enemies":"Red Slaver","floor":10,"turns":2},{"damage":27,"enemies":"Lagavulin","floor":11,"turns":6},{"damage":0,"enemies":"Looter","floor":12,"turns":3},{"damage":0,"enemies":"2 Fungi Beasts","floor":13,"turns":2},{"damage":6,"enemies":"3 Sentries","floor":14,"turns":6},{"damage":35,"enemies":"Slime Boss","floor":16,"turns":6}],"seed_played":"8252853399299964172","potions_obtained":[{"floor":1,"key":"AttackPotion"},{"floor":10,"key":"LiquidMemories"},{"floor":11,"key":"GamblersBrew"},{"floor":13,"key":"ColorlessPotion"}],"is_trial":false,"path_per_floor":["M","?","?","?","M","E","R","M","T","M","E","M","M","E","R","B"],"character_chosen":"THE_SILENT","items_purchased":[],"campfire_rested":1,"item_purchase_floors":[],"current_hp_per_floor":[63,63,52,52,52,52,52,51,51,43,16,16,16,10,31,0,0],"gold":333,"neow_bonus":"THREE_ENEMY_KILL","is_daily":false,"chose_seed":false,"campfire_upgraded":1,"win_rate":0.0,"timestamp":1611901749,"path_taken":["M","?","?","?","M","E","R","M","T","?","E","M","M","E","R","BOSS"],"items_purchased_type":[],"build_version":"2020-12-22","purchased_purges":0,"victory":false,"max_hp_per_floor":[70,70,70,70,70,70,70,70,70,70,70,70,70,70,70,70,70],"card_choices":[{"not_picked":["Dagger Throw","Deadly Poison"],"picked":"Backstab","floor":1},{"not_picked":["Prepared","Flying Knee"],"picked":"Cloak And Dagger","floor":5},{"not_picked":["Well Laid Plans","Dagger Spray"],"picked":"Flying Knee","floor":6},{"not_picked":["Dodge and Roll","Heel Hook"],"picked":"Choke","floor":8},{"not_picked":["Dagger Throw","Leg Sweep"],"picked":"Crippling Poison","floor":10},{"not_picked":["Deadly Poison","Acrobatics"],"picked":"Blade Dance","floor":11},{"not_picked":["Skewer","Quick Slash"],"picked":"Unload","floor":12},{"not_picked":["Flechettes","Deadly Poison","Acrobatics"],"picked":"SKIP","floor":13},{"not_picked":["Outmaneuver","Dash"],"picked":"Blade Dance","floor":14}],"player_experience":386888,"relics_obtained":[{"floor":6,"key":"Mummified Hand"},{"floor":11,"key":"War Paint"},{"floor":14,"key":"The Specimen"}],"event_choices":[{"damage_healed":0,"gold_gain":0,"player_choice":"Grow","damage_taken":0,"max_hp_gain":0,"max_hp_loss":0,"event_name":"Living Wall","floor":2,"gold_loss":0,"cards_upgraded":["Neutralize"]},{"damage_healed":0,"gold_gain":75,"player_choice":"Gold","damage_taken":11,"max_hp_gain":0,"max_hp_loss":0,"event_name":"betterThird:BetterGoop","floor":3,"gold_loss":0},{"damage_healed":0,"gold_gain":0,"player_choice":"Trade","damage_taken":0,"relics_obtained":["NlothsMask"],"max_hp_gain":0,"max_hp_loss":0,"event_name":"FaceTrader","floor":4,"gold_loss":0}],"is_beta":false,"boss_relics":[],"items_purged_floors":[],"is_endless":false,"potions_floor_spawned":[1,10,11,13],"killed_by":"Slime Boss","ascension_level":11}}