{"host":"h7xtspmc2x3i8s2i","time":1611894495,"event":{"mods":["2.2 Compatiblity","AchievementEnabler","Act Like it!","AlwaysNeverKeys","Aspiration","Astrologer","BaseMod","Beaked The Cultist","Bestiary","Better Altar","Better Match","Better Note","Better Sensory Stone","Better Skull","Better Third Choice","Better Vampires","Better-Laid Plans","BetterRewards","Challenge The Spire","Colored Map","Colored Powertips","Colorless Booster Pack","Curses Come First","Defuse TimeMaze Blight","Dio Mod","Disable Question Mark Monsters","Dota2Spire","Downfall","Duelist Mod","EXCEPTION","Emptier Cage","Energized Spire","Evolution","Friendly Minions","GifTheSpireLib","Gold Saver","Gremlin Skip","Halation","Hubris","Ironclad Rager","Jedi Mod","Key Reminder","Marked Mod","Minty Spire (QoL Compilation)","Permanent Neow","Potion Indicator Mod","Quick Restart","Random Character Button","Random Character Mod","Rare Cards Sparkle","Relic Filter","Relic Stats","Reliquary","Replay The Spire","SacredBarkPlus","Shop Mod","Somnambulant","Spicy Shops","Spikes Relics","Spire Birthday Party","StSLib","Steal the Spire","Stuff the Spire","SuperFastMode","The Awakened One except there are too many feathers","The Blue Laboratory","The Cursed","The Death Knight","The Dragon Tamer","The Edgeheg","The Hierophant","The Problem Sleuth","The Runesmith","The Wild Card","TheVelvet","Transform Curses","Uncapped","Unceasing Turn Reminder","Virulent Crown","Wide Potions","everything is the same but u backflip on backflip","slay the spire mod where everything is the same but ironclad has a cowboy hat"],"gold_per_floor":[818,836,836,8,24,24,24,24,49,108,108,126,126,156,170,265,265,65,83,97,116,142,142,142,177,177,62,96,110,110,130,150,250,250,209,223,235,535,535,535,535,535,569,569,569,601,601,613,628,628,628,653,48,48,53,58],"floor_reached":57,"language":"ENG","playtime":2123,"items_purged":["Replay:SS_forest_2"],"score":1703,"play_id":"520ba749-b2cb-4943-bd01-4fef9b25d66f","local_time":"20210128232815","is_ascension_mode":true,"campfire_choices":[{"floor":1,"key":"RECALL"},{"data":"dioMod:CautiousMuda","floor":6,"key":"SMITH"},{"data":"Bite","floor":8,"key":"SMITH"},{"data":"dioMod:TheWalk","floor":45,"key":"SMITH"},{"data":"CBP: UltraDivineWater","floor":47,"key":"SMITH"},{"data":"dioMod:Muda","floor":54,"key":"SMITH"}],"circlet_count":0,"master_deck":["dioMod:Strike","dioMod:Strike","Bite+1","dioMod:Defend","dioMod:Defend","dioMod:Defend","dioMod:Defend","dioMod:MudaMudaMuda","dioMod:CautiousMuda+1","CBP: UltraDivineWater+1","dioMod:VengefulMuda","dioMod:DaggerToss","dioMod:CautiousMuda","dioMod:SevenPageMuda","dioMod:MudaMudaMuda","dioMod:TheWalk+1","dioMod:DominatingPresence","dioMod:Muda+1","Metamorphosis","dioMod:DaggerToss","Insight","dioMod:CautiousMuda+1","dioMod:TheWalk","dioMod:HeavyLifting+1","dioMod:DoubleTime","expansioncontent:QuickStudy","Panacea","Finesse","dioMod:DaggerToss+1","dioMod:MudaMudaMuda","dioMod:Muda","expansioncontent:DashGenerateEvil","StuffTheSpire:FreeRealEstate"],"relics":["reliquary:RoseTintedGlasses","reliquary:SilkGlove","Juzu Bracelet","BicycleWheel","MerchantsRug","Dota2Spire:Butterfly","Question Card","hubris:Towel","reliquary:Knoch","aspiration:SecretTechniqueScroll","downfall:HeartBlessingRed","downfall:HeartBlessingGreen","Oddly Smooth Stone","halation:PrussianBluePaint","Dream Catcher","InkBottle","reliquary:OuijaBoard","theSleuth:MegatonKey","downfall:HeartBlessingBlue","Rawhide","halation:EternalFortune","halation:TwoAmDonut","hubris:CuriousFeather","SpikesRelics:DaevaFist","Replay:WaspNest"],"acts_visited":["Exordium","TheCity","TheBeyond","TheEnding"],"potions_floor_usage":[9,14,14,27,27,27,29,36,37,43,49],"damage_taken":[{"damage":4,"enemies":"Small Slimes","floor":2,"turns":3},{"damage":5,"enemies":"downfall:FleeingMerchant","floor":4,"turns":4},{"damage":6,"enemies":"2 Louse","floor":5,"turns":3},{"damage":24,"enemies":"Gremlin Nob","floor":9,"turns":4},{"damage":0,"enemies":"Cultist","floor":12,"turns":3},{"damage":0,"enemies":"Lagavulin","floor":14,"turns":5},{"damage":15,"enemies":"3 Louse","floor":15,"turns":3},{"damage":3,"enemies":"IC_STATUS_ARCHETYPE","floor":16,"turns":9},{"damage":0,"enemies":"3 Byrds","floor":19,"turns":6},{"damage":1,"enemies":"Chosen","floor":20,"turns":4},{"damage":2,"enemies":"Centurion and Healer","floor":21,"turns":5},{"damage":0,"enemies":"theDuelist:KaibaA2","floor":25,"turns":5},{"damage":6,"enemies":"downfall:FleeingMerchant","floor":27,"turns":4},{"damage":31,"enemies":"Slavers","floor":28,"turns":4},{"damage":3,"enemies":"Chosen and Byrds","floor":29,"turns":5},{"damage":14,"enemies":"Shelled Parasite and Fungi","floor":31,"turns":3},{"damage":0,"enemies":"Snake Plant","floor":32,"turns":2},{"damage":0,"enemies":"WA_ARCHETYPE_CALM","floor":33,"turns":5},{"damage":0,"enemies":"Orb Walker","floor":36,"turns":3},{"damage":0,"enemies":"3 Shapes","floor":37,"turns":2},{"damage":0,"enemies":"beaked:SuperParasite","floor":43,"turns":2},{"damage":0,"enemies":"Reptomancer","floor":46,"turns":1},{"damage":0,"enemies":"Sphere and 2 Shapes","floor":48,"turns":1},{"damage":10,"enemies":"Writhing Mass","floor":49,"turns":2},{"damage":50,"enemies":"DF_ARCHETYPE_ORBS","floor":50,"turns":3},{"damage":6,"enemies":"downfall:CharBossMerchant","floor":52,"turns":3},{"damage":0,"enemies":"downfall:NeowBoss","floor":55,"turns":5},{"damage":34,"enemies":"downfall:NeowBossFinal","floor":56,"turns":5}],"seed_played":"-112085819521329143","potions_obtained":[{"floor":5,"key":"Adrenaline Potion"},{"floor":9,"key":"Weak Potion"},{"floor":10,"key":"blueLaboratory:BubblePotion"},{"floor":14,"key":"blueLaboratory:PhilterOfMotion"},{"floor":20,"key":"blueLaboratory:BottleOfRum"},{"floor":25,"key":"blueLaboratory:SavagePotion"},{"floor":28,"key":"LiquidMemories"},{"floor":31,"key":"Block Potion"},{"floor":33,"key":"blueLaboratory:SavagePotion"},{"floor":36,"key":"Guardian:BlockOnCardUsePotion"},{"floor":46,"key":"blueLaboratory:TrueEctoplasm"},{"floor":48,"key":"Strength Potion"}],"is_trial":false,"path_per_floor":["R","M","?","$","M","R","T","R","E","?","?","M","?","E","M","B",null,"R_BF","M","M","M","T","?","T","E","?","$","E","M","?","M","M","B",null,"R_BF","M","M","?","?","?","T","?","E","?","R","E","R","M","M","B",null,"E","$","R","B","B",null],"character_chosen":"THE_DEFAULT","items_purchased":["dioMod:CautiousMuda","CBP: UltraDivineWater","Juzu Bracelet","BicycleWheel","MerchantsRug","Metamorphosis","InkBottle","expansioncontent:DashGenerateEvil","StuffTheSpire:FreeRealEstate","Replay:WaspNest"],"campfire_rested":0,"item_purchase_floors":[4,4,4,4,4,27,27,53,53,53],"current_hp_per_floor":[75,74,49,50,54,54,54,54,39,9,9,15,15,24,21,24,75,75,75,75,75,75,75,75,75,75,75,50,64,64,59,62,68,75,85,85,85,85,85,85,85,88,88,88,88,88,88,88,78,28,88,88,88,88,88,54],"gold":58,"neow_bonus":"RANDOM_COMMON_RELIC","is_daily":false,"chose_seed":false,"campfire_upgraded":5,"win_rate":0.0,"timestamp":1611894495,"path_taken":["R","M","?","$","M","R","T","R","E","?","?","M","?","E","M","BOSS","R_BF","M","M","M","?","?","T","E","?","?","E","M","?","M","M","BOSS","R_BF","M","M","?","?","?","T","?","E","?","R","E","R","M","M","BOSS","E","$","R","BOSS","BOSS"],"items_purchased_type":["Card","Card","Relic","Relic","Relic","Card","Relic","Card","Card","Relic"],"build_version":"2020-12-22","purchased_purges":1,"victory":true,"max_hp_per_floor":[75,75,75,75,75,75,75,75,75,75,75,75,75,75,75,75,75,75,75,75,75,75,75,75,75,75,75,75,75,75,75,75,75,75,85,85,85,85,85,85,85,88,88,88,88,88,88,88,88,88,88,91,91,91,91,91],"relic_stats":{"Dream Catcher":0,"counters":[28,104],"Juzu Bracelet":3,"Question Card":53,"obtain_stats":[{"reliquary:OuijaBoard":28,"reliquary:SilkGlove":3,"downfall:HeartBlessingGreen":18,"Rawhide":41,"Juzu Bracelet":4,"EVO:Axolotl":0,"Dream Catcher":25,"halation:PrussianBluePaint":24,"downfall:HeartBlessingBlue":35,"reliquary:RoseTintedGlasses":0,"hubris:CuriousFeather":46,"BicycleWheel":4,"InkBottle":27,"MerchantsRug":4,"downfall:HeartBlessingRed":18,"theSleuth:MegatonKey":34,"Oddly Smooth Stone":22,"Replay:WaspNest":53,"aspiration:SecretTechniqueScroll":17,"hubris:Towel":13,"Question Card":10,"keyreminder:keyreminder":1,"Dota2Spire:Butterfly":9,"dioMod:VampireBlood":0,"halation:EternalFortune":42,"SpikesRelics:DaevaFist":52,"reliquary:Knoch":14,"halation:TwoAmDonut":43},{"reliquary:OuijaBoard":14,"reliquary:SilkGlove":1,"downfall:HeartBlessingGreen":8,"Rawhide":20,"Juzu Bracelet":2,"EVO:Axolotl":0,"Dream Catcher":12,"halation:PrussianBluePaint":11,"downfall:HeartBlessingBlue":18,"reliquary:RoseTintedGlasses":0,"hubris:CuriousFeather":22,"BicycleWheel":2,"InkBottle":13,"MerchantsRug":2,"downfall:HeartBlessingRed":8,"theSleuth:MegatonKey":18,"Oddly Smooth Stone":11,"Replay:WaspNest":26,"aspiration:SecretTechniqueScroll":8,"hubris:Towel":5,"Question Card":4,"keyreminder:keyreminder":0,"Dota2Spire:Butterfly":4,"dioMod:VampireBlood":0,"halation:EternalFortune":20,"SpikesRelics:DaevaFist":26,"reliquary:Knoch":6,"halation:TwoAmDonut":21},{"reliquary:OuijaBoard":62,"reliquary:SilkGlove":3,"downfall:HeartBlessingGreen":34,"Rawhide":82,"Juzu Bracelet":7,"EVO:Axolotl":0,"Dream Catcher":54,"halation:PrussianBluePaint":49,"downfall:HeartBlessingBlue":77,"reliquary:RoseTintedGlasses":0,"hubris:CuriousFeather":85,"BicycleWheel":7,"InkBottle":58,"MerchantsRug":7,"downfall:HeartBlessingRed":34,"theSleuth:MegatonKey":77,"Oddly Smooth Stone":49,"Replay:WaspNest":94,"aspiration:SecretTechniqueScroll":34,"hubris:Towel":17,"Question Card":14,"keyreminder:keyreminder":0,"Dota2Spire:Butterfly":14,"dioMod:VampireBlood":0,"halation:EternalFortune":82,"SpikesRelics:DaevaFist":94,"reliquary:Knoch":22,"halation:TwoAmDonut":84}],"InkBottle":[26]},"card_choices":[{"not_picked":["dioMod:ComposedMuda","dioMod:LaserVision"],"picked":"dioMod:MudaMudaMuda","floor":2},{"not_picked":["dioMod:HeavyLifting","dioMod:BloodTransfusion","dioMod:StreetSign"],"picked":"SKIP","floor":4},{"not_picked":["dioMod:BloodTransfusion","dioMod:Diversion","dioMod:LaserVision"],"picked":"SKIP","floor":5},{"not_picked":["dioMod:Hiss","dioMod:BloodSplash"],"picked":"dioMod:VengefulMuda","floor":9},{"not_picked":["dioMod:Hiss","dioMod:ComposedMuda"],"picked":"dioMod:DaggerToss","floor":10},{"not_picked":["dioMod:Roundabout","dioMod:DarkRebirth","dioMod:ComposedMuda"],"picked":"dioMod:CautiousMuda","floor":12},{"not_picked":["dioMod:DisarmingVoice","dioMod:Minions","dioMod:ComposedMuda"],"picked":"dioMod:SevenPageMuda","floor":14},{"not_picked":["dioMod:SadisticLaugh","dioMod:CoffinBath","dioMod:GoodbyeJojo"],"picked":"dioMod:MudaMudaMuda","floor":15},{"not_picked":["dioMod:GoldVial","dioMod:KonoDioDa","dioMod:PathToHeaven"],"picked":"dioMod:TheWalk","floor":16},{"not_picked":["dioMod:BloodSuck+1","dioMod:SadisticLaugh+1","dioMod:BlendIn","dioMod:WRYYY"],"picked":"SKIP","floor":19},{"not_picked":["dioMod:BloodSplash","dioMod:WRYYY","dioMod:Freeze","dioMod:Hiss"],"picked":"SKIP","floor":20},{"not_picked":["dioMod:BlendIn","dioMod:GoldVial","dioMod:BloodSplash","dioMod:DaggerToss"],"picked":"SKIP","floor":21},{"not_picked":["dioMod:BloodSuck+1","dioMod:VengefulMuda","dioMod:BlendIn"],"picked":"dioMod:DominatingPresence","floor":25},{"not_picked":["dioMod:Roundabout+1","dioMod:BlendIn","dioMod:DisarmingVoice","dioMod:ComboFever"],"picked":"SKIP","floor":27},{"not_picked":["dioMod:Despair","dioMod:GoodbyeJojo+1","dioMod:TripleThreat","dioMod:Minions"],"picked":"SKIP","floor":28},{"not_picked":["dioMod:SecretPlan","dioMod:BloodSuck","dioMod:Diversion"],"picked":"dioMod:DaggerToss","floor":29},{"not_picked":["dioMod:LaserVision","dioMod:Hiss+1","dioMod:StreetSign","dioMod:DisarmingVoice+1"],"picked":"SKIP","floor":31},{"not_picked":["dioMod:LaserVision","dioMod:Hiss+1","dioMod:StreetSign","dioMod:DisarmingVoice+1"],"picked":"SKIP","floor":31},{"not_picked":["dioMod:BloodSplash","dioMod:SadisticLaugh","dioMod:FlyAway"],"picked":"dioMod:CautiousMuda+1","floor":32},{"not_picked":["dioMod:KonoDioDa","dioMod:ZaWarudo","dioMod:PathToHeaven"],"picked":"dioMod:TheWalk","floor":33},{"not_picked":["dioMod:VengefulMuda+1","dioMod:BloodShield+1","dioMod:LaserVision+1"],"picked":"dioMod:HeavyLifting+1","floor":36},{"not_picked":["dioMod:VengefulMuda+1","dioMod:StreetSign+1","dioMod:Roundabout+1"],"picked":"dioMod:DoubleTime","floor":37},{"not_picked":["expansioncontent:DecaShield","expansioncontent:InvincibleStrength"],"picked":"expansioncontent:QuickStudy","floor":39},{"not_picked":["Poisoned Strike","hubris:Insight","Feint"],"picked":"Panacea","floor":40},{"not_picked":["Blind","ReplayTheSpireMod:Trickstab","Replay:Bootleg Shield Generator"],"picked":"Finesse","floor":40},{"not_picked":["dioMod:BloodSplash","dioMod:SlashThroughTime+1","dioMod:ComposedMuda+1","dioMod:Roundabout"],"picked":"SKIP","floor":43},{"not_picked":["dioMod:BlendIn+1","dioMod:FlyAway+1","dioMod:CutDeep"],"picked":"dioMod:DaggerToss+1","floor":46},{"not_picked":["dioMod:BlendIn+1","dioMod:ComposedMuda+1","dioMod:HeavyLifting+1"],"picked":"dioMod:MudaMudaMuda","floor":48},{"not_picked":["dioMod:SadisticLaugh+1","dioMod:SlashThroughTime","dioMod:Freeze"],"picked":"dioMod:Muda","floor":49},{"not_picked":["dioMod:Hiss+1","dioMod:DaggerSpree","dioMod:WRYYY","dioMod:SadisticLaugh+1"],"picked":"SKIP","floor":52}],"player_experience":628042,"relics_obtained":[{"floor":9,"key":"Dota2Spire:Butterfly"},{"floor":10,"key":"Question Card"},{"floor":14,"key":"reliquary:Knoch"},{"floor":22,"key":"Oddly Smooth Stone"},{"floor":24,"key":"halation:PrussianBluePaint"},{"floor":25,"key":"Dream Catcher"},{"floor":28,"key":"reliquary:OuijaBoard"},{"floor":41,"key":"Rawhide"},{"floor":43,"key":"halation:TwoAmDonut"},{"floor":46,"key":"hubris:CuriousFeather"},{"floor":52,"key":"halation:EternalFortune"},{"floor":52,"key":"SpikesRelics:DaevaFist"}],"event_choices":[{"damage_healed":0,"gold_gain":0,"player_choice":"Relic ","damage_taken":25,"max_hp_gain":0,"max_hp_loss":0,"event_name":"betterThird:BetterScrap","floor":3,"gold_loss":0,"cards_obtained":["ReplayTheSpireMod:GoodbyeWorld"]},{"cards_removed":["dioMod:Strike"],"damage_healed":0,"gold_gain":0,"player_choice":"Offered Basic","damage_taken":0,"max_hp_gain":0,"max_hp_loss":0,"event_name":"Bonfire Elementals","floor":11,"gold_loss":0},{"damage_healed":0,"gold_gain":0,"player_choice":"Ignored","damage_taken":0,"max_hp_gain":0,"max_hp_loss":0,"event_name":"Vampires","floor":23,"gold_loss":0},{"damage_healed":0,"gold_gain":0,"player_choice":"Read","damage_taken":0,"max_hp_gain":0,"max_hp_loss":0,"event_name":"The Library","floor":26,"gold_loss":0,"cards_obtained":["dioMod:Muda"]},{"damage_healed":0,"gold_gain":0,"player_choice":"Insight","damage_taken":0,"max_hp_gain":0,"max_hp_loss":0,"event_name":"betterThird:BetterWriting","floor":30,"gold_loss":0,"cards_obtained":["Insight"]},{"damage_healed":0,"gold_gain":300,"player_choice":"Gold","damage_taken":0,"max_hp_gain":0,"max_hp_loss":0,"event_name":"Wheel of Change","floor":38,"gold_loss":0},{"damage_healed":0,"gold_gain":3,"player_choice":"1","damage_taken":0,"max_hp_gain":0,"max_hp_loss":0,"event_name":"betterStone:BetterStone","floor":40,"gold_loss":0}],"is_beta":false,"boss_relics":[{"not_picked":["Painkiller Herb","halation:CatFaceCupcake"],"picked":"aspiration:SecretTechniqueScroll"},{"not_picked":["Replay:Grab Bag","Snecko Eye"],"picked":"theSleuth:MegatonKey"}],"items_purged_floors":[53],"is_endless":false,"potions_floor_spawned":[5,9,14,20,25,28,31,33,36,46,48],"ascension_level":3}}