{"host":"1ewc6jxpaqi263j3","time":1611899824,"event":{"mods":["Act Like it!","BaseMod","Better Vampires","Better-Laid Plans","BetterRewards","Card Forge","Colored Map","Elementarium","Gensokyo","Hallownest","HololiveMod","Luminous","Menagerie","Minty Spire (QoL Compilation)","Quick Restart","Rare Cards Sparkle","Shop Mod","StSLib","The Animator","The Bug Knight","UnlockEverythingMod"],"gold_per_floor":[127,31,31,31,31,62,75,99,99,99,137,153,153,185,185,285,285,301,0,13,0,0,30,30,30,30],"floor_reached":25,"language":"ZHS","playtime":1209,"items_purged":[],"score":254,"play_id":"b3be917b-c562-42b2-81f2-165723f5a501","local_time":"20210129135704","is_ascension_mode":false,"campfire_choices":[{"data":"animator:Eve","floor":10.0,"key":"SMITH"},{"data":"animator:NarberalGamma","floor":15.0,"key":"SMITH"}],"circlet_count":0,"master_deck":["animator:Strike_MadokaMagica","animator:Defend_MadokaMagica","animator:Strike","animator:Strike","animator:Strike","animator:Defend","animator:Defend","animator:Defend+1","animator:IrohaTamaki","animator:YuiTsuruno","animator:NarberalGamma+1","animator:YuiTsuruno+1","animator:PandorasActor","animator:Eve+1","animator:Laby","animator:MamiTomoe","animator:Shalltear","animator:SuzuneAmano","animator:Megumin+4","animator:MamiTomoe","animator:NagisaMomoe","animator:HigakiRinne","animator:YuiTsuruno","Gensokyo:LittleGreenMen"],"relics":["animator:LivingPicture","animator:TheMissingPiece","Hammer of Thor","Seething Fire","Anvil of the Gods","NeowsBlessing","Blood Vial","White Beast Statue","Art of War","Paper Frog","Regal Pillow","Black Star","Orichalcum","Lee\u0027s Waffle","Frozen Egg 2","Akabeko"],"acts_visited":["Exordium","Gensokyo:Gensokyo"],"potions_floor_usage":[25,25,25],"damage_taken":[{"damage":0.0,"enemies":"Gensokyo:Gryphon","floor":1.0,"turns":1.0},{"damage":0.0,"enemies":"Gensokyo:Aya","floor":6.0,"turns":2.0},{"damage":1.0,"enemies":"Gensokyo:3_Fairies","floor":7.0,"turns":2.0},{"damage":5.0,"enemies":"Gensokyo:Python","floor":8.0,"turns":3.0},{"damage":18.0,"enemies":"Gensokyo:Cirno","floor":11.0,"turns":6.0},{"damage":12.0,"enemies":"Gensokyo:3_Kodama","floor":12.0,"turns":3.0},{"damage":11.0,"enemies":"Gensokyo:CorruptedTreant","floor":14.0,"turns":3.0},{"damage":7.0,"enemies":"Gensokyo:Reimu","floor":16.0,"turns":7.0},{"damage":24.0,"enemies":"Gensokyo:CosmicMonolith","floor":18.0,"turns":4.0},{"damage":0.0,"enemies":"Gensokyo:2_Gloops","floor":20.0,"turns":4.0},{"damage":62.0,"enemies":"Gensokyo:Koishi","floor":23.0,"turns":7.0},{"damage":17,"enemies":"Gensokyo:Tenshi","floor":25,"turns":2}],"seed_played":"5735288734116540968","potions_obtained":[{"floor":6.0,"key":"ColorlessPotion"},{"floor":7.0,"key":"BlessingOfTheForge"},{"floor":8.0,"key":"DuplicationPotion"},{"floor":16.0,"key":"animator:GrowthPotion"}],"is_trial":false,"path_per_floor":["M","COS","?","?","T","E","M","M","T","R","E","M","?","M","R","B",null,"M","$","M","?","?","E","$","E"],"character_chosen":"THE_ANIMATOR","items_purchased":["Orichalcum","Lee\u0027s Waffle"],"campfire_rested":0,"item_purchase_floors":[19,19],"current_hp_per_floor":[66,66,66,72,72,73,72,68,68,68,52,43,43,34,34,29,74,50,81,81,81,73,11,11,0,0],"gold":30,"neow_bonus":"THREE_ENEMY_KILL","is_daily":false,"chose_seed":false,"campfire_upgraded":2,"win_rate":0.0,"timestamp":1611899824,"path_taken":["M","COS","?","?","?","E","M","?","T","R","E","M","?","M","R","BOSS","M","$","M","?","?","E","$","E"],"items_purchased_type":["Relic","Relic"],"build_version":"2020-12-22","purchased_purges":0,"victory":false,"max_hp_per_floor":[66,66,66,72,72,73,73,73,73,73,73,74,74,74,74,74,74,74,81,81,81,73,73,73,73,73],"card_choices":[{"not_picked":["animator:DolaCouronne","animator:Demiurge"],"picked":"animator:NarberalGamma","floor":1.0},{"not_picked":["animator:Ain","animator:SayakaMiki"],"picked":"animator:PandorasActor","floor":6.0},{"not_picked":["animator:Wiz","animator:Shiro"],"picked":"animator:Eve","floor":7.0},{"not_picked":["animator:Konayuki","animator:EmiyaShirou"],"picked":"animator:Laby","floor":7.0},{"not_picked":["animator:KyokoSakura","animator:YuiTsuruno"],"picked":"animator:MamiTomoe","floor":8.0},{"not_picked":["animator:DolaCouronne","animator:UneriGinkaku"],"picked":"animator:Shalltear","floor":11.0},{"not_picked":["animator:Entoma","animator:NagisaMomoe"],"picked":"animator:SuzuneAmano","floor":12.0},{"not_picked":["animator:ShinjiMatou","animator:Ciel"],"picked":"animator:Megumin","floor":13.0},{"not_picked":["animator:DolaStephanie","animator:DolaCouronne"],"picked":"animator:MamiTomoe","floor":13.0},{"not_picked":["animator:Ain","animator:Cocytus"],"picked":"animator:NagisaMomoe","floor":14.0},{"not_picked":["animator:Eve","animator:Hans"],"picked":"animator:HigakiRinne","floor":16.0},{"not_picked":["animator:MamiTomoe","animator:IrohaTamaki"],"picked":"animator:YuiTsuruno","floor":18.0},{"not_picked":["animator:Ara+1","animator:Kazuma","animator:Emonzaemon"],"picked":"SKIP","floor":20.0},{"not_picked":["Gensokyo:TurboGranny","Gensokyo:ManorOfTheDishes"],"picked":"Gensokyo:LittleGreenMen","floor":22.0},{"not_picked":["animator:Aqua","animator:Rena","animator:Azekura"],"picked":"SKIP","floor":23.0}],"player_experience":234810,"relics_obtained":[{"floor":5.0,"key":"Blood Vial"},{"floor":6.0,"key":"White Beast Statue"},{"floor":9.0,"key":"Art of War"},{"floor":11.0,"key":"Regal Pillow"},{"floor":23.0,"key":"Frozen Egg 2"},{"floor":23.0,"key":"Akabeko"}],"event_choices":[],"is_beta":false,"boss_relics":[{"not_picked":["Ectoplasm","SlaversCollar"],"picked":"Black Star"}],"items_purged_floors":[],"is_endless":false,"potions_floor_spawned":[6,7,8,11,12,14,16,18,20,23],"killed_by":"Gensokyo:Tenshi","ascension_level":0}}