{"host":"toh0bbw446wnuexf","time":1611885389,"event":{"mods":["BaseMod","Downfall","Hermit","Minty Spire (QoL Compilation)","Random Character Button","StSLib"],"gold_per_floor":[99,109,122,17,17,17,17,29,29,43,43,43,56,74,85,188,188,188,202,202,220,320,320,320,220,236,146,160,174,174,59,72,169,169,169,186,406,406,420,438,438,288,307,327,152,152,162,162,174,174],"floor_reached":51,"language":"ENG","playtime":3667,"items_purged":["bronze:Strike","bronze:Defend","bronze:Defend","bronze:Strike","bronze:Defend"],"score":820,"play_id":"88b8d70a-98c2-418c-ab48-3178aa078e2b","local_time":"20210129145629","is_ascension_mode":false,"campfire_choices":[{"data":"bronze:Replicate","floor":1,"key":"SMITH"},{"data":"bronze:ChosenStrike","floor":9,"key":"SMITH"},{"data":"bronze:DelayedSlice","floor":12,"key":"SMITH"},{"data":"1","floor":18,"key":"LIFT"},{"data":"bronze:DecaBeam","floor":23,"key":"SMITH"},{"data":"bronze:Goto","floor":25,"key":"SMITH"},{"data":"bronze:Repair","floor":30,"key":"SMITH"},{"data":"2","floor":35,"key":"LIFT"},{"data":"3","floor":46,"key":"LIFT"}],"circlet_count":0,"master_deck":["bronze:Strike","bronze:Defend","bronze:Replicate+1","bronze:Goto+1","bronze:Repair+1","bronze:ChosenStrike+1","bronze:DelayedSlice+1","bronze:DecaBeam+1","Parasite"],"relics":["bronze:BronzeCore","Girya","SlaversCollar","downfall:HeartBlessingBlue","Fusion Hammer","StrikeDummy"],"acts_visited":["Exordium","TheCity","TheBeyond"],"potions_floor_usage":[40,50,50,50],"damage_taken":[{"damage":1,"enemies":"2 Louse","floor":2,"turns":3},{"damage":1,"enemies":"Jaw Worm","floor":3,"turns":4},{"damage":0,"enemies":"downfall:FleeingMerchant","floor":4,"turns":4},{"damage":0,"enemies":"Cultist","floor":8,"turns":3},{"damage":2,"enemies":"Blue Slaver","floor":10,"turns":2},{"damage":1,"enemies":"Exordium Wildlife","floor":13,"turns":2},{"damage":0,"enemies":"Red Slaver","floor":14,"turns":1},{"damage":0,"enemies":"Blue Slaver","floor":15,"turns":1},{"damage":63,"enemies":"WA_ARCHETYPE_RETAIN","floor":16,"turns":9},{"damage":0,"enemies":"Chosen","floor":19,"turns":4},{"damage":14,"enemies":"Sentry and Sphere","floor":21,"turns":4},{"damage":9,"enemies":"Sentry and Sphere","floor":22,"turns":4},{"damage":18,"enemies":"Snecko","floor":26,"turns":9},{"damage":10,"enemies":"downfall:FleeingMerchant","floor":27,"turns":4},{"damage":5,"enemies":"Cultist and Chosen","floor":28,"turns":8},{"damage":0,"enemies":"3 Cultists","floor":29,"turns":6},{"damage":0,"enemies":"downfall:FleeingMerchant","floor":31,"turns":4},{"damage":1,"enemies":"Snecko","floor":32,"turns":6},{"damage":26,"enemies":"IC_MUSHROOM_ARCHETYPE","floor":33,"turns":6},{"damage":13,"enemies":"3 Darklings","floor":36,"turns":7},{"damage":0,"enemies":"downfall:FleeingMerchant","floor":37,"turns":2},{"damage":10,"enemies":"Orb Walker","floor":39,"turns":4},{"damage":40,"enemies":"Writhing Mass","floor":40,"turns":5},{"damage":0,"enemies":"4 Shapes","floor":43,"turns":3},{"damage":0,"enemies":"Sphere and 2 Shapes","floor":44,"turns":3},{"damage":0,"enemies":"Transient","floor":47,"turns":5},{"damage":0,"enemies":"Writhing Mass","floor":49,"turns":4},{"damage":59,"enemies":"SI_POISON_ARCHETYPE","floor":50,"turns":6}],"seed_played":"-1830928023747427002","potions_obtained":[{"floor":3,"key":"GamblersBrew"},{"floor":8,"key":"ColorlessPotion"},{"floor":10,"key":"CultistPotion"},{"floor":15,"key":"BlessingOfTheForge"},{"floor":44,"key":"CultistPotion"},{"floor":47,"key":"CultistPotion"}],"is_trial":false,"path_per_floor":["R","M","M","$","?","?","T","M","R","M","?","R","M","M","M","B",null,"R","M","?","M","?","R","T","R","M","$","M","M","R","$","M","B",null,"R","M","$","?","M","M","T","$","M","M","$","R","M","$","M","B",null],"character_chosen":"THE_AUTOMATON","items_purchased":["bronze:ChosenStrike","bronze:DelayedSlice"],"campfire_rested":0,"item_purchase_floors":[4,4],"current_hp_per_floor":[77,76,75,77,77,77,77,77,77,75,75,75,74,74,77,17,77,77,77,77,63,61,61,61,71,60,57,59,66,66,76,85,64,87,87,84,84,84,78,47,47,47,57,67,67,67,77,77,87,28],"gold":174,"neow_bonus":"TEN_PERCENT_HP_BONUS","is_daily":false,"chose_seed":false,"campfire_upgraded":6,"win_rate":0.0,"timestamp":1611885389,"path_taken":["R","M","M","$","?","?","T","M","R","M","?","R","M","M","M","BOSS","R","M","?","M","?","R","T","R","M","$","M","M","R","$","M","BOSS","R","M","$","?","?","M","T","?","M","M","$","R","M","$","M","BOSS"],"items_purchased_type":["Card","Card"],"build_version":"2020-12-22","purchased_purges":5,"victory":true,"max_hp_per_floor":[77,77,77,77,77,77,77,77,77,77,77,77,77,77,77,77,77,77,77,77,77,77,77,77,87,87,87,87,87,87,87,87,87,87,87,87,87,87,87,87,87,87,87,87,87,87,87,87,87,87],"card_choices":[{"not_picked":["bronze:CutThrough","bronze:BugBarrage","bronze:Return"],"picked":"SKIP","floor":2},{"not_picked":["bronze:FineTuning","bronze:GetLatest"],"picked":"bronze:Repair","floor":3},{"not_picked":["bronze:Branch","bronze:Optimize","bronze:Turbo"],"picked":"SKIP","floor":4},{"not_picked":["bronze:DigitalCarnage","bronze:Overheat","bronze:BugBarrage"],"picked":"SKIP","floor":8},{"not_picked":["bronze:DelayedGuard","bronze:Shield","bronze:Deprecate"],"picked":"SKIP","floor":10},{"not_picked":["bronze:Repair","bronze:OilSpill","bronze:WildBeam"],"picked":"SKIP","floor":13},{"not_picked":["bronze:Invalidate","bronze:Flail","bronze:BitShift"],"picked":"SKIP","floor":14},{"not_picked":["bronze:ChildClass","bronze:Return","bronze:Invalidate"],"picked":"SKIP","floor":15},{"not_picked":["bronze:WildBeam","bronze:FineTuning","bronze:BuggyMess+1"],"picked":"SKIP","floor":19},{"not_picked":["bronze:OilSpill","bronze:Allocate","bronze:Frontload"],"picked":"SKIP","floor":21},{"not_picked":[],"picked":"bronze:DecaBeam","floor":22},{"not_picked":["bronze:BronzeOrb","bronze:Philosophize","bronze:Allocate"],"picked":"SKIP","floor":26},{"not_picked":["bronze:Break","bronze:CutThrough+1","bronze:DelayedSlice"],"picked":"SKIP","floor":27},{"not_picked":["bronze:MaxOutput","bronze:FollowUp","bronze:Overheat+1"],"picked":"SKIP","floor":28},{"not_picked":["bronze:WildBeam+1","bronze:OilSpill","bronze:CutThrough"],"picked":"SKIP","floor":29},{"not_picked":["bronze:Optimize","bronze:Safeguard+1","bronze:HyperBeam"],"picked":"SKIP","floor":31},{"not_picked":["bronze:Turbo","bronze:BitShift","bronze:FineTuning"],"picked":"SKIP","floor":32},{"not_picked":["bronze:Fortify+1","bronze:MaxOutput","bronze:Overload"],"picked":"SKIP","floor":36},{"not_picked":["bronze:BronzeArmor","bronze:Shield+1","bronze:BitShift"],"picked":"SKIP","floor":37},{"not_picked":["bronze:DelayedSlice","bronze:Allocate+1","bronze:MaxOutput+1"],"picked":"SKIP","floor":39},{"not_picked":["bronze:ForLoop+1","bronze:Frontload","bronze:Branch"],"picked":"SKIP","floor":40},{"not_picked":["bronze:Branch","bronze:Optimize","bronze:WhirlingStrike"],"picked":"SKIP","floor":43},{"not_picked":["bronze:OilSpill+1","bronze:DelayedGuard+1","bronze:HardenedForm"],"picked":"SKIP","floor":44},{"not_picked":["bronze:Shell","bronze:Branch","bronze:BronzeOrb+1"],"picked":"SKIP","floor":47},{"not_picked":["bronze:BitShift","bronze:OilSpill","bronze:BuggyMess+1"],"picked":"SKIP","floor":49}],"player_experience":617311,"relics_obtained":[{"floor":7,"key":"Girya"},{"floor":41,"key":"StrikeDummy"}],"event_choices":[{"cards_removed":["bronze:Strike"],"damage_healed":0,"gold_gain":0,"player_choice":"Forget","damage_taken":0,"max_hp_gain":0,"max_hp_loss":0,"event_name":"Living Wall","floor":6,"gold_loss":0}],"is_beta":false,"boss_relics":[{"not_picked":["Black Star","Velvet Choker"],"picked":"SlaversCollar"},{"not_picked":["Tiny House","Astrolabe"],"picked":"Fusion Hammer"}],"items_purged_floors":[27,31,37,42,45],"is_endless":false,"potions_floor_spawned":[3,8,10,15,21,26,33,39,44,47],"ascension_level":0}}