{"host":"1pwde2j81wdvsae3","time":1611911494,"event":{"mods":["BaseMod","Minty Spire (QoL Compilation)","Replay The Spire","Shop Mod","StSLib"],"gold_per_floor":[16,28,46,64,64,64,99,115,115,134,161,173,193,213,213,290,290,308,308,13,30,40,67,67,97,97,97,62,62,80,91,91,168,168,179,199,199,199,212,212,212],"floor_reached":40,"language":"ZHS","playtime":1813,"items_purged":[],"score":802,"play_id":"cf838532-1ce0-46a7-ba58-6fcd239c0690","local_time":"20210129171134","is_ascension_mode":true,"campfire_choices":[{"data":"Bash","floor":6,"key":"SMITH"},{"floor":24,"key":"REST"},{"floor":27,"key":"REST"},{"floor":29,"key":"REST"},{"data":"Double Tap","floor":32,"key":"SMITH"}],"circlet_count":0,"master_deck":["AscendersBane","Strike_R","Strike_R","Strike_R","Strike_R","Defend_R","Defend_R","Defend_R","Defend_R","Bash+1","Reaper","Evolve","Power Through+1","Flex","ReplayTheSpireMod:Muscle Training","Inflame","Heavy Blade+1","Run Through","Thunderclap","Seeing Red","Headbutt","Pummel","Double Tap+1","Run Through","Inflame","Exhume","Thunderclap+1","Thunderclap","Anger","Iron Wave","Flame Barrier","Clothesline","Dark Embrace","Limit Break","Body Slam","Body Slam","Writhe","Parasite","Combust"],"relics":["Burning Blood","PreservedInsect","Orichalcum","Pen Nib","Busted Crown","ReplayTheSpireMod:Spearhead","Gremlin Horn","Centennial Puzzle","Replay:Kaleidoscope","Cursed Key"],"acts_visited":["Exordium","TheCity","TheBeyond"],"potions_floor_usage":[7,13,13,21,22,27,31,33,36,40],"damage_taken":[{"damage":6,"enemies":"Cultist","floor":1,"turns":4},{"damage":12,"enemies":"Small Slimes","floor":2,"turns":4},{"damage":0,"enemies":"2 Louse","floor":3,"turns":3},{"damage":11,"enemies":"Blue Slaver","floor":4,"turns":5},{"damage":27,"enemies":"3 Sentries","floor":7,"turns":10},{"damage":14,"enemies":"Red Slaver","floor":8,"turns":6},{"damage":6,"enemies":"2 Fungi Beasts","floor":10,"turns":4},{"damage":12,"enemies":"Gremlin Nob","floor":11,"turns":4},{"damage":8,"enemies":"3 Louse","floor":12,"turns":5},{"damage":6,"enemies":"Lots of Slimes","floor":13,"turns":5},{"damage":6,"enemies":"Looter","floor":14,"turns":3},{"damage":52,"enemies":"Hexaghost","floor":16,"turns":9},{"damage":16,"enemies":"Shell Parasite","floor":18,"turns":4},{"damage":6,"enemies":"Chosen","floor":21,"turns":4},{"damage":12,"enemies":"Centurion and Healer","floor":22,"turns":6},{"damage":55,"enemies":"Gremlin Leader","floor":23,"turns":5},{"damage":58,"enemies":"Book of Stabbing","floor":25,"turns":5},{"damage":3,"enemies":"Chosen and Byrds","floor":30,"turns":4},{"damage":18,"enemies":"Snecko","floor":31,"turns":4},{"damage":50,"enemies":"Automaton","floor":33,"turns":8},{"damage":19,"enemies":"3 Shapes","floor":35,"turns":3},{"damage":20,"enemies":"Orb Walker","floor":36,"turns":4},{"damage":50,"enemies":"Writhing Mass","floor":39,"turns":6},{"damage":32,"enemies":"Nemesis","floor":40,"turns":4}],"seed_played":"8424959772055110811","potions_obtained":[{"floor":1,"key":"Swift Potion"},{"floor":4,"key":"Explosive Potion"},{"floor":8,"key":"AttackPotion"},{"floor":14,"key":"FearPotion"},{"floor":16,"key":"Regen Potion"},{"floor":19,"key":"Flashbang"},{"floor":25,"key":"EntropicBrew"},{"floor":33,"key":"EssenceOfSteel"},{"floor":36,"key":"Weak Potion"},{"floor":39,"key":"PowerPotion"}],"is_trial":false,"path_per_floor":["M","M","M","M","?","R","E","M","T","M","E","M","M","M","R","B",null,"M","?","$","M","M","E","R","E","T","R","$","R","M","M","R","B",null,"M","M","?","?","M","E"],"character_chosen":"IRONCLAD","items_purchased":["Inflame","ReplayTheSpireMod:Spearhead","Exhume","Flame Barrier"],"campfire_rested":3,"item_purchase_floors":[20,20,20,28],"current_hp_per_floor":[68,68,75,70,70,70,61,59,59,61,61,71,75,75,75,35,65,55,55,55,67,71,39,61,9,9,31,31,53,74,71,71,33,65,62,48,63,63,19,0,0],"gold":212,"neow_bonus":"THREE_RARE_CARDS","is_daily":false,"chose_seed":false,"campfire_upgraded":2,"win_rate":0.0,"timestamp":1611911494,"path_taken":["M","M","M","?","?","R","E","M","T","M","E","M","?","M","R","BOSS","M","?","?","M","M","E","R","E","T","R","$","R","M","M","R","BOSS","M","M","?","?","?","E"],"items_purchased_type":["Card","Relic","Card","Card"],"build_version":"2020-12-22","purchased_purges":0,"victory":false,"max_hp_per_floor":[75,75,75,75,75,75,75,75,75,75,75,75,75,75,75,75,75,75,75,75,75,75,75,75,75,75,75,75,75,75,75,75,75,75,75,75,75,75,75,75,75],"card_choices":[{"not_picked":["Hemogenesis","Double Tap"],"picked":"Reaper","floor":0},{"not_picked":["Armaments","Twin Strike"],"picked":"Evolve","floor":1},{"not_picked":["Replay:Undeath\u0027s Touch","Burning Pact"],"picked":"Power Through","floor":2},{"not_picked":["Iron Wave","Pommel Strike"],"picked":"Flex","floor":3},{"not_picked":["Havoc","Combust"],"picked":"ReplayTheSpireMod:Muscle Training","floor":4},{"not_picked":["Second Wind","Seeing Red"],"picked":"Inflame","floor":7},{"not_picked":["Cleave","Second Wind"],"picked":"Heavy Blade","floor":8},{"not_picked":["Clash","ReplayTheSpireMod:Strike From Hell"],"picked":"Run Through","floor":10},{"not_picked":["Second Wind","Exhume"],"picked":"Thunderclap","floor":11},{"not_picked":["Shrug It Off","Feel No Pain"],"picked":"Seeing Red","floor":12},{"not_picked":["Perfected Strike","ReplayTheSpireMod:Strike From Hell"],"picked":"Headbutt","floor":13},{"not_picked":["Wild Strike","Reckless Charge"],"picked":"Pummel","floor":14},{"not_picked":["Demonic Infusion","Hemogenesis"],"picked":"Double Tap","floor":16},{"not_picked":[],"picked":"Run Through","floor":18},{"not_picked":[],"picked":"Thunderclap+1","floor":21},{"not_picked":[],"picked":"Thunderclap","floor":22},{"not_picked":[],"picked":"Anger","floor":23},{"not_picked":[],"picked":"Iron Wave","floor":25},{"not_picked":[],"picked":"Clothesline","floor":30},{"not_picked":[],"picked":"Dark Embrace","floor":31},{"not_picked":[],"picked":"Limit Break","floor":33},{"not_picked":[],"picked":"Body Slam","floor":35},{"not_picked":[],"picked":"Body Slam","floor":36},{"not_picked":[],"picked":"Combust","floor":39}],"player_experience":250169,"relics_obtained":[{"floor":7,"key":"PreservedInsect"},{"floor":9,"key":"Orichalcum"},{"floor":11,"key":"Pen Nib"},{"floor":23,"key":"Gremlin Horn"},{"floor":25,"key":"Centennial Puzzle"},{"floor":26,"key":"Replay:Kaleidoscope"}],"event_choices":[{"cards_removed":["Strike_R"],"damage_healed":0,"gold_gain":0,"player_choice":"Purged","damage_taken":0,"max_hp_gain":0,"max_hp_loss":0,"event_name":"Purifier","floor":5,"gold_loss":0},{"damage_healed":0,"gold_gain":0,"player_choice":"Got Potions","damage_taken":0,"max_hp_gain":0,"max_hp_loss":0,"event_name":"Lab","floor":19,"gold_loss":0},{"damage_healed":15,"gold_gain":0,"player_choice":"Writhe","damage_taken":0,"max_hp_gain":0,"max_hp_loss":0,"event_name":"Winding Halls","floor":37,"gold_loss":0,"cards_obtained":["Writhe"]},{"damage_healed":0,"gold_gain":0,"player_choice":"Forge","damage_taken":0,"max_hp_gain":0,"max_hp_loss":0,"event_name":"Accursed Blacksmith","floor":38,"gold_loss":0,"cards_upgraded":["Power Through"]}],"is_beta":false,"boss_relics":[{"not_picked":["Pandora\u0027s Box","Electric Blood"],"picked":"Busted Crown"},{"not_picked":["Coffee Dripper","Replay:Drink Me"],"picked":"Cursed Key"}],"items_purged_floors":[],"is_endless":false,"potions_floor_spawned":[1,4,8,11,14,16,18,25,30,33,36,39],"killed_by":"Nemesis","ascension_level":15}}