{"host":"qj91dvco5uhu9oti","time":1611948107,"event":{"mods":["BaseMod","Colored Map","Downfall","Keyboard Shortcuts","Minty Spire (QoL Compilation)","Permanent Neow","Relic Stats","StSLib","SuperFastMode","everything is the same but u backflip on backflip"],"gold_per_floor":[99,116,116,116,21,31,31,64,64,95,95,95],"floor_reached":10,"language":"ENG","playtime":454,"items_purged":[],"score":74,"play_id":"3ba7fb35-4e51-46eb-8a63-589cdec400f2","local_time":"20210130042147","is_ascension_mode":false,"campfire_choices":[{"data":"bronze:Replicate","floor":1,"key":"SMITH"},{"data":"bronze:Break","floor":9,"key":"SMITH"}],"circlet_count":0,"master_deck":["bronze:Strike","bronze:Strike","bronze:Strike","bronze:Strike","bronze:Defend","bronze:Defend","bronze:Defend","bronze:Defend","bronze:Replicate+1","bronze:Goto+1","bronze:WildBeam+1","bronze:Turbo","bronze:ChosenStrike","bronze:Break+1","bronze:Philosophize","bronze:Mutator+1"],"relics":["bronze:BronzeCore","Lantern","Frozen Egg 2","Vajra","Bag of Marbles"],"acts_visited":["Exordium"],"potions_floor_usage":[],"damage_taken":[{"damage":0,"enemies":"Small Slimes","floor":2,"turns":2},{"damage":0,"enemies":"downfall:FleeingMerchant","floor":5,"turns":4},{"damage":0,"enemies":"Jaw Worm","floor":6,"turns":1},{"damage":16,"enemies":"Lagavulin","floor":8,"turns":4},{"damage":22,"enemies":"3 Sentries","floor":10,"turns":5}],"seed_played":"-217855857609356423","potions_obtained":[{"floor":2,"key":"Fire Potion"},{"floor":8,"key":"AttackPotion"}],"is_trial":false,"path_per_floor":["R","M","?","?","$","M","T","E","R","E"],"character_chosen":"THE_AUTOMATON","items_purchased":["bronze:ChosenStrike"],"campfire_rested":0,"item_purchase_floors":[5],"current_hp_per_floor":[70,70,67,67,67,67,67,51,51,29,29,29],"gold":95,"neow_bonus":"UPGRADE_CARD","is_daily":false,"chose_seed":false,"campfire_upgraded":2,"win_rate":0.0,"timestamp":1611948107,"path_taken":["R","M","?","?","$","M","T","E","R","E"],"items_purchased_type":["Card"],"build_version":"2020-12-22","purchased_purges":0,"victory":false,"max_hp_per_floor":[70,70,70,70,70,70,70,70,70,70,70,70],"relic_stats":{"counters":[5,16],"obtain_stats":[{"Lantern":3,"bronze:BronzeCore":0,"Vajra":8,"Bag of Marbles":10,"Frozen Egg 2":7},{"Lantern":1,"bronze:BronzeCore":0,"Vajra":4,"Bag of Marbles":5,"Frozen Egg 2":3},{"Lantern":2,"bronze:BronzeCore":0,"Vajra":11,"Bag of Marbles":16,"Frozen Egg 2":7}]},"card_choices":[{"not_picked":["bronze:BuggyMess","bronze:Branch"],"picked":"bronze:WildBeam","floor":2},{"not_picked":["bronze:Allocate","bronze:BitShift"],"picked":"bronze:Turbo","floor":5},{"not_picked":["bronze:Shield","bronze:ClassDefault"],"picked":"bronze:Break","floor":6},{"not_picked":["bronze:Allocate","bronze:HyperBeam"],"picked":"bronze:Philosophize","floor":8},{"not_picked":["bronze:Invalidate","bronze:Deprecate"],"picked":"bronze:Mutator+1","floor":10}],"player_experience":359911,"relics_obtained":[{"floor":7,"key":"Frozen Egg 2"},{"floor":8,"key":"Vajra"},{"floor":10,"key":"Bag of Marbles"}],"event_choices":[{"damage_healed":0,"gold_gain":0,"player_choice":"Success","damage_taken":3,"relics_obtained":["Lantern"],"max_hp_gain":0,"max_hp_loss":0,"event_name":"Scrap Ooze","floor":3,"gold_loss":0}],"is_beta":false,"boss_relics":[],"items_purged_floors":[],"is_endless":false,"potions_floor_spawned":[2,8],"killed_by":"3 Sentries","ascension_level":0}}