{"host":"h1qktzcccqnez8tx","time":1611882998,"event":{"mods":["AchievementEnabler","BaseMod","Bestiary","Better Note","Block Reminder","Colored Map","Colored Powertips","Curses Come First","Downfall","Highlight Path","Infinite Spire","Minty Spire (QoL Compilation)","Permanent Neow","Quick Restart","Relic Stats","Replay The Spire","Say the Spire","StSLib","UnlockEverythingMod"],"gold_per_floor":[117,128,140,72,91,122,122,122,122,158,158,158,171,192,192,316,316,336,386,409,427,166,166,206,220,246,265,113,129,129,163,163,287,287,312,335,353,371,392,392,392,392,392,392,392,392,392,28,28,28],"floor_reached":51,"language":"ENG","playtime":2447,"items_purged":["hexamod:SuperheatedStrike","hexamod:SuperheatedStrike"],"score":799,"play_id":"ca417f03-a16a-4d97-93b5-4e8ce112c98e","local_time":"20210129021638","daily_mods":["Draft"],"is_ascension_mode":false,"campfire_choices":[{"data":"hexamod:FlamesFromBeyond","floor":8,"key":"SMITH"},{"data":"hexamod:BurningTouch","floor":11,"key":"SMITH"},{"data":"hexamod:RecurringNightmare","floor":15,"key":"SMITH"},{"floor":23,"key":"REST"},{"data":"hexamod:FlamesFromBeyond","floor":30,"key":"SMITH"},{"floor":40,"key":"REST"},{"data":"hexamod:Hexaguard","floor":42,"key":"SMITH"},{"floor":45,"key":"REST"},{"data":"hexamod:BurningTouch","floor":49,"key":"SMITH"}],"circlet_count":0,"master_deck":["hexamod:NightmareGuise+1","hexamod:BurningTouch+1","hexamod:PhantomFireball+1","hexamod:Firestarter+1","hexamod:AdvancingGuard","hexamod:Firestarter+1","hexamod:FlamesFromBeyond+1","hexamod:RainOfEmbers+1","hexamod:Hexaguard+1","hexamod:Hexaguard+1","hexamod:BacktrackSmack+1","hexamod:BacktrackSmack","hexamod:FirstSeal","hexamod:SpectralSpark+1","hexamod:FlamesFromBeyond+1","hexamod:HeatCrush+1","hexamod:PhantomFireball+1","hexamod:Firestarter+1","hexamod:BurningTouch+1","hexamod:SixthSeal","hexamod:RecurringNightmare+1","hexamod:SearingWound","hexamod:EtherealExpedition+1","hexamod:ExtraCrispy","hexamod:SoulSteal+1","hexamod:BurningTouch","hexamod:PowerFromBeyond","hexamod:FlamesFromBeyond","hexamod:BurningTouch+1","hexamod:FlamesFromBeyond+1","hexamod:FlamesFromBeyond+1","hexamod:PhantomFireball+1","hexamod:HeatCrush"],"relics":["hexamod:SpiritBrand","Question Card","Golden Idol","infinitespire:CheckeredPen","infinitespire:Bottled Soul","Busted Crown","ClockworkSouvenir","Akabeko","Slimebound:StickyStick","Onion Ring","Philosopher\u0027s Stone","Bottled Lightning","hexamod:RecyclingMachine","Whetstone"],"acts_visited":["Exordium","TheCity","TheBeyond"],"potions_floor_usage":[24,24,29,31,33,50,50],"damage_taken":[{"damage":4,"enemies":"Jaw Worm","floor":1,"turns":2},{"damage":5,"enemies":"2 Louse","floor":2,"turns":2},{"damage":0,"enemies":"Cultist","floor":3,"turns":3},{"damage":5,"enemies":"Looter","floor":5,"turns":2},{"damage":12,"enemies":"Lagavulin","floor":6,"turns":4},{"damage":9,"enemies":"3 Sentries","floor":10,"turns":4},{"damage":0,"enemies":"2 Fungi Beasts","floor":13,"turns":3},{"damage":6,"enemies":"Large Slime","floor":14,"turns":3},{"damage":9,"enemies":"Hexaghost","floor":16,"turns":7},{"damage":11,"enemies":"3 Byrds","floor":18,"turns":5},{"damage":7,"enemies":"2 Thieves","floor":20,"turns":2},{"damage":11,"enemies":"Shelled Parasite and Fungi","floor":21,"turns":3},{"damage":0,"enemies":"Slavers","floor":24,"turns":3},{"damage":0,"enemies":"Chosen and Byrds","floor":25,"turns":3},{"damage":23,"enemies":"Snake Plant","floor":27,"turns":3},{"damage":0,"enemies":"Centurion and Healer","floor":29,"turns":6},{"damage":20,"enemies":"Book of Stabbing","floor":31,"turns":3},{"damage":51,"enemies":"Automaton","floor":33,"turns":7},{"damage":4,"enemies":"Orb Walker","floor":35,"turns":3},{"damage":0,"enemies":"3 Shapes","floor":36,"turns":3},{"damage":19,"enemies":"Maw","floor":37,"turns":4},{"damage":9,"enemies":"3 Darklings","floor":38,"turns":3},{"damage":35,"enemies":"Jaw Worm Horde","floor":39,"turns":3},{"damage":77,"enemies":"Donu and Deca","floor":50,"turns":7}],"seed_played":"-6016069757309942730","potions_obtained":[{"floor":1,"key":"DuplicationPotion"},{"floor":2,"key":"Explosive Potion"},{"floor":2,"key":"Adrenaline Potion"},{"floor":10,"key":"LifebloodPotion"},{"floor":24,"key":"PowerPotion"},{"floor":24,"key":"FairyPotion"},{"floor":29,"key":"Swift Potion"},{"floor":33,"key":"hexamod:InfernoChargePotion"},{"floor":33,"key":"champ:CounterPotion"},{"floor":37,"key":"infinitespire:BlackPotion"}],"is_trial":true,"path_per_floor":["M","M","M","$","M","E","?","R","T","E","R","?","M","M","R","B",null,"M","?","M","M","$","R","E","M","T","M","$","M","R","E","R_BF","B",null,"M","M","M","M","M","R","?","R","T","?","R","?","?","$","R","B",null],"character_chosen":"THE_SPIRIT","items_purchased":["hexamod:HeatCrush","hexamod:ExtraCrispy","ClockworkSouvenir","hexamod:FlamesFromBeyond","hexamod:RecyclingMachine","Whetstone","hexamod:HeatCrush"],"campfire_rested":3,"item_purchase_floors":[4,22,22,28,48,48,48],"current_hp_per_floor":[66,68,70,70,65,60,43,43,43,41,41,41,48,49,49,47,70,66,66,59,48,48,69,69,70,70,47,47,54,54,34,55,4,70,66,70,58,56,28,49,49,49,49,49,66,66,66,66,66,19],"gold":28,"neow_bonus":"","is_daily":false,"chose_seed":false,"campfire_upgraded":6,"win_rate":0.0,"timestamp":1611882998,"path_taken":["M","M","M","$","M","E","?","R","T","E","R","?","M","M","R","BOSS","M","?","M","?","$","R","E","M","T","M","$","M","R","E","R_BF","BOSS","M","M","M","M","M","R","?","R","T","?","R","?","?","$","R","BOSS"],"items_purchased_type":["Card","Card","Relic","Card","Relic","Relic","Card"],"build_version":"2020-12-22","purchased_purges":2,"victory":true,"max_hp_per_floor":[70,70,70,70,70,70,70,70,70,70,70,70,70,70,70,70,70,70,70,70,70,70,70,70,70,70,70,70,70,70,70,70,70,70,70,70,70,70,70,70,70,70,70,66,66,66,66,66,66,66],"relic_stats":{"Busted Crown":38,"counters":[24,88],"Golden Idol":149,"Whetstone":["hexamod:BacktrackSmack","hexamod:PhantomFireball"],"Question Card":24,"obtain_stats":[{"Golden Idol":7,"infinitespire:CheckeredPen":9,"Whetstone":48,"Question Card":6,"Akabeko":24,"ClockworkSouvenir":22,"Busted Crown":17,"infinitespire:Bottled Soul":10,"Slimebound:StickyStick":26,"Onion Ring":31,"Philosopher\u0027s Stone":34,"Bottled Lightning":43,"hexamod:RecyclingMachine":48,"hexamod:SpiritBrand":0},{"Golden Idol":5,"infinitespire:CheckeredPen":5,"Whetstone":23,"Question Card":5,"Akabeko":13,"ClockworkSouvenir":12,"Busted Crown":9,"infinitespire:Bottled Soul":6,"Slimebound:StickyStick":14,"Onion Ring":17,"Philosopher\u0027s Stone":18,"Bottled Lightning":23,"hexamod:RecyclingMachine":23,"hexamod:SpiritBrand":0},{"Golden Idol":13,"infinitespire:CheckeredPen":13,"Whetstone":81,"Question Card":13,"Akabeko":43,"ClockworkSouvenir":40,"Busted Crown":30,"infinitespire:Bottled Soul":17,"Slimebound:StickyStick":46,"Onion Ring":58,"Philosopher\u0027s Stone":65,"Bottled Lightning":81,"hexamod:RecyclingMachine":81,"hexamod:SpiritBrand":0}]},"card_choices":[{"not_picked":["hexamod:SuperheatedStrike","hexamod:GhostShield"],"picked":"hexamod:NightmareGuise","floor":0},{"not_picked":["hexamod:RadiantFlame","hexamod:HeatMetal"],"picked":"hexamod:BurningTouch","floor":0},{"not_picked":["hexamod:Rewind","hexamod:HeatMetal"],"picked":"hexamod:SuperheatedStrike","floor":0},{"not_picked":["hexamod:RecurringNightmare","hexamod:GhostLash"],"picked":"hexamod:PhantomFireball","floor":0},{"not_picked":["hexamod:PowerFromBeyond","hexamod:RainOfEmbers"],"picked":"hexamod:Firestarter","floor":0},{"not_picked":["hexamod:ShieldOfDarkness","hexamod:SpectersWail"],"picked":"hexamod:FourthSeal","floor":0},{"not_picked":["hexamod:InspiringFlames","hexamod:GhostOfSpirePast"],"picked":"hexamod:AdvancingGuard","floor":0},{"not_picked":["hexamod:SwordOfDarkness","hexamod:EtherealExpedition"],"picked":"hexamod:Firestarter","floor":0},{"not_picked":["hexamod:ChargedBarrage","hexamod:RainOfEmbers"],"picked":"hexamod:FlamesFromBeyond","floor":0},{"not_picked":["hexamod:HauntingEcho","hexamod:NightmareGuise"],"picked":"hexamod:RainOfEmbers","floor":0},{"not_picked":["hexamod:ThermalTransfer","hexamod:EtherealExpedition"],"picked":"hexamod:Hexaguard","floor":0},{"not_picked":["hexamod:GhostShield","hexamod:BacktrackSmack"],"picked":"hexamod:Hexaguard","floor":0},{"not_picked":["hexamod:ChargedBarrage","hexamod:GhostShield"],"picked":"hexamod:BacktrackSmack","floor":0},{"not_picked":["hexamod:SecondSeal","hexamod:ShieldOfDarkness"],"picked":"hexamod:BacktrackSmack","floor":0},{"not_picked":["hexamod:InspiringFlames","hexamod:HeatMetal"],"picked":"hexamod:SuperheatedStrike","floor":0},{"not_picked":["hexamod:Firestarter","hexamod:SwordOfDarkness"],"picked":"hexamod:FirstSeal","floor":1},{"not_picked":["hexamod:BacktrackSmack","hexamod:RadiantFlame"],"picked":"hexamod:SpectralSpark","floor":2},{"not_picked":["hexamod:InspiringFlames","hexamod:Incineration"],"picked":"hexamod:FlamesFromBeyond","floor":3},{"not_picked":["hexamod:CatchUp","hexamod:BacktrackSmack"],"picked":"hexamod:PhantomFireball","floor":5},{"not_picked":["hexamod:InspiringFlames","hexamod:GhostOfSpirePresent"],"picked":"hexamod:Firestarter","floor":6},{"not_picked":["hexamod:FlamesFromBeyond","hexamod:NecessarySacrifice","hexamod:ShieldOfDarkness"],"picked":"hexamod:BurningTouch","floor":10},{"not_picked":["hexamod:FourthSeal","hexamod:Incineration","hexamod:ShieldOfDarkness"],"picked":"hexamod:SixthSeal","floor":13},{"not_picked":["hexamod:SkipABeat","hexamod:Hexaguard","hexamod:BurningTouch"],"picked":"hexamod:RecurringNightmare","floor":14},{"not_picked":["hexamod:WildfireWeapon","hexamod:FlameSwitch","hexamod:TurnItUp"],"picked":"hexamod:SearingWound","floor":16},{"not_picked":["hexamod:GhostOfSpirePast+1"],"picked":"hexamod:EtherealExpedition+1","floor":18},{"not_picked":["hexamod:SecondSeal","hexamod:GhostShield"],"picked":"SKIP","floor":20},{"not_picked":["hexamod:GhostLash","hexamod:SuperheatedStrike"],"picked":"SKIP","floor":21},{"not_picked":["hexamod:WildfireWeapon"],"picked":"hexamod:SoulSteal","floor":24},{"not_picked":["hexamod:SkipABeat"],"picked":"hexamod:BurningTouch","floor":25},{"not_picked":["hexamod:InspiringFlames"],"picked":"hexamod:PowerFromBeyond","floor":27},{"not_picked":["hexamod:SoulSteal+1"],"picked":"hexamod:BurningTouch+1","floor":29},{"not_picked":["hexamod:HauntingEcho","hexamod:SixthSeal"],"picked":"SKIP","floor":31},{"not_picked":["hexamod:Firestarter+1"],"picked":"hexamod:FlamesFromBeyond+1","floor":35},{"not_picked":["hexamod:FirstSeal","hexamod:Hexaguard"],"picked":"SKIP","floor":36},{"not_picked":["hexamod:EmpoweredFlame+1","hexamod:SpectralSpark+1"],"picked":"SKIP","floor":37},{"not_picked":["hexamod:EtherealExpedition+1","hexamod:ChargedBarrage"],"picked":"SKIP","floor":38},{"not_picked":["hexamod:GhostShield+1"],"picked":"hexamod:FlamesFromBeyond+1","floor":39}],"player_experience":260835,"relics_obtained":[{"floor":6,"key":"Question Card"},{"floor":9,"key":"infinitespire:CheckeredPen"},{"floor":10,"key":"infinitespire:Bottled Soul"},{"floor":24,"key":"Akabeko"},{"floor":26,"key":"Slimebound:StickyStick"},{"floor":31,"key":"Onion Ring"},{"floor":43,"key":"Bottled Lightning"}],"event_choices":[{"damage_healed":0,"gold_gain":0,"player_choice":"Take Damage","damage_taken":17,"relics_obtained":["Golden Idol"],"max_hp_gain":0,"max_hp_loss":0,"event_name":"Golden Idol","floor":7,"gold_loss":0},{"damage_healed":0,"gold_gain":100,"player_choice":"Bet on Murderer","damage_taken":0,"max_hp_gain":0,"max_hp_loss":0,"event_name":"The Joust","floor":19,"gold_loss":50},{"damage_healed":0,"gold_gain":0,"player_choice":"Memory 1","damage_taken":0,"max_hp_gain":0,"max_hp_loss":0,"event_name":"SensoryStone","floor":41,"gold_loss":0},{"damage_healed":0,"gold_gain":0,"player_choice":"Max HP","damage_taken":0,"max_hp_gain":0,"max_hp_loss":4,"event_name":"Winding Halls","floor":44,"gold_loss":0},{"damage_healed":0,"gold_gain":0,"cards_transformed":["hexamod:FourthSeal"],"player_choice":"Transformed","damage_taken":0,"max_hp_gain":0,"max_hp_loss":0,"event_name":"Transmorgrifier","floor":47,"gold_loss":0,"cards_obtained":["hexamod:PhantomFireball"]}],"is_beta":false,"boss_relics":[{"not_picked":["bronze:MakeshiftBattery","Coffee Dripper"],"picked":"Busted Crown"},{"not_picked":["Runic Dome","Fusion Hammer"],"picked":"Philosopher\u0027s Stone"}],"items_purged_floors":[22,28],"is_endless":false,"potions_floor_spawned":[2,5,13,14,20,24,25,27,33,36],"ascension_level":0}}