{"host":"h2977v3ax51ohsow","time":1611918249,"event":{"mods":["Act Like it!","BaseMod","Colored Powertips","Downfall","Koishi","Marisa£®ÏF”Í°°ƒß¿Ì…≥£©","Minty Spire (QoL Compilation)","Remilia£®¿Ÿ√◊¿Ú—«£©","Shop Mod","StSLib","The Bug Knight","The Servant 0.9.4"],"gold_per_floor":[99,112,126,145,158,193,264,284,184,20,43,72,72,98,117,220,220,220,244,261,275,275,275,301,13,13,38,63,73,73,73,92,190,190,90,103,116,101,116,116,116,134,134,184,184,57,17,17,35,35],"floor_reached":51,"language":"ZHS","playtime":4545,"items_purged":[],"score":731,"play_id":"3ad9d38c-5c51-4171-803c-e86e37c8911b","local_time":"20210129190409","is_ascension_mode":false,"campfire_choices":[{"data":"hexamod:Float","floor":1.0,"key":"SMITH"},{"data":"hexamod:TimeOfNeed","floor":9.0,"key":"SMITH"},{"data":"hexamod:VolcanoVisage","floor":18.0,"key":"SMITH"},{"floor":23.0,"key":"RECALL"},{"data":"Apotheosis","floor":30.0,"key":"SMITH"},{"data":"hexamod:HexaLevel","floor":35.0,"key":"SMITH"}],"circlet_count":0,"master_deck":["hexamod:Strike+1","hexamod:Strike","hexamod:Strike+1","hexamod:Strike+1","hexamod:Defend+1","hexamod:Defend+1","hexamod:Defend+1","hexamod:Defend+1","hexamod:Sear+1","hexamod:Float+1","hexamod:SwordOfDarkness+1","hexamod:NightmareGuise+1","hexamod:TimeOfNeed+1","hexamod:Rewind+1","hexamod:Firestarter","hexamod:Hexaguard+1","hexamod:ForkedFlame+1","hexamod:UnlimitedPower","hexamod:GhostOfSpireFuture","hexamod:InspiringFlames+1","hexamod:PhantomCloak","hexamod:RainOfEmbers+1","hexamod:ShieldOfDarkness+1","hexamod:SixthSeal","hexamod:VolcanoVisage+1","hexamod:HexaLevel+1","hexamod:SkipABeat+1","hexamod:SwordOfDarkness","hexamod:NightmareGuise","hexamod:Firestarter","hexamod:EmpoweredFlame","hexamod:ThermalTransfer+1","hexamod:Firestarter+1","Apotheosis+1","expansioncontent:InvincibleStrength","hexamod:RecurringNightmare+1","hexamod:TimeWarp+1","hexamod:GhostOfSpirePast","hexamod:GhostOfSpirePast+1","hexamod:ThermalTransfer+1","hexamod:AdvancingGuard","downfall:Bewildered","hexamod:WildfireWeapon","hexamod:FifthSeal","hexamod:BurningTouch+1","hexamod:NightmareStrike+1","hexamod:UnleashSpirits","hexamod:EmpoweredFlame+1","hexamod:FourthSeal","hexamod:DynamicBlow+1","Pain","hexamod:ThirdSeal","hexamod:EmpoweredFlame+1","hexamod:Hexaguard+1","hexamod:TurnItUp","expansioncontent:Chronoboost","expansioncontent:AwakenDeath","expansioncontent:InvincibleStrength","hexamod:SixthSeal","hexamod:BurningTouch+1","Mayhem","hexamod:GhostOfSpirePast","hexamod:PhantomFireball","hexamod:FastForward+1"],"relics":["hexamod:SpiritBrand","HollowMod:QueensCombRelic","Mummified Hand","downfall:HeartBlessingGreen","Odd Mushroom","Boot","Runic Dome","Prayer Wheel","hexamod:TheBrokenSeal","sneckomod:BabySnecko","Cursed Key","downfall:HeartBlessingRed","StoneCalendar","Girya","Chemical X","Oddly Smooth Stone"],"acts_visited":["Exordium","TheCity","TheBeyond"],"potions_floor_usage":[50],"damage_taken":[{"damage":0.0,"enemies":"Cultist","floor":2.0,"turns":3.0},{"damage":1.0,"enemies":"Jaw Worm","floor":3.0,"turns":3.0},{"damage":0.0,"enemies":"Small Slimes","floor":4.0,"turns":3.0},{"damage":0.0,"enemies":"Exordium Wildlife","floor":5.0,"turns":4.0},{"damage":21.0,"enemies":"3 Sentries","floor":6.0,"turns":15.0},{"damage":7.0,"enemies":"3 Louse","floor":8.0,"turns":3.0},{"damage":0.0,"enemies":"downfall:FleeingMerchant","floor":10.0,"turns":4.0},{"damage":0.0,"enemies":"2 Fungi Beasts","floor":11.0,"turns":3.0},{"damage":7.0,"enemies":"The Mushroom Lair","floor":12.0,"turns":4.0},{"damage":11.0,"enemies":"Gremlin Nob","floor":14.0,"turns":4.0},{"damage":7.0,"enemies":"Large Slime","floor":15.0,"turns":5.0},{"damage":35.0,"enemies":"DF_ARCHETYPE_STREAMLINE","floor":16.0,"turns":12.0},{"damage":14.0,"enemies":"Shell Parasite","floor":19.0,"turns":6.0},{"damage":9.0,"enemies":"Snake Plant","floor":20.0,"turns":3.0},{"damage":0.0,"enemies":"Snecko","floor":21.0,"turns":4.0},{"damage":8.0,"enemies":"downfall:FleeingMerchant","floor":25.0,"turns":4.0},{"damage":13.0,"enemies":"Gremlin Leader","floor":27.0,"turns":6.0},{"damage":11.0,"enemies":"Chosen and Byrds","floor":28.0,"turns":5.0},{"damage":0.0,"enemies":"Snake Plant","floor":29.0,"turns":3.0},{"damage":0.0,"enemies":"3 Cultists","floor":32.0,"turns":3.0},{"damage":22.0,"enemies":"SI_MIRROR_ARCHETYPE","floor":33.0,"turns":6.0},{"damage":0.0,"enemies":"Orb Walker","floor":36.0,"turns":1.0},{"damage":0.0,"enemies":"3 Shapes","floor":37.0,"turns":3.0},{"damage":6.0,"enemies":"downfall:FleeingMerchant","floor":38.0,"turns":4.0},{"damage":10.0,"enemies":"Spire Growth","floor":39.0,"turns":4.0},{"damage":10.0,"enemies":"Transient","floor":42.0,"turns":5.0},{"damage":1.0,"enemies":"Transient","floor":44.0,"turns":6.0},{"damage":0.0,"enemies":"downfall:FleeingMerchant","floor":46.0,"turns":1.0},{"damage":14.0,"enemies":"Maw","floor":49.0,"turns":6.0},{"damage":41,"enemies":"IC_BLOCK_ARCHETYPE","floor":50,"turns":9}],"seed_played":"5198766521820567116","potions_obtained":[{"floor":2.0,"key":"FearPotion"},{"floor":5.0,"key":"SmokeBomb"},{"floor":8.0,"key":"LiquidMemories"},{"floor":11.0,"key":"FairyPotion"},{"floor":14.0,"key":"Explosive Potion"},{"floor":15.0,"key":"Fire Potion"},{"floor":16.0,"key":"Guardian:BlockOnCardUsePotion"},{"floor":19.0,"key":"FairyPotion"},{"floor":28.0,"key":"Energy Potion"},{"floor":37.0,"key":"SkillPotion"},{"floor":39.0,"key":"Regen Potion"},{"floor":42.0,"key":"Fire Potion"}],"is_trial":false,"path_per_floor":["R","M","M","M","M","E","T","M","R","$","M","?","?","E","M","B",null,"R","M","M","M","?","R","T","$","?","E","M","M","R","?","M","B",null,"R","M","M","$","M","?","T","M","T","?","?","$","$","?","M","B",null],"character_chosen":"THE_SPIRIT","items_purchased":["hexamod:ForkedFlame","Apotheosis","expansioncontent:InvincibleStrength","Chemical X","Oddly Smooth Stone","Mayhem","hexamod:GhostOfSpirePast"],"campfire_rested":0,"item_purchase_floors":[10,25,25,46,46,46,47],"current_hp_per_floor":[77,77,76,76,76,50,50,43,43,50,50,43,43,39,36,13,50,50,36,35,50,50,50,50,42,42,40,56,60,60,60,60,38,60,60,60,60,54,50,50,50,56,56,59,49,53,53,53,46,13],"gold":35,"neow_bonus":"TEN_PERCENT_HP_BONUS","is_daily":false,"chose_seed":false,"campfire_upgraded":5,"win_rate":0.0,"timestamp":1611918249,"path_taken":["R","M","M","M","M","E","T","M","R","?","M","?","?","E","M","BOSS","R","M","M","M","?","R","T","$","?","E","M","M","R","?","M","BOSS","R","M","M","$","M","?","T","M","?","?","?","?","$","?","M","BOSS"],"items_purchased_type":["Card","Card","Card","Relic","Relic","Card","Card"],"build_version":"2020-12-22","purchased_purges":0,"victory":true,"max_hp_per_floor":[77,77,77,77,77,50,50,50,50,50,50,50,50,50,50,50,50,50,50,50,50,50,50,50,50,50,50,60,60,60,60,60,60,60,60,60,60,60,60,60,60,60,60,60,60,60,60,60,60,60],"card_choices":[{"not_picked":["hexamod:ShieldOfDarkness","hexamod:GhostShield"],"picked":"hexamod:SwordOfDarkness","floor":2.0},{"not_picked":["hexamod:CatchUp","hexamod:SwordOfDarkness"],"picked":"hexamod:NightmareGuise","floor":3.0},{"not_picked":["hexamod:ThirdSeal","hexamod:RainOfEmbers"],"picked":"hexamod:TimeOfNeed","floor":4.0},{"not_picked":["hexamod:HauntingEcho","hexamod:NightmareGuise"],"picked":"hexamod:Rewind","floor":5.0},{"not_picked":["hexamod:NightmareStrike","hexamod:SecondSeal"],"picked":"hexamod:FifthSeal","floor":6.0},{"not_picked":["hexamod:FirstSeal","hexamod:FourthSeal"],"picked":"hexamod:SecondSeal","floor":8.0},{"not_picked":["hexamod:Incineration","hexamod:PhantomFireball"],"picked":"hexamod:Firestarter","floor":8.0},{"not_picked":["hexamod:FirstSeal","hexamod:ThirdSeal"],"picked":"hexamod:FourthSeal","floor":10.0},{"not_picked":["hexamod:ChargedBarrage","hexamod:Firestarter"],"picked":"hexamod:Hexaguard","floor":10.0},{"not_picked":["hexamod:FourthSeal","hexamod:SecondSeal"],"picked":"hexamod:ThirdSeal","floor":11.0},{"not_picked":["hexamod:Again","hexamod:ThirdSeal"],"picked":"hexamod:UnlimitedPower","floor":11.0},{"not_picked":["hexamod:ThermalTransfer","hexamod:SwordOfDarkness"],"picked":"hexamod:GhostOfSpireFuture","floor":12.0},{"not_picked":["hexamod:GhostLash","hexamod:Firestarter"],"picked":"hexamod:InspiringFlames","floor":12.0},{"not_picked":["hexamod:FirstSeal","hexamod:FourthSeal"],"picked":"hexamod:SixthSeal","floor":14.0},{"not_picked":["hexamod:SwordOfDarkness","hexamod:InspiringFlames"],"picked":"hexamod:PhantomCloak","floor":14.0},{"not_picked":["hexamod:EtherealExpedition","hexamod:SwordOfDarkness"],"picked":"hexamod:RainOfEmbers","floor":15.0},{"not_picked":["hexamod:GhostLash","hexamod:Firestarter"],"picked":"hexamod:ShieldOfDarkness","floor":15.0},{"not_picked":["hexamod:SecondSeal","hexamod:ThirdSeal"],"picked":"hexamod:SixthSeal","floor":16.0},{"not_picked":["hexamod:UnleashSpirits","hexamod:TurnItUp"],"picked":"hexamod:VolcanoVisage","floor":16.0},{"not_picked":["hexamod:TurnItUp","hexamod:TimeOfNeed"],"picked":"hexamod:HexaLevel","floor":16.0},{"not_picked":["hexamod:SecondSeal","hexamod:SixthSeal"],"picked":"hexamod:FirstSeal","floor":19.0},{"not_picked":["hexamod:CatchUp","hexamod:Incineration"],"picked":"hexamod:SkipABeat+1","floor":19.0},{"not_picked":["hexamod:RainOfEmbers","hexamod:RadiantFlame"],"picked":"hexamod:SwordOfDarkness","floor":19.0},{"not_picked":["hexamod:GhostLash","hexamod:Firestarter"],"picked":"hexamod:NightmareGuise","floor":20.0},{"not_picked":["hexamod:HauntingEcho","hexamod:GhostOfSpireFuture"],"picked":"hexamod:Firestarter","floor":21.0},{"not_picked":["hexamod:SpectersWail+1","hexamod:TimeWarp"],"picked":"hexamod:EmpoweredFlame","floor":21.0},{"not_picked":["hexamod:RetreatToShadows","hexamod:SpectersWail+1"],"picked":"hexamod:ThermalTransfer+1","floor":25.0},{"not_picked":["hexamod:Haunt","hexamod:ChargedBarrage"],"picked":"hexamod:Firestarter+1","floor":25.0},{"not_picked":["hexamod:ThermalTransfer","hexamod:ShieldOfDarkness"],"picked":"hexamod:RecurringNightmare","floor":27.0},{"not_picked":["hexamod:NecessarySacrifice","hexamod:GhostLash+1"],"picked":"hexamod:TimeWarp","floor":27.0},{"not_picked":["hexamod:ShieldOfDarkness+1","hexamod:InspiringFlames"],"picked":"hexamod:GhostOfSpirePast","floor":28.0},{"not_picked":["hexamod:StepThrough","hexamod:InspiringFlames"],"picked":"hexamod:GhostOfSpirePast+1","floor":28.0},{"not_picked":["hexamod:GhostLash","hexamod:Firestarter"],"picked":"hexamod:ThermalTransfer+1","floor":29.0},{"not_picked":["hexamod:Firestarter","hexamod:BacktrackSmack"],"picked":"hexamod:AdvancingGuard","floor":29.0},{"not_picked":["hexamod:BacktrackSmack","hexamod:Haunt+1"],"picked":"hexamod:WildfireWeapon","floor":32.0},{"not_picked":["hexamod:EtherealExpedition","hexamod:SwordOfDarkness","hexamod:Hexaguard"],"picked":"SKIP","floor":32.0},{"not_picked":["hexamod:SearingWound","hexamod:GhostflameInferno"],"picked":"hexamod:FifthSeal","floor":33.0},{"not_picked":["hexamod:GhostflameBarrier","hexamod:BacktrackSmack"],"picked":"hexamod:BurningTouch","floor":36.0},{"not_picked":["hexamod:HauntingEcho+1","hexamod:ChargedBarrage"],"picked":"hexamod:NightmareStrike+1","floor":36.0},{"not_picked":["hexamod:GhostShield+1","hexamod:NightmareGuise+1"],"picked":"hexamod:UnleashSpirits","floor":37.0},{"not_picked":["hexamod:GhostOfSpirePast+1","hexamod:NightmareGuise"],"picked":"hexamod:EmpoweredFlame+1","floor":37.0},{"not_picked":["hexamod:ChargedBarrage","hexamod:StepThrough"],"picked":"hexamod:FourthSeal","floor":38.0},{"not_picked":["hexamod:InspiringFlames","hexamod:BacktrackSmack+1"],"picked":"hexamod:DynamicBlow+1","floor":39.0},{"not_picked":["hexamod:BacktrackSmack","hexamod:ThirdSeal","hexamod:GhostLash"],"picked":"SKIP","floor":39.0},{"not_picked":["hexamod:FirstSeal","hexamod:SecondSeal"],"picked":"hexamod:ThirdSeal","floor":42.0},{"not_picked":["hexamod:BacktrackSmack+1","hexamod:HauntingEcho"],"picked":"hexamod:EmpoweredFlame+1","floor":42.0},{"not_picked":["hexamod:BacktrackSmack","hexamod:Rewind","hexamod:SpectersWail"],"picked":"SKIP","floor":42.0},{"not_picked":["hexamod:ThermalTransfer+1","hexamod:Firestarter+1"],"picked":"hexamod:Hexaguard+1","floor":44.0},{"not_picked":["hexamod:HeatShield+1","hexamod:SwordOfDarkness+1"],"picked":"hexamod:TurnItUp","floor":44.0},{"not_picked":["expansioncontent:PolyBeam","expansioncontent:HyperBeam"],"picked":"expansioncontent:Chronoboost","floor":45.0},{"not_picked":["expansioncontent:PolyBeam","expansioncontent:DecaShield"],"picked":"expansioncontent:AwakenDeath","floor":45.0},{"not_picked":["expansioncontent:PolyBeam","expansioncontent:HyperBeam"],"picked":"expansioncontent:InvincibleStrength","floor":45.0},{"not_picked":["hexamod:FirstSeal","hexamod:ThirdSeal"],"picked":"hexamod:SixthSeal","floor":46.0},{"not_picked":["hexamod:SpectersWail","hexamod:SwordOfDarkness"],"picked":"hexamod:BurningTouch+1","floor":46.0},{"not_picked":["hexamod:SpectersWail","hexamod:ThermalTransfer+1"],"picked":"hexamod:PhantomFireball","floor":49.0},{"not_picked":["hexamod:RecurringNightmare+1","hexamod:ChargedBarrage"],"picked":"hexamod:FastForward+1","floor":49.0}],"player_experience":114613,"relics_obtained":[{"floor":6.0,"key":"HollowMod:QueensCombRelic"},{"floor":7.0,"key":"Mummified Hand"},{"floor":12.0,"key":"Odd Mushroom"},{"floor":14.0,"key":"Boot"},{"floor":27.0,"key":"Prayer Wheel"},{"floor":40.0,"key":"StoneCalendar"},{"floor":44.0,"key":"Girya"}],"event_choices":[{"damage_healed":0.0,"max_hp_gain":0.0,"max_hp_loss":0.0,"gold_gain":0.0,"event_name":"Mushrooms","player_choice":"Fought Mushrooms","floor":12.0,"gold_loss":0.0,"damage_taken":0.0},{"damage_healed":0.0,"max_hp_gain":0.0,"max_hp_loss":0.0,"gold_gain":0.0,"event_name":"Vampires","player_choice":"Ignored","floor":22.0,"gold_loss":0.0,"damage_taken":0.0}],"is_beta":false,"boss_relics":[{"not_picked":["Tiny House","SacredBark"],"picked":"Runic Dome"},{"not_picked":["Snecko Eye","Sozu"],"picked":"Cursed Key"}],"items_purged_floors":[],"is_endless":false,"potions_floor_spawned":[2,5,8,11,14,20,27,29,32,37,39,49],"ascension_level":0}}