{"host":"p4v0hquynnreu717","time":1611926187,"event":{"mods":["BaseMod","Better Vampires","DeckTracker","Googly Eyes","Minty Spire (QoL Compilation)","Quick Restart","StSLib","SuperFastMode"],"gold_per_floor":[119,49,49,22,41,68,68,68,95,113,113,113,131,163,163,237,237,254,268,293,293,313,313,328,328,328,328,328,328,177,195,195,271,271,284,53,53,70,90,119,119,144,144,194,273,273,288,351,351,381,381,381,246,275,275],"floor_reached":56,"language":"ZHS","playtime":1997,"items_purged":["Strike_P","Strike_P","PathToVictory+1"],"score":2087,"play_id":"8053c4d8-df0f-47a0-ab59-0b530d0aff62","local_time":"20210129211627","is_ascension_mode":true,"campfire_choices":[{"data":"Eruption","floor":8.0,"key":"SMITH"},{"data":"Worship","floor":11.0,"key":"SMITH"},{"data":"Vigilance","floor":15.0,"key":"SMITH"},{"data":"Omniscience","floor":23.0,"key":"SMITH"},{"data":"Crescendo","floor":25.0,"key":"SMITH"},{"data":"ClearTheMind","floor":27.0,"key":"SMITH"},{"data":"Tantrum","floor":32.0,"key":"SMITH"},{"data":"Ragnarok","floor":41.0,"key":"SMITH"},{"data":"Wish","floor":46.0,"key":"SMITH"},{"floor":49.0,"key":"RECALL"},{"data":"TalkToTheHand","floor":52.0,"key":"SMITH"}],"circlet_count":0,"master_deck":["AscendersBane","Strike_P","Defend_P+1","Eruption+1","Vigilance+1","Worship+1","Adaptation","ClearTheMind+1","FearNoEvil","Crescendo+1","FlurryOfBlows","Omniscience+1","MentalFortress+1","Fasting2+1","Ghostly","Ghostly+1","Ghostly","Tantrum+1","Adaptation+1","Ragnarok+1","Worship+1","Adaptation+1","TalkToTheHand+1","Prostrate","Wish+1"],"relics":["PureWater","NeowsBlessing","Bag of Preparation","Art of War","Vajra","Frozen Egg 2","Coffee Dripper","Red Mask","Pantograph","Astrolabe","Membership Card","Bird Faced Urn","Happy Flower","Kunai","Gambling Chip","Toy Ornithopter","Ornamental Fan","Oddly Smooth Stone","War Paint"],"acts_visited":["Exordium","TheCity","TheBeyond","TheEnding"],"potions_floor_usage":[55],"damage_taken":[{"damage":0.0,"enemies":"Small Slimes","floor":1.0,"turns":1.0},{"damage":0.0,"enemies":"Cultist","floor":5.0,"turns":1.0},{"damage":0.0,"enemies":"Lagavulin","floor":6.0,"turns":1.0},{"damage":1.0,"enemies":"2 Louse","floor":10.0,"turns":2.0},{"damage":18.0,"enemies":"Looter","floor":13.0,"turns":4.0},{"damage":12.0,"enemies":"Gremlin Nob","floor":14.0,"turns":3.0},{"damage":7.0,"enemies":"Hexaghost","floor":16.0,"turns":5.0},{"damage":3.0,"enemies":"3 Byrds","floor":18.0,"turns":4.0},{"damage":0.0,"enemies":"Spheric Guardian","floor":19.0,"turns":2.0},{"damage":21.0,"enemies":"Masked Bandits","floor":20.0,"turns":5.0},{"damage":0.0,"enemies":"3 Cultists","floor":22.0,"turns":3.0},{"damage":0.0,"enemies":"Centurion and Healer","floor":24.0,"turns":5.0},{"damage":2.0,"enemies":"Chosen and Byrds","floor":31.0,"turns":6.0},{"damage":2.0,"enemies":"Automaton","floor":33.0,"turns":5.0},{"damage":1.0,"enemies":"3 Shapes","floor":35.0,"turns":11.0},{"damage":1.0,"enemies":"3 Darklings","floor":38.0,"turns":2.0},{"damage":2.0,"enemies":"4 Shapes","floor":39.0,"turns":3.0},{"damage":1.0,"enemies":"Nemesis","floor":40.0,"turns":5.0},{"damage":0.0,"enemies":"Giant Head","floor":42.0,"turns":4.0},{"damage":0.0,"enemies":"Mind Bloom Boss Battle","floor":44.0,"turns":4.0},{"damage":3.0,"enemies":"Nemesis","floor":45.0,"turns":3.0},{"damage":1.0,"enemies":"Sphere and 2 Shapes","floor":47.0,"turns":3.0},{"damage":0.0,"enemies":"Reptomancer","floor":48.0,"turns":5.0},{"damage":3.0,"enemies":"Time Eater","floor":50.0,"turns":7.0},{"damage":7.0,"enemies":"Shield and Spear","floor":54.0,"turns":3.0},{"damage":18,"enemies":"The Heart","floor":55,"turns":7}],"seed_played":"-4000502112151641752","potions_obtained":[{"floor":5.0,"key":"Weak Potion"},{"floor":13.0,"key":"CultistPotion"},{"floor":14.0,"key":"Ambrosia"},{"floor":20.0,"key":"FearPotion"},{"floor":24.0,"key":"BottledMiracle"}],"is_trial":false,"path_per_floor":["M","$","?","$","M","E","?","R","T","M","R","?","M","E","R","B",null,"M","M","?","?","M","R","M","R","T","R","?","T","$","M","R","B",null,"M","$","?","M","M","E","R","E","T","?","E","R","M","E","R","B",null,"R","$","E","B",null],"character_chosen":"WATCHER","items_purchased":["Adaptation","ClearTheMind","Tantrum","Membership Card","TalkToTheHand","Oddly Smooth Stone"],"campfire_rested":0,"item_purchase_floors":[2,4,30,36,36,53],"current_hp_per_floor":[61,61,56,56,56,56,56,56,56,55,55,55,37,25,25,18,56,53,53,32,32,32,32,32,32,32,32,32,32,32,30,30,32,34,33,33,32,31,29,28,28,32,32,32,31,31,31,32,32,32,32,32,32,29,22],"gold":275,"neow_bonus":"THREE_ENEMY_KILL","is_daily":false,"chose_seed":false,"campfire_upgraded":10,"win_rate":0.0,"timestamp":1611926187,"path_taken":["M","$","?","$","M","E","?","R","T","?","R","?","M","E","R","BOSS","M","M","?","?","M","R","M","R","T","R","?","?","$","M","R","BOSS","M","$","?","M","M","E","R","E","T","?","E","R","M","E","R","BOSS","R","$","E","BOSS"],"items_purchased_type":["Card","Card","Card","Relic","Card","Relic"],"build_version":"2020-12-22","purchased_purges":3,"victory":true,"max_hp_per_floor":[68,68,68,68,68,68,68,68,68,68,68,68,68,68,68,68,68,68,68,68,68,68,68,68,68,68,68,34,34,34,34,34,34,34,34,34,32,32,32,32,32,32,32,32,32,32,32,32,32,32,32,32,32,32,32],"card_choices":[{"not_picked":["CutThroughFate","Evaluate"],"picked":"Worship","floor":1.0},{"not_picked":["FlyingSleeves","ClearTheMind","Consecrate"],"picked":"SKIP","floor":5.0},{"not_picked":["Prostrate","CutThroughFate"],"picked":"FearNoEvil","floor":6.0},{"not_picked":["SignatureMove","ThirdEye","Pray"],"picked":"SKIP","floor":10.0},{"not_picked":["JustLucky","EmptyBody"],"picked":"Crescendo","floor":13.0},{"not_picked":["Crescendo","Evaluate"],"picked":"FlurryOfBlows","floor":14.0},{"not_picked":["Wish","DevaForm+1"],"picked":"Omniscience","floor":16.0},{"not_picked":["SashWhip","Consecrate"],"picked":"MentalFortress+1","floor":18.0},{"not_picked":["Protect","WreathOfFlame","Crescendo"],"picked":"SKIP","floor":19.0},{"not_picked":["FlurryOfBlows","FollowUp","EmptyBody"],"picked":"SKIP","floor":22.0},{"not_picked":["ReachHeaven","Evaluate","ClearTheMind"],"picked":"SKIP","floor":24.0},{"not_picked":["Evaluate","FearNoEvil"],"picked":"Adaptation+1","floor":31.0},{"not_picked":["Omniscience","Blasphemy"],"picked":"Ragnarok","floor":33.0},{"not_picked":["CrushJoints","BowlingBash","Halt"],"picked":"SKIP","floor":35.0},{"not_picked":["EmptyFist","ThirdEye+1"],"picked":"Prostrate","floor":38.0},{"not_picked":["ForeignInfluence","FlurryOfBlows","CarveReality"],"picked":"SKIP","floor":39.0},{"not_picked":["ForeignInfluence","FlurryOfBlows","CarveReality"],"picked":"SKIP","floor":39.0},{"not_picked":["EmptyBody","BowlingBash","CrushJoints"],"picked":"SKIP","floor":40.0},{"not_picked":["Consecrate","Crescendo"],"picked":"Wish","floor":42.0},{"not_picked":["Pray","ClearTheMind","Conclude+1"],"picked":"SKIP","floor":45.0},{"not_picked":["Brilliance","Weave","ReachHeaven"],"picked":"SKIP","floor":47.0},{"not_picked":["FollowUp","ThirdEye","Study+1"],"picked":"SKIP","floor":48.0},{"not_picked":["Evaluate+1","EmptyFist","ReachHeaven"],"picked":"SKIP","floor":54.0}],"player_experience":791596,"relics_obtained":[{"floor":6.0,"key":"Art of War"},{"floor":9.0,"key":"Vajra"},{"floor":14.0,"key":"Frozen Egg 2"},{"floor":20.0,"key":"Red Mask"},{"floor":26.0,"key":"Pantograph"},{"floor":40.0,"key":"Bird Faced Urn"},{"floor":42.0,"key":"Happy Flower"},{"floor":43.0,"key":"Kunai"},{"floor":44.0,"key":"Gambling Chip"},{"floor":45.0,"key":"Toy Ornithopter"},{"floor":48.0,"key":"Ornamental Fan"},{"floor":54.0,"key":"War Paint"}],"event_choices":[{"damage_healed":0.0,"max_hp_gain":0.0,"max_hp_loss":0.0,"gold_gain":0.0,"event_name":"Scrap Ooze","player_choice":"Success","floor":3.0,"gold_loss":0.0,"damage_taken":5.0,"relics_obtained":["Bag of Preparation"]},{"damage_healed":0.0,"max_hp_gain":0.0,"max_hp_loss":0.0,"gold_gain":0.0,"cards_transformed":["Defend_P"],"event_name":"Transmorgrifier","player_choice":"Transformed","floor":7.0,"gold_loss":0.0,"damage_taken":0.0,"cards_obtained":["Vengeance"]},{"cards_removed":["Vengeance"],"damage_healed":0.0,"max_hp_gain":0.0,"max_hp_loss":0.0,"gold_gain":0.0,"event_name":"Purifier","player_choice":"Purged","floor":12.0,"gold_loss":0.0,"damage_taken":0.0},{"damage_healed":0.0,"max_hp_gain":0.0,"max_hp_loss":0.0,"gold_gain":0.0,"event_name":"Masked Bandits","player_choice":"Fought Bandits","floor":20.0,"gold_loss":0.0,"damage_taken":0.0},{"damage_healed":0.0,"max_hp_gain":0.0,"max_hp_loss":0.0,"gold_gain":0.0,"event_name":"The Library","player_choice":"Read","floor":21.0,"gold_loss":0.0,"damage_taken":0.0,"cards_obtained":["Fasting2"]},{"damage_healed":0.0,"max_hp_gain":0.0,"max_hp_loss":34.0,"gold_gain":0.0,"event_name":"Ghosts","player_choice":"Became a Ghost","floor":28.0,"gold_loss":0.0,"damage_taken":0.0,"cards_obtained":["Ghostly","Ghostly","Ghostly"]},{"damage_healed":0.0,"max_hp_gain":0.0,"max_hp_loss":2.0,"gold_gain":0.0,"event_name":"Winding Halls","player_choice":"Max HP","floor":37.0,"gold_loss":0.0,"damage_taken":0.0},{"damage_healed":0.0,"max_hp_gain":0.0,"max_hp_loss":0.0,"gold_gain":0.0,"event_name":"MindBloom","player_choice":"Fight","floor":44.0,"gold_loss":0.0,"damage_taken":0.0}],"is_beta":false,"boss_relics":[{"not_picked":["Velvet Choker","Busted Crown"],"picked":"Coffee Dripper"},{"not_picked":["Black Star","Empty Cage"],"picked":"Astrolabe"}],"items_purged_floors":[30,36,53],"is_endless":false,"potions_floor_spawned":[5,13,14,20,24,33,35,39,40],"ascension_level":15}}