{"host":"nwd160me4iqdtr8u","time":1611938093,"event":{"mods":["AchievementEnabler","Act Like it!","BaseMod","Colored Map","DeckTracker","Keyboard Shortcuts","Minty Spire (QoL Compilation)","Quick Restart","Rare Cards Sparkle","StSLib","SuperFastMode","everything is the same but u backflip on backflip"],"gold_per_floor":[111,111,36,51,64,91,91,126,126,143,143,143,156,171,171,243,243,261,280,311,311,311,343,343,353,353,353,353,21,21,37,37,112,162,182,26,76,91,109,109,139,139,139,150,150,4,4,20,20,20,20],"floor_reached":50,"language":"KOR","playtime":2165,"items_purged":["Strike_G","Defend_G"],"score":944,"play_id":"83479b7f-5638-46e3-a1ba-32fa961c093f","local_time":"20210130013453","is_ascension_mode":true,"campfire_choices":[{"floor":11.0,"key":"REST"},{"data":"Venomology","floor":15.0,"key":"SMITH"},{"floor":24.0,"key":"REST"},{"floor":27.0,"key":"REST"},{"data":"Wraith Form v2","floor":30.0,"key":"SMITH"},{"floor":32.0,"key":"REST"},{"data":"Footwork","floor":40.0,"key":"SMITH"},{"data":"Bouncing Flask","floor":45.0,"key":"SMITH"},{"data":"Wraith Form v2","floor":47.0,"key":"SMITH"},{"data":"Sucker Punch","floor":49.0,"key":"SMITH"}],"circlet_count":0,"master_deck":["AscendersBane","Strike_G","Defend_G+1","Defend_G","Defend_G+1","Defend_G","Survivor","Neutralize+1","Sucker Punch+1","Bouncing Flask+1","Deflect","Venomology+1","Backflip+1","Crippling Poison+1","Calculated Gamble+1","Poisoned Stab","Wraith Form v2+1","All Out Attack","Flechettes+1","Terror+1","PiercingWail+1","Crippling Poison+1","Underhanded Strike","Panacea+1","Burst+1","Acrobatics+1","Footwork+1","Leg Sweep+1","Wraith Form v2+1","Calculated Gamble+1","Catalyst+1"],"relics":["Ring of the Snake","Toxic Egg 2","Omamori","Letter Opener","Thread and Needle","Philosopher\u0027s Stone","Red Mask","Matryoshka","War Paint","Potion Belt","Sundial","Art of War","Tiny House","Pen Nib","Ice Cream","Centennial Puzzle","Ginger"],"acts_visited":["Exordium","TheCity","TheBeyond"],"potions_floor_usage":[50,50],"damage_taken":[{"damage":5.0,"enemies":"Small Slimes","floor":1.0,"turns":5.0},{"damage":3.0,"enemies":"Cultist","floor":4.0,"turns":5.0},{"damage":0.0,"enemies":"2 Louse","floor":5.0,"turns":3.0},{"damage":58.0,"enemies":"Gremlin Nob","floor":6.0,"turns":6.0},{"damage":3.0,"enemies":"Lagavulin","floor":8.0,"turns":6.0},{"damage":0.0,"enemies":"Blue Slaver","floor":10.0,"turns":4.0},{"damage":5.0,"enemies":"Exordium Thugs","floor":13.0,"turns":3.0},{"damage":0.0,"enemies":"Looter","floor":14.0,"turns":3.0},{"damage":3.0,"enemies":"The Guardian","floor":16.0,"turns":8.0},{"damage":18.0,"enemies":"3 Byrds","floor":18.0,"turns":4.0},{"damage":0.0,"enemies":"Shell Parasite","floor":19.0,"turns":4.0},{"damage":0.0,"enemies":"Masked Bandits","floor":20.0,"turns":5.0},{"damage":31.0,"enemies":"Slavers","floor":23.0,"turns":7.0},{"damage":4.0,"enemies":"Centurion and Healer","floor":25.0,"turns":8.0},{"damage":0.0,"enemies":"Cultist and Chosen","floor":31.0,"turns":6.0},{"damage":31.0,"enemies":"Automaton","floor":33.0,"turns":11.0},{"damage":2.0,"enemies":"Orb Walker","floor":35.0,"turns":4.0},{"damage":2.0,"enemies":"3 Shapes","floor":38.0,"turns":2.0},{"damage":0.0,"enemies":"Spire Growth","floor":39.0,"turns":5.0},{"damage":0.0,"enemies":"Reptomancer","floor":41.0,"turns":7.0},{"damage":3.0,"enemies":"Transient","floor":44.0,"turns":5.0},{"damage":0.0,"enemies":"Maw","floor":48.0,"turns":7.0},{"damage":59,"enemies":"Time Eater","floor":50,"turns":13}],"seed_played":"-4336244341428261106","potions_obtained":[{"floor":1.0,"key":"PowerPotion"},{"floor":6.0,"key":"LiquidMemories"},{"floor":8.0,"key":"Ancient Potion"},{"floor":13.0,"key":"Block Potion"},{"floor":18.0,"key":"Poison Potion"},{"floor":23.0,"key":"Strength Potion"},{"floor":25.0,"key":"BlessingOfTheForge"},{"floor":31.0,"key":"SpeedPotion"},{"floor":34.0,"key":"LiquidMemories"},{"floor":35.0,"key":"SkillPotion"},{"floor":38.0,"key":"Swift Potion"}],"is_trial":false,"path_per_floor":["M","?","$","M","M","E","?","E","T","M","R","T","M","M","R","B",null,"M","M","?","?","T","E","R","M","T","R","?","$","R","M","R","B",null,"M","$","?","M","M","R","E","?","T","M","R","$","R","M","R","B"],"character_chosen":"THE_SILENT","items_purchased":["Panacea+1","Art of War","Pen Nib","Wraith Form v2","Calculated Gamble+1"],"campfire_rested":4,"item_purchase_floors":[29,29,36,46,46],"current_hp_per_floor":[54,66,66,63,63,5,5,2,2,2,21,21,16,16,16,13,53,35,35,35,35,35,4,23,19,19,38,38,38,38,38,57,26,61,59,59,59,57,57,57,57,57,57,54,54,54,54,54,54,0,0],"gold":20,"neow_bonus":"TRANSFORM_CARD","is_daily":false,"chose_seed":false,"campfire_upgraded":6,"win_rate":0.0,"timestamp":1611938093,"path_taken":["M","?","$","?","M","E","?","E","T","M","R","?","?","M","R","BOSS","M","M","?","?","?","E","R","?","T","R","?","$","R","M","R","BOSS","M","$","?","?","M","R","E","?","T","?","R","?","R","M","R","BOSS"],"items_purchased_type":["Card","Relic","Relic","Card","Card"],"build_version":"2020-12-22","purchased_purges":2,"victory":false,"max_hp_per_floor":[66,66,66,66,66,66,66,66,66,66,66,66,66,66,66,66,66,66,66,66,66,66,66,66,66,66,66,66,66,66,66,66,66,71,71,71,71,71,71,71,71,71,71,71,71,71,71,71,71,71,71],"card_choices":[{"not_picked":["Terror","Deadly Poison"],"picked":"Bouncing Flask","floor":1.0},{"not_picked":["Flying Knee","Dodge and Roll"],"picked":"Deflect","floor":4.0},{"not_picked":["Outmaneuver","Slice"],"picked":"Venomology","floor":5.0},{"not_picked":["Bouncing Flask+1","Outmaneuver+1"],"picked":"Backflip+1","floor":6.0},{"not_picked":["Finisher","Endless Agony"],"picked":"Crippling Poison+1","floor":8.0},{"not_picked":["Dagger Spray","Masterful Stab"],"picked":"Calculated Gamble+1","floor":10.0},{"not_picked":["Cloak And Dagger+1","Dodge and Roll+1","Heel Hook"],"picked":"SKIP","floor":13.0},{"not_picked":["Distraction+1","Deflect+1"],"picked":"Poisoned Stab","floor":14.0},{"not_picked":["Bullet Time+1","Grand Finale"],"picked":"Wraith Form v2","floor":16.0},{"not_picked":["Slice","Infinite Blades"],"picked":"All Out Attack","floor":18.0},{"not_picked":["Distraction+1","Outmaneuver+1","Flying Knee"],"picked":"SKIP","floor":19.0},{"not_picked":["Concentrate+1","Caltrops"],"picked":"Flechettes+1","floor":20.0},{"not_picked":["Endless Agony","Blade Dance+1"],"picked":"Terror+1","floor":23.0},{"not_picked":["Bane","Expertise+1"],"picked":"PiercingWail+1","floor":25.0},{"not_picked":["Deflect+1","Predator","Bullet Time+1"],"picked":"SKIP","floor":31.0},{"not_picked":["Die Die Die","Glass Knife"],"picked":"Burst+1","floor":33.0},{"not_picked":["PiercingWail+1","Concentrate+1"],"picked":"Acrobatics+1","floor":34.0},{"not_picked":["Deflect+1","All Out Attack"],"picked":"Footwork","floor":35.0},{"not_picked":["Dagger Throw+1","Cloak And Dagger+1","Poisoned Stab"],"picked":"SKIP","floor":38.0},{"not_picked":["Poisoned Stab","Flying Knee","Backstab"],"picked":"SKIP","floor":39.0},{"not_picked":["Underhanded Strike","Endless Agony+1"],"picked":"Leg Sweep+1","floor":41.0},{"not_picked":["Dagger Throw","Outmaneuver+1","Deflect+1"],"picked":"SKIP","floor":44.0},{"not_picked":["Dagger Spray+1","Outmaneuver+1"],"picked":"Catalyst+1","floor":48.0}],"player_experience":317521,"relics_obtained":[{"floor":6.0,"key":"Toxic Egg 2"},{"floor":8.0,"key":"Omamori"},{"floor":9.0,"key":"Letter Opener"},{"floor":12.0,"key":"Thread and Needle"},{"floor":20.0,"key":"Red Mask"},{"floor":22.0,"key":"Matryoshka"},{"floor":23.0,"key":"War Paint"},{"floor":26.0,"key":"Potion Belt"},{"floor":26.0,"key":"Sundial"},{"floor":41.0,"key":"Ice Cream"},{"floor":43.0,"key":"Centennial Puzzle"},{"floor":43.0,"key":"Ginger"}],"event_choices":[{"damage_healed":12.0,"max_hp_gain":0.0,"max_hp_loss":0.0,"gold_gain":0.0,"event_name":"Wheel of Change","player_choice":"Full Heal","floor":2.0,"gold_loss":0.0,"damage_taken":0.0},{"damage_healed":0.0,"max_hp_gain":0.0,"max_hp_loss":0.0,"gold_gain":0.0,"event_name":"Shining Light","player_choice":"Ignored","floor":7.0,"gold_loss":0.0,"damage_taken":0.0},{"damage_healed":0.0,"max_hp_gain":0.0,"max_hp_loss":0.0,"gold_gain":0.0,"event_name":"Masked Bandits","player_choice":"Fought Bandits","floor":20.0,"gold_loss":0.0,"damage_taken":0.0},{"damage_healed":0.0,"max_hp_gain":0.0,"max_hp_loss":0.0,"gold_gain":0.0,"event_name":"Vampires","player_choice":"Ignored","floor":21.0,"gold_loss":0.0,"damage_taken":0.0},{"damage_healed":0.0,"max_hp_gain":0.0,"max_hp_loss":0.0,"gold_gain":0.0,"cards_transformed":["Strike_G","Strike_G"],"event_name":"Drug Dealer","player_choice":"Became Test Subject","floor":28.0,"gold_loss":0.0,"damage_taken":0.0,"cards_obtained":["Crippling Poison","Underhanded Strike"]},{"damage_healed":0.0,"max_hp_gain":0.0,"max_hp_loss":0.0,"gold_gain":50.0,"event_name":"Golden Shrine","player_choice":"Pray","floor":37.0,"gold_loss":0.0,"damage_taken":0.0},{"damage_healed":0.0,"max_hp_gain":0.0,"max_hp_loss":0.0,"gold_gain":0.0,"event_name":"Match and Keep!","player_choice":"0 cards matched","floor":42.0,"gold_loss":0.0,"damage_taken":0.0,"cards_obtained":[]}],"is_beta":false,"boss_relics":[{"not_picked":["Coffee Dripper","Velvet Choker"],"picked":"Philosopher\u0027s Stone"},{"not_picked":["Cursed Key","WristBlade"],"picked":"Tiny House"}],"items_purged_floors":[3,29],"is_endless":false,"potions_floor_spawned":[1,6,8,13,18,23,25,31,35,38],"killed_by":"Time Eater","ascension_level":15}}