{"host":"na09lpbrez4gbfiz","time":1611908664,"event":{"mods":["Act Like it!","BaseMod","BetterRewards","Colored Map","Colored Powertips","DeckTracker","Googly Eyes","Highlight Path","Minty Spire (QoL Compilation)","Quick Restart","Spicy Shops","StSLib","SuperFastMode","Synergy Search"],"gold_per_floor":[117,129,54,54,129,129,157,157,157,175,202,202,202,217,217,313,313,326,3,3,3,16,16,51,51,103,103,103,103],"floor_reached":28,"language":"ENG","playtime":572,"items_purged":["Strike_B","Regret"],"score":320,"play_id":"b171c5d6-dc8f-4b3a-8297-224f8296bb8e","local_time":"20210129092424","is_ascension_mode":true,"campfire_choices":[{"data":"Streamline","floor":6,"key":"SMITH"},{"data":"Zap","floor":8,"key":"SMITH"},{"data":"Gash","floor":13,"key":"SMITH"},{"floor":15,"key":"REST"},{"floor":23,"key":"REST"},{"floor":25,"key":"REST"},{"data":"Echo Form","floor":27,"key":"SMITH"}],"circlet_count":0,"master_deck":["Strike_B+1","Strike_B+1","Defend_B","Defend_B","Defend_B","Defend_B","Zap+1","Dualcast","Streamline+1","Gash+1","Scrape","Echo Form+1","Gash","Scrape"],"relics":["Cracked Core","NeowsBlessing","PreservedInsect","Kunai","Turnip","The Courier","SacredBark","Whetstone","Orichalcum","Omamori"],"acts_visited":["Exordium","TheCity"],"potions_floor_usage":[14,14,16],"damage_taken":[{"damage":0,"enemies":"Cultist","floor":1,"turns":1},{"damage":0,"enemies":"Small Slimes","floor":2,"turns":1},{"damage":0,"enemies":"Lagavulin","floor":7,"turns":1},{"damage":7,"enemies":"2 Louse","floor":10,"turns":3},{"damage":16,"enemies":"Gremlin Nob","floor":11,"turns":3},{"damage":15,"enemies":"Exordium Thugs","floor":14,"turns":4},{"damage":45,"enemies":"Hexaghost","floor":16,"turns":9},{"damage":21,"enemies":"Spheric Guardian","floor":18,"turns":5},{"damage":44,"enemies":"2 Thieves","floor":22,"turns":4},{"damage":60,"enemies":"Book of Stabbing","floor":24,"turns":5},{"damage":44,"enemies":"Shelled Parasite and Fungi","floor":28,"turns":5}],"seed_played":"904659291803427416","potions_obtained":[{"floor":10,"key":"BlessingOfTheForge"},{"floor":11,"key":"AttackPotion"},{"floor":12,"key":"EssenceOfDarkness"},{"floor":14,"key":"FairyPotion"}],"is_trial":false,"path_per_floor":["M","M","$","?","?","R","E","R","T","M","E","?","R","M","R","B",null,"M","$","?","?","M","R","E","R","T","R","M"],"character_chosen":"DEFECT","items_purchased":["Echo Form","Whetstone"],"campfire_rested":3,"item_purchase_floors":[19,19],"current_hp_per_floor":[75,75,75,75,64,64,64,64,64,57,41,41,41,26,48,3,75,54,54,54,54,10,32,20,42,42,42,0,0],"gold":103,"neow_bonus":"THREE_ENEMY_KILL","is_daily":false,"chose_seed":false,"campfire_upgraded":4,"win_rate":0.0,"timestamp":1611908664,"path_taken":["M","M","$","?","?","R","E","R","T","M","E","?","R","?","R","BOSS","M","$","?","?","?","R","E","R","T","R","?"],"items_purchased_type":["Card","Relic"],"build_version":"2020-12-22","purchased_purges":2,"victory":false,"max_hp_per_floor":[75,75,75,75,75,75,75,75,75,75,75,75,75,75,75,75,75,75,75,75,75,75,75,75,75,75,75,75,75],"card_choices":[{"not_picked":["Steam","Redo","Compile Driver"],"picked":"SKIP","floor":1},{"not_picked":["Redo","Cold Snap"],"picked":"Streamline","floor":2},{"not_picked":["Beam Cell","Redo","Chaos"],"picked":"SKIP","floor":7},{"not_picked":["Beam Cell","Compile Driver"],"picked":"Gash","floor":10},{"not_picked":["Ball Lightning","Go for the Eyes","Cold Snap"],"picked":"SKIP","floor":11},{"not_picked":["Ball Lightning","Lockon","Heatsinks"],"picked":"SKIP","floor":14},{"not_picked":["Rebound","Loop"],"picked":"Scrape","floor":18},{"not_picked":["Lockon+1","Genetic Algorithm"],"picked":"Gash","floor":22},{"not_picked":["Sweeping Beam","Chaos"],"picked":"Scrape","floor":24}],"player_experience":203213,"relics_obtained":[{"floor":7,"key":"Kunai"},{"floor":9,"key":"Turnip"},{"floor":11,"key":"The Courier"},{"floor":24,"key":"Orichalcum"},{"floor":26,"key":"Omamori"}],"event_choices":[{"damage_healed":0,"gold_gain":0,"player_choice":"Box","damage_taken":0,"relics_obtained":["PreservedInsect"],"max_hp_gain":0,"max_hp_loss":0,"event_name":"Big Fish","floor":4,"gold_loss":0,"cards_obtained":["Regret"]},{"damage_healed":0,"gold_gain":75,"player_choice":"Gather Gold","damage_taken":11,"max_hp_gain":0,"max_hp_loss":0,"event_name":"World of Goop","floor":5,"gold_loss":0},{"damage_healed":0,"gold_gain":0,"player_choice":"Got Potions","damage_taken":0,"max_hp_gain":0,"max_hp_loss":0,"event_name":"Lab","floor":12,"gold_loss":0},{"damage_healed":0,"gold_gain":0,"player_choice":"Ignored","damage_taken":0,"max_hp_gain":0,"max_hp_loss":0,"event_name":"Cursed Tome","floor":20,"gold_loss":0},{"cards_removed":["Strike_B"],"damage_healed":0,"gold_gain":0,"player_choice":"Offered Basic","damage_taken":0,"max_hp_gain":0,"max_hp_loss":0,"event_name":"Bonfire Elementals","floor":21,"gold_loss":0}],"is_beta":false,"boss_relics":[{"not_picked":["Cursed Key","Philosopher\u0027s Stone"],"picked":"SacredBark"}],"items_purged_floors":[3,19],"is_endless":false,"potions_floor_spawned":[10,11,14],"killed_by":"Shelled Parasite and Fungi","ascension_level":4}}