{"host":"kda2p2afd6bvz6qo","time":1611881102,"event":{"mods":["BaseMod","Colored Map","Minty Spire (QoL Compilation)","Relic Stats"],"gold_per_floor":[117,141,157,1,20,20,46,46,98,127,127,142,156,156,156,233,233,243,4,15,30,30,30,63,63,63,63,76,102,26,51,51,128,128,148,148,14,24,41,41,41],"floor_reached":40,"language":"ENG","playtime":1784,"items_purged":["Strike_G"],"score":908,"play_id":"ba994d6e-a592-47ff-a0c1-ffdf9fc69b2a","local_time":"20210129004502","is_ascension_mode":true,"campfire_choices":[{"data":"Dagger Spray","floor":6.0,"key":"SMITH"},{"data":"Skewer","floor":8.0,"key":"SMITH"},{"data":"Distraction","floor":11.0,"key":"SMITH"},{"data":"Footwork","floor":15.0,"key":"SMITH"},{"floor":23.0,"key":"REST"},{"floor":25.0,"key":"REST"},{"data":"Crippling Poison","floor":27.0,"key":"SMITH"},{"floor":32.0,"key":"REST"}],"circlet_count":0,"master_deck":["AscendersBane","Strike_G+1","Strike_G+1","Strike_G+1","Strike_G+1","Defend_G+1","Defend_G+1","Defend_G+1","Defend_G+1","Defend_G+1","Survivor","Neutralize","Backstab","Dagger Spray+1","Skewer+1","Distraction+1","Unload","Footwork+1","CurseOfTheBell","Caltrops+1","Wraith Form v2+1","Terror","Crippling Poison+1","Corpse Explosion","Well Laid Plans+1","After Image+1","Malaise","Night Terror","Phantasmal Killer","Noxious Fumes+1","Acrobatics","Setup+1","PiercingWail+1"],"relics":["Runic Dome","Snake Skull","Pantograph","Art of War","Strawberry","Bottled Flame","Calling Bell","Pen Nib","Frozen Egg 2","WingedGreaves","Shuriken","Ornamental Fan","Regal Pillow","Bag of Marbles","Velvet Choker"],"acts_visited":["Exordium","TheCity","TheBeyond"],"potions_floor_usage":[],"damage_taken":[{"damage":1.0,"enemies":"Cultist","floor":1.0,"turns":4.0},{"damage":2.0,"enemies":"Small Slimes","floor":3.0,"turns":4.0},{"damage":3.0,"enemies":"2 Louse","floor":5.0,"turns":2.0},{"damage":8.0,"enemies":"Gremlin Nob","floor":7.0,"turns":3.0},{"damage":15.0,"enemies":"3 Sentries","floor":10.0,"turns":8.0},{"damage":0.0,"enemies":"Looter","floor":12.0,"turns":1.0},{"damage":0.0,"enemies":"Exordium Wildlife","floor":13.0,"turns":2.0},{"damage":30.0,"enemies":"Slime Boss","floor":16.0,"turns":8.0},{"damage":37.0,"enemies":"Shell Parasite","floor":18.0,"turns":5.0},{"damage":0.0,"enemies":"Spheric Guardian","floor":20.0,"turns":1.0},{"damage":15.0,"enemies":"Centurion and Healer","floor":21.0,"turns":9.0},{"damage":12.0,"enemies":"Gremlin Leader","floor":24.0,"turns":6.0},{"damage":0.0,"enemies":"Chosen and Byrds","floor":28.0,"turns":3.0},{"damage":13.0,"enemies":"Slavers","floor":29.0,"turns":3.0},{"damage":12.0,"enemies":"Book of Stabbing","floor":31.0,"turns":5.0},{"damage":35.0,"enemies":"Collector","floor":33.0,"turns":9.0},{"damage":0.0,"enemies":"3 Shapes","floor":35.0,"turns":5.0},{"damage":0,"enemies":"3 Darklings","floor":38,"turns":5},{"damage":12,"enemies":"Sphere and 2 Shapes","floor":39,"turns":5},{"damage":56,"enemies":"Giant Head","floor":40,"turns":6}],"seed_played":"572687320367671881","potions_obtained":[{"floor":1.0,"key":"Strength Potion"},{"floor":13.0,"key":"CunningPotion"},{"floor":18.0,"key":"Explosive Potion"},{"floor":21.0,"key":"GamblersBrew"},{"floor":31.0,"key":"ColorlessPotion"}],"is_trial":false,"path_per_floor":["M","T","M","$","M","R","E","R","T","E","R","M","M","T","R","B",null,"M","$","M","M","?","R","E","R","T","R","M","E","$","E","R","B",null,"M","?","$","M","M","E"],"character_chosen":"THE_SILENT","items_purchased":["CunningPotion","Wraith Form v2+1","Terror","After Image+1","Noxious Fumes+1","Acrobatics"],"campfire_rested":3,"item_purchase_floors":[4,19,19,30,37,37],"current_hp_per_floor":[58,58,56,56,53,53,45,45,45,37,37,37,37,37,37,32,63,26,26,26,11,11,32,20,41,41,41,41,28,28,16,52,38,64,64,64,64,64,52,0,0],"gold":41,"neow_bonus":"BOSS_RELIC","is_daily":false,"chose_seed":false,"campfire_upgraded":5,"win_rate":0.0,"timestamp":1611881102,"path_taken":["M","?","M","?","M","R","E","R","T","E","R","?","M","?","R","BOSS","M","$","M","M","?","R","E","R","T","R","M","E","$","E","R","BOSS","M","?","$","M","M","E"],"items_purchased_type":["Potion","Card","Card","Card","Card","Card"],"build_version":"2020-12-22","purchased_purges":1,"victory":false,"max_hp_per_floor":[66,66,66,66,66,66,66,66,66,73,73,73,73,73,73,73,73,73,73,73,73,73,73,73,73,73,73,73,73,73,73,73,73,73,73,73,73,73,73,73,73],"relic_stats":{"Regal Pillow":15,"counters":[20,94],"Shuriken":[6],"Ornamental Fan":[24],"Pantograph":46,"Snake Skull":[48],"Pen Nib":[8],"Art of War":[17],"obtain_stats":[{"Regal Pillow":29,"Velvet Choker":34,"Snake Skull":2,"Pen Nib":17,"Frozen Egg 2":17,"Calling Bell":17,"Runic Dome":0,"Bottled Flame":14,"Shuriken":24,"Ornamental Fan":26,"Pantograph":7,"Strawberry":10,"WingedGreaves":17,"Art of War":9,"Bag of Marbles":31,"Ring of the Snake":0},{"Regal Pillow":14,"Velvet Choker":16,"Snake Skull":1,"Pen Nib":8,"Frozen Egg 2":8,"Calling Bell":8,"Runic Dome":0,"Bottled Flame":7,"Shuriken":12,"Ornamental Fan":12,"Pantograph":4,"Strawberry":5,"WingedGreaves":8,"Art of War":4,"Bag of Marbles":15,"Ring of the Snake":0},{"Regal Pillow":59,"Velvet Choker":73,"Snake Skull":4,"Pen Nib":32,"Frozen Egg 2":32,"Calling Bell":32,"Runic Dome":0,"Bottled Flame":24,"Shuriken":53,"Ornamental Fan":53,"Pantograph":13,"Strawberry":21,"WingedGreaves":32,"Art of War":13,"Bag of Marbles":64,"Ring of the Snake":0}]},"card_choices":[{"not_picked":["Setup","Deadly Poison"],"picked":"Backstab","floor":1.0},{"not_picked":["Flechettes","PiercingWail"],"picked":"Dagger Spray","floor":3.0},{"not_picked":["Outmaneuver","Caltrops"],"picked":"Skewer","floor":5.0},{"not_picked":["Riddle With Holes","Well Laid Plans"],"picked":"Distraction","floor":7.0},{"not_picked":["Underhanded Strike","Cloak And Dagger"],"picked":"Unload","floor":10.0},{"not_picked":["Backflip","Skewer"],"picked":"Footwork","floor":12.0},{"not_picked":["Eviscerate","Dagger Spray","Deflect"],"picked":"SKIP","floor":13.0},{"not_picked":["Choke","Dodge and Roll"],"picked":"Caltrops+1","floor":18.0},{"not_picked":["Accuracy+1","Blade Dance"],"picked":"Crippling Poison","floor":20.0},{"not_picked":["Flechettes","Bane","Poisoned Stab"],"picked":"SKIP","floor":21.0},{"not_picked":["Deadly Poison","Eviscerate"],"picked":"Corpse Explosion","floor":24.0},{"not_picked":["Reflex","Flying Knee","Quick Slash"],"picked":"SKIP","floor":28.0},{"not_picked":["Outmaneuver","Dash"],"picked":"Well Laid Plans+1","floor":29.0},{"not_picked":["Poisoned Stab","Sucker Punch"],"picked":"Malaise","floor":31.0},{"not_picked":["Bullet Time","Adrenaline"],"picked":"Night Terror","floor":33.0},{"not_picked":["Riddle With Holes","Outmaneuver","Terror"],"picked":"SKIP","floor":35.0},{"not_picked":["Cloak And Dagger+1","Poisoned Stab"],"picked":"Setup+1","floor":38},{"not_picked":["Poisoned Stab+1","Dodge and Roll"],"picked":"PiercingWail+1","floor":39}],"player_experience":166927,"relics_obtained":[{"floor":2.0,"key":"Snake Skull"},{"floor":7.0,"key":"Pantograph"},{"floor":9.0,"key":"Art of War"},{"floor":10.0,"key":"Strawberry"},{"floor":14.0,"key":"Bottled Flame"},{"floor":17.0,"key":"Pen Nib"},{"floor":17.0,"key":"Frozen Egg 2"},{"floor":17.0,"key":"WingedGreaves"},{"floor":24.0,"key":"Shuriken"},{"floor":26.0,"key":"Ornamental Fan"},{"floor":29.0,"key":"Regal Pillow"},{"floor":31.0,"key":"Bag of Marbles"}],"event_choices":[{"damage_healed":0.0,"max_hp_gain":0.0,"max_hp_loss":0.0,"gold_gain":0.0,"event_name":"Back to Basics","player_choice":"Simplicity","floor":22.0,"gold_loss":0.0,"damage_taken":0.0,"cards_upgraded":["Strike_G","Strike_G","Strike_G","Strike_G","Defend_G","Defend_G","Defend_G","Defend_G","Defend_G"]},{"damage_healed":0,"gold_gain":0,"player_choice":"1 cards matched","damage_taken":0,"max_hp_gain":0,"max_hp_loss":0,"event_name":"Match and Keep!","floor":36,"gold_loss":0,"cards_obtained":["Phantasmal Killer"]}],"is_beta":false,"boss_relics":[{"not_picked":["Tiny House","SlaversCollar"],"picked":"Calling Bell"},{"not_picked":["Sozu","Philosopher\u0027s Stone"],"picked":"Velvet Choker"}],"items_purged_floors":[4],"is_endless":false,"potions_floor_spawned":[1,5,13,18,21,31],"killed_by":"Giant Head","ascension_level":20}}