{"host":"qekv59dthhdg54sz","time":1611898654,"event":{"mods":["AchievementEnabler","BaseMod","Colored Map","DeckTracker","KOR Keyword Fix","Minty Spire (QoL Compilation)","Rare Cards Sparkle","StSLib","SuperFastMode"],"gold_per_floor":[20,20,20,95,114,114,27,52,77,77,96,96,112,145,145,221,221,238,288,54,54,68,68,68,68],"floor_reached":24,"language":"KOR","playtime":442,"items_purged":[],"score":374,"play_id":"62ad014b-d688-4af1-9c13-86ab1309e0a5","local_time":"20210129143734","is_ascension_mode":true,"campfire_choices":[{"data":"Spot Weakness","floor":6.0,"key":"SMITH"},{"floor":10.0,"key":"REST"},{"floor":12.0,"key":"REST"},{"data":"Limit Break","floor":15.0,"key":"SMITH"},{"data":"Heavy Blade","floor":23,"key":"SMITH"}],"circlet_count":0,"master_deck":["AscendersBane","Strike_R","Strike_R","Defend_R","Defend_R","Defend_R","Bash","Sword Boomerang","Spot Weakness+1","Flame Barrier","Limit Break+1","Heavy Blade+1","Shrug It Off","Pommel Strike","Double Tap","Reaper","Power Through"],"relics":["Burning Blood","Anchor","Potion Belt","Pantograph"],"acts_visited":["Exordium","TheCity"],"potions_floor_usage":[],"damage_taken":[{"damage":14.0,"enemies":"Jaw Worm","floor":1.0,"turns":4.0},{"damage":14.0,"enemies":"Small Slimes","floor":5.0,"turns":4.0},{"damage":25.0,"enemies":"3 Sentries","floor":8.0,"turns":6.0},{"damage":7.0,"enemies":"Cultist","floor":11.0,"turns":4.0},{"damage":11.0,"enemies":"2 Fungi Beasts","floor":13.0,"turns":3.0},{"damage":32.0,"enemies":"Gremlin Nob","floor":14.0,"turns":5.0},{"damage":33.0,"enemies":"Slime Boss","floor":16.0,"turns":8.0},{"damage":31,"enemies":"Spheric Guardian","floor":18,"turns":6},{"damage":34,"enemies":"Shell Parasite","floor":22,"turns":10},{"damage":46,"enemies":"Cultist and Chosen","floor":24,"turns":4}],"seed_played":"5739103252589754641","potions_obtained":[{"floor":1.0,"key":"FearPotion"},{"floor":5.0,"key":"Fire Potion"},{"floor":13.0,"key":"DuplicationPotion"}],"is_trial":false,"path_per_floor":["M","?","?","?","M","R","$","E","T","R","M","R","M","E","R","B",null,"M","?","$","?","M","R","M"],"character_chosen":"IRONCLAD","items_purchased":["Flame Barrier","Reaper","Power Through"],"campfire_rested":2,"item_purchase_floors":[7,20,20],"current_hp_per_floor":[60,60,53,42,34,34,34,15,15,37,36,58,53,27,27,25,63,38,38,38,38,41,41,0,0],"gold":68,"neow_bonus":"REMOVE_TWO","is_daily":false,"chose_seed":true,"campfire_upgraded":3,"win_rate":0.0,"timestamp":1611898654,"path_taken":["M","?","?","?","M","R","?","E","T","R","M","R","M","E","R","BOSS","M","?","$","?","?","R","M"],"items_purchased_type":["Card","Card","Card"],"build_version":"2020-12-22","purchased_purges":0,"victory":false,"max_hp_per_floor":[75,75,75,75,75,75,75,75,75,75,75,75,75,75,75,75,75,75,75,75,75,75,75,75,75],"card_choices":[{"not_picked":["Metallicize","Rage"],"picked":"Sword Boomerang","floor":1.0},{"not_picked":["Battle Trance","Pommel Strike"],"picked":"Spot Weakness","floor":5.0},{"not_picked":["Power Through","True Grit"],"picked":"Limit Break","floor":8.0},{"not_picked":["Armaments","Sever Soul"],"picked":"Heavy Blade","floor":11.0},{"not_picked":["Rage","Blood for Blood"],"picked":"Shrug It Off","floor":13.0},{"not_picked":["Rupture","Exhume"],"picked":"Pommel Strike","floor":14.0},{"not_picked":["Corruption","Exhume"],"picked":"Double Tap","floor":16.0},{"not_picked":["Whirlwind","Havoc","Rampage"],"picked":"SKIP","floor":18},{"not_picked":["Cleave","Dark Embrace","Heavy Blade+1"],"picked":"SKIP","floor":22}],"player_experience":868458,"relics_obtained":[{"floor":8.0,"key":"Anchor"},{"floor":9.0,"key":"Potion Belt"},{"floor":14.0,"key":"Pantograph"}],"event_choices":[{"cards_removed":["Strike_R"],"damage_healed":0.0,"max_hp_gain":0.0,"max_hp_loss":0.0,"gold_gain":0.0,"event_name":"Living Wall","player_choice":"Forget","floor":2.0,"gold_loss":0.0,"damage_taken":0.0},{"cards_removed":["Defend_R"],"damage_healed":0.0,"max_hp_gain":0.0,"max_hp_loss":0.0,"gold_gain":0.0,"event_name":"Golden Wing","player_choice":"Card Removal","floor":3.0,"gold_loss":0.0,"damage_taken":7.0},{"damage_healed":0.0,"max_hp_gain":0.0,"max_hp_loss":0.0,"gold_gain":75.0,"event_name":"World of Goop","player_choice":"Gather Gold","floor":4.0,"gold_loss":0.0,"damage_taken":11.0},{"damage_healed":0,"gold_gain":50,"player_choice":"Stole From Cult","damage_taken":0,"max_hp_gain":0,"max_hp_loss":0,"event_name":"Nest","floor":19,"gold_loss":0}],"is_beta":false,"boss_relics":[{"not_picked":[]}],"items_purged_floors":[],"is_endless":false,"potions_floor_spawned":[1,5,13],"killed_by":"Cultist and Chosen","ascension_level":17}}