{"host":"4k1o517shm2ba6vh","time":1611940945,"event":{"mods":["AchievementEnabler","BaseMod","Minty Spire (QoL Compilation)","StSLib","The Poker Player","everything is the same but u backflip on backflip"],"gold_per_floor":[115,125,125,200,255,255,290,290,290,134,134,167,179,179,179,275,275,290,27,27,47,61,61,94,94,94,123,135,235,235,235,235,339,339,351,175,175,20,120,152,152,164,164,180,205,205,236,236,236,236],"floor_reached":51,"language":"ENG","playtime":3237,"items_purged":["Strike_G","Strike_G","Strike_G"],"score":1296,"play_id":"389f0d29-5349-47ac-9412-2640377f6f2b","local_time":"20210129112225","is_ascension_mode":true,"campfire_choices":[{"floor":6,"key":"REST"},{"data":"Noxious Fumes","floor":8,"key":"SMITH"},{"data":"Footwork","floor":15,"key":"SMITH"},{"data":"Caltrops","floor":23,"key":"SMITH"},{"data":"A Thousand Cuts","floor":25,"key":"SMITH"},{"floor":32,"key":"REST"},{"data":"Caltrops","floor":41,"key":"SMITH"},{"data":"Caltrops","floor":46,"key":"SMITH"},{"floor":49,"key":"REST"}],"circlet_count":0,"master_deck":["Defend_G","Defend_G+1","Defend_G","Defend_G","Defend_G","Survivor","Neutralize","Footwork+1","Noxious Fumes+1","Caltrops+1","Caltrops+1","PiercingWail","Blur","Venomology","Tools of the Trade","Backflip","A Thousand Cuts+1","Caltrops+1","Bouncing Flask+1","Venomology","Well Laid Plans","Noxious Fumes+1","Crippling Poison","Noxious Fumes+1","Noxious Fumes+1","Wraith Form v2+1"],"relics":["Ring of the Snake","MealTicket","Juzu Bracelet","Pear","Mummified Hand","Art of War","SacredBark","Membership Card","Matryoshka","Blood Vial","TungstenRod","Singing Bowl","Nloth\u0027s Gift","Snecko Eye","Oddly Smooth Stone","Frozen Egg 2","Snake Skull","Nunchaku","InkBottle","Calipers","Sundial","Orichalcum","The Courier"],"acts_visited":["Exordium","TheCity","TheBeyond"],"potions_floor_usage":[7,21,22,22,27,27,29,29,29,29,33,35,42,42,44,45,45,47,47,50,50,50,50],"damage_taken":[{"damage":0,"enemies":"Small Slimes","floor":1,"turns":5},{"damage":3,"enemies":"Jaw Worm","floor":2,"turns":5},{"damage":39,"enemies":"3 Sentries","floor":7,"turns":9},{"damage":32,"enemies":"Gremlin Nob","floor":12,"turns":5},{"damage":5,"enemies":"Cultist","floor":13,"turns":4},{"damage":15,"enemies":"Hexaghost","floor":16,"turns":12},{"damage":5,"enemies":"Shell Parasite","floor":18,"turns":7},{"damage":1,"enemies":"Chosen","floor":21,"turns":9},{"damage":0,"enemies":"Centurion and Healer","floor":22,"turns":11},{"damage":10,"enemies":"Book of Stabbing","floor":24,"turns":7},{"damage":0,"enemies":"Gremlin Leader","floor":27,"turns":7},{"damage":38,"enemies":"Cultist and Chosen","floor":28,"turns":7},{"damage":30,"enemies":"Colosseum Slavers","floor":29,"turns":5},{"damage":3,"enemies":"Colosseum Nobs","floor":29,"turns":4},{"damage":19,"enemies":"Automaton","floor":33,"turns":6},{"damage":0,"enemies":"3 Darklings","floor":35,"turns":3},{"damage":49,"enemies":"Reptomancer","floor":40,"turns":7},{"damage":1,"enemies":"Orb Walker","floor":42,"turns":4},{"damage":8,"enemies":"Writhing Mass","floor":44,"turns":4},{"damage":0,"enemies":"Giant Head","floor":45,"turns":6},{"damage":0,"enemies":"Nemesis","floor":47,"turns":5},{"damage":16,"enemies":"Donu and Deca","floor":50,"turns":5}],"seed_played":"-1132149264085732769","potions_obtained":[{"floor":1,"key":"Regen Potion"},{"floor":2,"key":"Strength Potion"},{"floor":7,"key":"Weak Potion"},{"floor":22,"key":"Explosive Potion"},{"floor":27,"key":"Fruit Juice"},{"floor":42,"key":"LiquidBronze"},{"floor":44,"key":"Fire Potion"}],"is_trial":false,"path_per_floor":["M","M","?","?","T","R","E","R","T","$","?","E","M","?","R","B",null,"M","$","?","M","M","R","E","R","T","E","M","?","?","?","R","B",null,"M","$","?","$","?","E","R","M","T","M","E","R","E","T","R","B",null],"character_chosen":"THE_SILENT","items_purchased":["Caltrops","Membership Card","Tools of the Trade","Well Laid Plans","Oddly Smooth Stone","Frozen Egg 2","Noxious Fumes+1"],"campfire_rested":3,"item_purchase_floors":[10,19,19,36,36,38,38],"current_hp_per_floor":[70,67,49,38,38,61,47,47,47,62,45,13,8,37,37,22,71,66,81,81,80,80,80,70,70,70,80,44,17,17,17,46,31,84,88,103,103,103,103,54,54,55,55,49,51,51,55,55,86,72],"gold":236,"neow_bonus":"TEN_PERCENT_HP_BONUS","is_daily":false,"chose_seed":false,"campfire_upgraded":6,"win_rate":0.0,"timestamp":1611940945,"path_taken":["M","M","?","?","?","R","E","R","T","$","?","E","M","?","R","BOSS","M","$","?","M","M","R","E","R","T","E","M","?","?","?","R","BOSS","M","$","?","$","?","E","R","M","T","M","E","R","E","?","R","BOSS"],"items_purchased_type":["Card","Relic","Card","Card","Relic","Relic","Card"],"build_version":"2020-12-22","purchased_purges":3,"victory":true,"max_hp_per_floor":[77,77,77,77,77,77,87,87,87,87,87,87,87,87,87,87,87,87,87,87,87,87,87,87,87,87,97,97,99,99,99,99,101,101,103,103,103,103,103,103,103,103,103,103,103,103,105,105,105,105],"card_choices":[{"not_picked":["Calculated Gamble","Underhanded Strike"],"picked":"Footwork","floor":1},{"not_picked":["Sucker Punch","Prepared"],"picked":"Noxious Fumes","floor":2},{"not_picked":["Deflect","Dodge and Roll"],"picked":"Caltrops","floor":7},{"not_picked":["Slice","Bouncing Flask"],"picked":"PiercingWail","floor":12},{"not_picked":["Deadly Poison","Bane"],"picked":"Blur","floor":13},{"not_picked":["Grand Finale","Glass Knife"],"picked":"Venomology","floor":16},{"not_picked":["Concentrate","Acrobatics","Poisoned Stab"],"picked":"SKIP","floor":18},{"not_picked":["Outmaneuver","Deflect"],"picked":"Backflip","floor":21},{"not_picked":["Deadly Poison","Accuracy","Dodge and Roll+1"],"picked":"SKIP","floor":22},{"not_picked":["Blur+1","Deflect"],"picked":"A Thousand Cuts","floor":24},{"not_picked":["Prepared","Blur"],"picked":"Caltrops","floor":27},{"not_picked":["Quick Slash+1","Sucker Punch"],"picked":"Bouncing Flask+1","floor":28},{"not_picked":["Backflip","Dodge and Roll+1","Bane"],"picked":"Singing Bowl","floor":29},{"not_picked":["Grand Finale","Die Die Die","Glass Knife"],"picked":"Singing Bowl","floor":33},{"not_picked":["Slice","Concentrate+1","Dodge and Roll"],"picked":"Singing Bowl","floor":35},{"not_picked":["Poisoned Stab","Expertise+1"],"picked":"Crippling Poison","floor":40},{"not_picked":["Prepared+1","Terror+1"],"picked":"Noxious Fumes+1","floor":42},{"not_picked":["Outmaneuver","Skewer"],"picked":"Noxious Fumes+1","floor":44},{"not_picked":["Escape Plan","Expertise+1"],"picked":"Wraith Form v2+1","floor":45},{"not_picked":["PiercingWail","Deadly Poison+1","Envenom+1"],"picked":"Singing Bowl","floor":47}],"player_experience":424546,"relics_obtained":[{"floor":5,"key":"Juzu Bracelet"},{"floor":7,"key":"Pear"},{"floor":9,"key":"Mummified Hand"},{"floor":12,"key":"Art of War"},{"floor":24,"key":"Paper Crane"},{"floor":26,"key":"Matryoshka"},{"floor":27,"key":"Blood Vial"},{"floor":29,"key":"TungstenRod"},{"floor":29,"key":"Singing Bowl"},{"floor":40,"key":"Snake Skull"},{"floor":43,"key":"Nunchaku"},{"floor":43,"key":"InkBottle"},{"floor":45,"key":"Calipers"},{"floor":47,"key":"Sundial"},{"floor":48,"key":"Orichalcum"},{"floor":48,"key":"The Courier"}],"event_choices":[{"damage_healed":0,"gold_gain":0,"player_choice":"Success","damage_taken":18,"relics_obtained":["MealTicket"],"max_hp_gain":0,"max_hp_loss":0,"event_name":"Scrap Ooze","floor":3,"gold_loss":0},{"damage_healed":0,"gold_gain":75,"player_choice":"Gather Gold","damage_taken":11,"max_hp_gain":0,"max_hp_loss":0,"event_name":"World of Goop","floor":4,"gold_loss":0},{"damage_healed":0,"gold_gain":0,"player_choice":"Entered Light","damage_taken":17,"max_hp_gain":0,"max_hp_loss":0,"event_name":"Shining Light","floor":11,"gold_loss":0,"cards_upgraded":["Strike_G","Defend_G"]},{"damage_healed":29,"gold_gain":0,"player_choice":"Banana","damage_taken":0,"max_hp_gain":0,"max_hp_loss":0,"event_name":"Big Fish","floor":14,"gold_loss":0},{"cards_removed":["Strike_G"],"damage_healed":0,"gold_gain":0,"player_choice":"Elegance","damage_taken":0,"max_hp_gain":0,"max_hp_loss":0,"event_name":"Back to Basics","floor":20,"gold_loss":0},{"damage_healed":0,"gold_gain":0,"player_choice":"Fight","damage_taken":0,"max_hp_gain":0,"max_hp_loss":0,"event_name":"Colosseum","floor":29,"gold_loss":0},{"damage_healed":0,"gold_gain":0,"player_choice":"Fought Nobs","damage_taken":0,"max_hp_gain":0,"max_hp_loss":0,"event_name":"Colosseum","floor":29,"gold_loss":0},{"damage_healed":0,"gold_gain":0,"player_choice":"Traded Relic","damage_taken":0,"relics_obtained":["Nloth\u0027s Gift"],"max_hp_gain":0,"max_hp_loss":0,"event_name":"N\u0027loth","floor":30,"relics_lost":["Paper Crane"],"gold_loss":0},{"damage_healed":0,"gold_gain":0,"player_choice":"Copied","damage_taken":0,"max_hp_gain":0,"max_hp_loss":0,"event_name":"Duplicator","floor":31,"gold_loss":0,"cards_obtained":["Venomology"]},{"cards_removed":["Strike_G"],"damage_healed":0,"gold_gain":0,"player_choice":"Purged","damage_taken":0,"max_hp_gain":0,"max_hp_loss":0,"event_name":"Purifier","floor":37,"gold_loss":0},{"damage_healed":0,"gold_gain":100,"player_choice":"Pray","damage_taken":0,"max_hp_gain":0,"max_hp_loss":0,"event_name":"Golden Shrine","floor":39,"gold_loss":0}],"is_beta":false,"boss_relics":[{"not_picked":["Pandora\u0027s Box","HoveringKite"],"picked":"SacredBark"},{"not_picked":["WristBlade","Tiny House"],"picked":"Snecko Eye"}],"items_purged_floors":[10,19,36],"is_endless":false,"potions_floor_spawned":[1,2,7,22,27,28,42,44,45],"ascension_level":9}}