{"host":"qbjtml023iza03hb","time":1611915835,"event":{"mods":["AchievementEnabler","BaseMod","Hermit","Minty Spire (QoL Compilation)","StSLib","The Animator","The Cursed"],"gold_per_floor":[22,40,40,40,215,215,140,159,159,186,201,201,218,251,251,365,365,383,398,378,400,412,412,412,412],"floor_reached":24,"language":"FRA","playtime":2994,"items_purged":["Doubt"],"score":200,"play_id":"ae2a1c8a-fad1-4bc7-b053-eb12230b686c","local_time":"20210129112355","is_ascension_mode":false,"campfire_choices":[{"data":"animator:Tyuule","floor":6.0,"key":"SMITH"},{"data":"animator:Archer","floor":12.0,"key":"SMITH"},{"floor":15.0,"key":"REST"},{"data":"animator:SwordMaiden","floor":23,"key":"SMITH"}],"circlet_count":0,"master_deck":["animator:Strike_TenSura","animator:Defend_TenSura","animator:Strike","animator:Strike","animator:Defend","animator:Defend","animator:Benimaru","animator:Shuna","animator:Rimuru","animator:Tyuule+1","animator:Archer+1","animator:Ciel","animator:Entoma","animator:Ciel","animator:YaoHaDucy","animator:SwordMaiden+1","animator:TukaLunaMarceau","animator:Elsword+1","animator:Ara","animator:Laby+1"],"relics":["animator:LivingPicture","animator:TheMissingPiece","Nunchaku","Ancient Tea Set","Empty Cage"],"acts_visited":["Exordium","TheCity"],"potions_floor_usage":[22,24],"damage_taken":[{"damage":0.0,"enemies":"Small Slimes","floor":1.0,"turns":3.0},{"damage":0.0,"enemies":"2 Louse","floor":2.0,"turns":3.0},{"damage":0.0,"enemies":"Jaw Worm","floor":8.0,"turns":4.0},{"damage":4.0,"enemies":"Gremlin Gang","floor":10.0,"turns":4.0},{"damage":11.0,"enemies":"Red Slaver","floor":11.0,"turns":3.0},{"damage":6.0,"enemies":"2 Fungi Beasts","floor":13.0,"turns":4.0},{"damage":28.0,"enemies":"3 Sentries","floor":14.0,"turns":7.0},{"damage":19.0,"enemies":"Slime Boss","floor":16.0,"turns":8.0},{"damage":6.0,"enemies":"Shell Parasite","floor":18.0,"turns":5.0},{"damage":0.0,"enemies":"Chosen","floor":19.0,"turns":4.0},{"damage":16.0,"enemies":"Sentry and Sphere","floor":21.0,"turns":5.0},{"damage":15,"enemies":"Snake Plant","floor":22,"turns":4},{"damage":31,"enemies":"Shelled Parasite and Fungi","floor":24,"turns":3}],"seed_played":"37470330618274985","potions_obtained":[{"floor":2.0,"key":"Weak Potion"},{"floor":14.0,"key":"PowerPotion"},{"floor":16.0,"key":"BlessingOfTheForge"},{"floor":19.0,"key":"Block Potion"},{"floor":20.0,"key":"BlessingOfTheForge"},{"floor":21.0,"key":"Swift Potion"},{"floor":22,"key":"FearPotion"}],"is_trial":false,"path_per_floor":["M","M","?","?","?","R","$","M","T","M","M","R","M","E","R","B",null,"M","M","?","M","M","R","M"],"character_chosen":"THE_ANIMATOR","items_purchased":[],"campfire_rested":1,"item_purchase_floors":[],"current_hp_per_floor":[66,66,66,59,59,59,59,59,59,55,44,44,38,10,29,10,66,60,61,61,45,31,31,0,0],"gold":412,"neow_bonus":"THREE_RARE_CARDS","is_daily":false,"chose_seed":false,"campfire_upgraded":3,"win_rate":0.0,"timestamp":1611915835,"path_taken":["M","M","?","?","?","R","$","M","T","M","M","R","M","E","R","BOSS","M","M","?","M","M","R","M"],"items_purchased_type":[],"build_version":"2020-12-22","purchased_purges":1,"victory":false,"max_hp_per_floor":[66,66,66,66,66,66,66,66,66,66,66,66,66,66,66,66,66,66,67,67,67,68,68,68,68],"card_choices":[{"not_picked":["animator:Shizu","animator:Eve"],"picked":"animator:Rimuru","floor":0.0},{"not_picked":["animator:Rider","animator:ShinjiMatou"],"picked":"animator:Tyuule","floor":1.0},{"not_picked":["animator:Kaijin","animator:DwarfShaman"],"picked":"animator:Archer","floor":2.0},{"not_picked":["animator:TsurugaMeisai","animator:Rider","animator:Konayuki"],"picked":"SKIP","floor":8.0},{"not_picked":["animator:Ara","animator:Add"],"picked":"animator:Ciel","floor":10.0},{"not_picked":["animator:Chung","animator:ZankiKiguchi"],"picked":"animator:Entoma","floor":11.0},{"not_picked":["animator:YaoHaDucy","animator:RoryMercury"],"picked":"animator:Ciel","floor":13.0},{"not_picked":["animator:UneriGinkaku","animator:ItamiYouji"],"picked":"animator:YaoHaDucy","floor":14.0},{"not_picked":["animator:Gilgamesh","animator:Eve"],"picked":"animator:SwordMaiden","floor":16.0},{"not_picked":["animator:LeleiLaLalena","animator:Kuribayashi"],"picked":"animator:TukaLunaMarceau","floor":18.0},{"not_picked":["animator:PandorasActor","animator:Shalltear"],"picked":"animator:Elsword+1","floor":19.0},{"not_picked":["animator:YaoHaDucy+1","animator:TsurugaMeisai"],"picked":"animator:Ara","floor":21.0},{"not_picked":["animator:RinTohsaka","animator:Chung+1"],"picked":"animator:Laby+1","floor":22}],"player_experience":497610,"relics_obtained":[{"floor":14.0,"key":"Ancient Tea Set"}],"event_choices":[{"damage_healed":0.0,"max_hp_gain":0.0,"max_hp_loss":0.0,"gold_gain":0.0,"event_name":"The Cleric","player_choice":"Leave","floor":3.0,"gold_loss":0.0,"damage_taken":0.0},{"damage_healed":0.0,"max_hp_gain":0.0,"max_hp_loss":0.0,"gold_gain":0.0,"event_name":"Scrap Ooze","player_choice":"Success","floor":4.0,"gold_loss":0.0,"damage_taken":7.0,"relics_obtained":["Nunchaku"]},{"damage_healed":0.0,"max_hp_gain":0.0,"max_hp_loss":0.0,"gold_gain":175.0,"event_name":"Liars Game","player_choice":"AGREE","floor":5.0,"gold_loss":0.0,"damage_taken":0.0,"cards_obtained":["Doubt"]},{"damage_healed":0.0,"max_hp_gain":0.0,"max_hp_loss":0.0,"gold_gain":0.0,"event_name":"The Woman in Blue","player_choice":"Bought 1 Potion","floor":20.0,"gold_loss":0.0,"damage_taken":0.0}],"is_beta":false,"boss_relics":[{"not_picked":["Runic Dome","Velvet Choker"],"picked":"Empty Cage"}],"items_purged_floors":[7],"is_endless":false,"potions_floor_spawned":[2,14,16,19,21,22],"killed_by":"Shelled Parasite and Fungi","ascension_level":0}}