{"host":"tq99ucv8ezzqzioe","time":1611964454,"event":{"mods":["BaseMod","Colored Map","Downfall","Highlight Path","Minty Spire (QoL Compilation)","StSLib"],"gold_per_floor":[117,130,130,140,90,90,14,49,49,67,96,96,126,139,139,139,139],"floor_reached":16,"language":"ENG","playtime":724,"items_purged":[],"score":156,"play_id":"4da0bfa8-fe2e-4e71-9b16-b9c8661fbb82","local_time":"20210129185414","is_ascension_mode":true,"campfire_choices":[{"data":"Whirlwind","floor":6,"key":"SMITH"},{"floor":12,"key":"REST"},{"data":"Entrench","floor":15,"key":"SMITH"}],"circlet_count":0,"master_deck":["Strike_R","Strike_R","Strike_R","Defend_R","Defend_R","Defend_R","Defend_R","Bash","Whirlwind+1","Shrug It Off","Feel No Pain","Pommel Strike","Shrug It Off","Juggernaut","Pummel","Entrench+1"],"relics":["Burning Blood","Anchor","WingedGreaves","Prayer Wheel","Calipers","Bag of Preparation","MealTicket"],"acts_visited":["Exordium"],"potions_floor_usage":[8,13,16],"damage_taken":[{"damage":3,"enemies":"Small Slimes","floor":1,"turns":4},{"damage":0,"enemies":"2 Louse","floor":2,"turns":2},{"damage":0,"enemies":"Cultist","floor":4,"turns":4},{"damage":25,"enemies":"3 Sentries","floor":8,"turns":5},{"damage":21,"enemies":"Red Slaver","floor":10,"turns":7},{"damage":38,"enemies":"Gremlin Nob","floor":11,"turns":5},{"damage":20,"enemies":"3 Sentries","floor":13,"turns":4},{"damage":0,"enemies":"2 Fungi Beasts","floor":14,"turns":2},{"damage":35,"enemies":"Slime Boss","floor":16,"turns":11}],"seed_played":"2137171368788763632","potions_obtained":[{"floor":1,"key":"Swift Potion"},{"floor":10,"key":"Dexterity Potion"},{"floor":11,"key":"Strength Potion"}],"is_trial":false,"path_per_floor":["M","M","?","M","?","R","?","E","T","M","E","R","E","M","R","B"],"character_chosen":"IRONCLAD","items_purchased":[],"campfire_rested":1,"item_purchase_floors":[],"current_hp_per_floor":[75,80,73,79,79,79,79,60,60,45,13,37,23,29,29,0,0],"gold":139,"neow_bonus":"RANDOM_COMMON_RELIC","is_daily":false,"chose_seed":false,"campfire_upgraded":2,"win_rate":0.0,"timestamp":1611964454,"path_taken":["M","M","?","M","?","R","?","E","T","?","E","R","E","M","R","BOSS"],"items_purchased_type":[],"build_version":"2020-12-22","purchased_purges":0,"victory":false,"max_hp_per_floor":[80,80,80,80,80,80,80,80,80,80,80,80,80,80,80,80,80],"card_choices":[{"not_picked":["Dark Embrace","Havoc"],"picked":"Whirlwind","floor":1},{"not_picked":["Cleave","Shockwave"],"picked":"Shrug It Off","floor":2},{"not_picked":["Seeing Red","Power Through"],"picked":"Feel No Pain","floor":4},{"not_picked":["Corruption","Flex"],"picked":"Pommel Strike","floor":8},{"not_picked":["Flex","Heavy Blade"],"picked":"Shrug It Off","floor":10},{"not_picked":["Armaments","Anger","Shockwave"],"picked":"SKIP","floor":10},{"not_picked":["Sentinel","Wild Strike"],"picked":"Juggernaut","floor":11},{"not_picked":["Pommel Strike","Uppercut","Rupture"],"picked":"SKIP","floor":13},{"not_picked":["Anger","Cleave"],"picked":"Pummel","floor":14},{"not_picked":["Sword Boomerang","Spot Weakness"],"picked":"Entrench","floor":14}],"player_experience":810784,"relics_obtained":[{"floor":8,"key":"Prayer Wheel"},{"floor":9,"key":"Calipers"},{"floor":11,"key":"Bag of Preparation"},{"floor":13,"key":"MealTicket"}],"event_choices":[{"cards_removed":["Strike_R"],"damage_healed":0,"gold_gain":0,"player_choice":"Card Removal","damage_taken":7,"max_hp_gain":0,"max_hp_loss":0,"event_name":"Golden Wing","floor":3,"gold_loss":0},{"cards_removed":["Strike_R"],"damage_healed":0,"gold_gain":0,"player_choice":"Card Removal","damage_taken":0,"max_hp_gain":0,"max_hp_loss":0,"event_name":"The Cleric","floor":5,"gold_loss":50},{"damage_healed":0,"gold_gain":0,"player_choice":"Paid Gold","damage_taken":0,"relics_obtained":["WingedGreaves"],"max_hp_gain":0,"max_hp_loss":0,"event_name":"WeMeetAgain","floor":7,"gold_loss":76}],"is_beta":false,"boss_relics":[],"items_purged_floors":[],"is_endless":false,"potions_floor_spawned":[1,10,11],"killed_by":"Slime Boss","ascension_level":6}}