{"host":"2wp95sdfrgw3k439","time":1611955838,"event":{"mods":["BaseMod","Better Altar","Better Skull","Better Third Choice","Curses Come First","Minty Spire (QoL Compilation)","Permanent Neow","StSLib"],"gold_per_floor":[17,31,49,62,72,72,97,97,121,149,149,160,175,210,210,210,210],"floor_reached":16,"language":"ENG","playtime":692,"items_purged":[],"score":174,"play_id":"20ab0175-0ebe-4e5a-878e-fffc6355a0e3","local_time":"20210129143038","is_ascension_mode":true,"campfire_choices":[{"floor":6,"key":"REST"},{"floor":8,"key":"REST"},{"floor":15,"key":"REST"}],"circlet_count":0,"master_deck":["Strike_B","Strike_B","Strike_B","Strike_B","Defend_B","Defend_B","Defend_B","Defend_B","Zap","Dualcast","White Noise","Beam Cell","Sweeping Beam","Beam Cell","Undo","Chaos","Hello World","Genetic Algorithm","Self Repair"],"relics":["Cracked Core","WingedGreaves","Omamori","Juzu Bracelet","Boot","Akabeko"],"acts_visited":["Exordium"],"potions_floor_usage":[5,12,13],"damage_taken":[{"damage":1,"enemies":"Cultist","floor":1,"turns":3},{"damage":8,"enemies":"Small Slimes","floor":2,"turns":3},{"damage":2,"enemies":"Jaw Worm","floor":3,"turns":3},{"damage":3,"enemies":"Blue Slaver","floor":4,"turns":3},{"damage":12,"enemies":"2 Fungi Beasts","floor":5,"turns":3},{"damage":23,"enemies":"Gremlin Nob","floor":7,"turns":4},{"damage":30,"enemies":"3 Sentries","floor":10,"turns":8},{"damage":0,"enemies":"Large Slime","floor":12,"turns":3},{"damage":27,"enemies":"Exordium Thugs","floor":13,"turns":5},{"damage":10,"enemies":"Gremlin Nob","floor":14,"turns":5},{"damage":44,"enemies":"The Guardian","floor":16,"turns":8}],"seed_played":"-3405892866755336747","potions_obtained":[{"floor":3,"key":"SkillPotion"},{"floor":4,"key":"GamblersBrew"},{"floor":10,"key":"PowerPotion"},{"floor":14,"key":"Fire Potion"}],"is_trial":false,"path_per_floor":["M","M","M","M","M","R","E","R","T","E","?","M","M","E","R","B"],"character_chosen":"DEFECT","items_purchased":[],"campfire_rested":3,"item_purchase_floors":[],"current_hp_per_floor":[67,59,57,54,42,64,41,63,63,33,58,58,31,21,43,0,0],"gold":210,"neow_bonus":"ONE_RARE_RELIC","is_daily":false,"chose_seed":false,"campfire_upgraded":0,"win_rate":0.0,"timestamp":1611955838,"path_taken":["M","M","?","?","M","R","E","R","T","E","?","M","M","E","R","BOSS"],"items_purchased_type":[],"build_version":"2020-12-22","purchased_purges":0,"victory":false,"max_hp_per_floor":[75,75,75,75,75,75,75,75,75,75,75,75,75,75,75,75,75],"card_choices":[{"not_picked":["Streamline","Barrage"],"picked":"White Noise","floor":1},{"not_picked":["Coolheaded","Go for the Eyes"],"picked":"Beam Cell","floor":2},{"not_picked":["Lockon","Redo"],"picked":"Sweeping Beam","floor":3},{"not_picked":["Steam","Stack"],"picked":"Beam Cell","floor":4},{"not_picked":["Reinforced Body","Stack"],"picked":"Undo","floor":5},{"not_picked":["Coolheaded","Turbo"],"picked":"Chaos","floor":7},{"not_picked":["Loop","Chill"],"picked":"Hello World","floor":10},{"not_picked":["Leap","Blizzard","Reprogram"],"picked":"SKIP","floor":12},{"not_picked":["Streamline","Turbo"],"picked":"Genetic Algorithm","floor":13},{"not_picked":["Reprogram","Coolheaded"],"picked":"Self Repair","floor":14}],"player_experience":499925,"relics_obtained":[{"floor":7,"key":"Omamori"},{"floor":9,"key":"Juzu Bracelet"},{"floor":10,"key":"Boot"},{"floor":14,"key":"Akabeko"}],"event_choices":[{"damage_healed":25,"gold_gain":0,"player_choice":"Banana","damage_taken":0,"max_hp_gain":0,"max_hp_loss":0,"event_name":"Big Fish","floor":11,"gold_loss":0}],"is_beta":false,"boss_relics":[],"items_purged_floors":[],"is_endless":false,"potions_floor_spawned":[3,4,10,14],"killed_by":"The Guardian","ascension_level":8}}