{"host":"yck2t2q3ro7hf56e","time":1611951637,"event":{"mods":["2.2 Compatiblity","AchievementEnabler","Act Like it!","Aspiration","BaseMod","Better Altar","Better Match","Better Note","Better Sensory Stone","Better Skull","Better Third Choice","Better Vampires","BetterRewards","Block Reminder","CCEM2","Challenge The Spire","Colored Powertips","Conspire","Curses Come First","DNKmod","Energized Spire","Friendly Minions","GifTheSpireLib","Glutton Mod","Halation","Hubris","Infinite Spire","Marked Mod","Minty Spire (QoL Compilation)","Permanent Neow","Practice Mode","Quick Restart","Rare Cards Sparkle","RatMod","Relic Sorter","Relic Stats","Reliquary","Replay The Spire","Shade Mod","Shop Mod","Spicy Shops","Spikes Relics","StSLib","Stuff the Spire","Synergy Search","The Blue Laboratory","The Construct","TheSurvivalist","Thieving Mod","Unceasing Turn Reminder","Unknown Chances","everything is the same but u backflip on backflip","??????REMEMod"],"gold_per_floor":[6012,6032,6102,6114,5045,5073,5092,4355,4355,3861,3861,3861,3383,3393,3393,3493,3493,3509,3509,3509],"floor_reached":19,"language":"ENG","playtime":2368,"items_purged":["Strike_R","Strike_R","Strike_R","Strike_R"],"score":267,"play_id":"6a3bc934-8fe3-4c25-a707-767a64923ee2","local_time":"20210129202037","is_ascension_mode":false,"campfire_choices":[{"floor":11,"key":"RECALL"},{"data":"Flame Barrier","floor":15,"key":"SMITH"}],"circlet_count":0,"master_deck":["Strike_R","Defend_R","Defend_R","Defend_R+1","Defend_R+1","Bash","ReplayUltimateDefense","Impervious","Fire Breathing","Flame Barrier+1","ReplayReversal+1","Body Slam+1","Shrug It Off","Rupture","Shrug It Off"],"relics":["Burning Blood","halation:TrafficLight","REME_ComplimentaryCards","infinitespire:Broken Mirror","SnailShell","StuffTheSpire:Expresso","Orrery","Molten Egg 2","aspiration:StickyExplosives_weak","CCEMRelics:IronFruit","Garlic","Replay:Baseball","halation:PenCase","hubris:IronBody","BargainBundle"],"acts_visited":["Exordium","TheCity"],"potions_floor_usage":[6],"damage_taken":[{"damage":0,"enemies":"Cultist","floor":1,"turns":4},{"damage":0,"enemies":"2 Louse","floor":2,"turns":3},{"damage":1,"enemies":"Jaw Worm","floor":4,"turns":6},{"damage":0,"enemies":"3 Sentries","floor":6,"turns":5},{"damage":0,"enemies":"Red Slaver","floor":7,"turns":2},{"damage":0,"enemies":"3 Louse","floor":14,"turns":3},{"damage":0,"enemies":"The Guardian","floor":16,"turns":8},{"damage":0,"enemies":"2 Thieves","floor":18,"turns":3},{"damage":0,"enemies":"3 Byrds","floor":19,"turns":1}],"seed_played":"-2900468505598270920","potions_obtained":[{"floor":16,"key":"REME_GoldPotion"}],"is_trial":false,"path_per_floor":["M","M","T","M","$","E","M","$","T","$","R","?","$","M","R","B",null,"M","M"],"character_chosen":"IRONCLAD","items_purchased":["infinitespire:Broken Mirror","SnailShell","blueLaboratory:FruitPunch","StuffTheSpire:Expresso","halation:TrafficLight","Orrery","aspiration:StickyExplosives_weak","CCEMRelics:IronFruit","Body Slam+1","Shrug It Off","Replay:Baseball","halation:PenCase","hubris:IronBody","BargainBundle","Rupture"],"campfire_rested":0,"item_purchase_floors":[5,5,5,5,5,5,8,8,8,8,10,10,13,13,13],"current_hp_per_floor":[76,82,82,87,87,95,101,106,106,106,106,85,85,91,91,97,107,107,107,107],"gold":3509,"neow_bonus":"THREE_RARE_CARDS","is_daily":false,"chose_seed":false,"campfire_upgraded":1,"win_rate":0.0,"timestamp":1611951637,"path_taken":["M","?","?","M","$","E","M","$","T","$","R","?","?","M","R","BOSS","M","M"],"items_purchased_type":["Relic","Relic","Potion","Relic","Relic","Relic","Relic","Relic","Card","Card","Relic","Relic","Relic","Relic","Card"],"build_version":"2020-12-22","purchased_purges":4,"victory":false,"max_hp_per_floor":[100,100,100,100,100,102,102,107,107,107,107,107,107,107,107,107,107,107,107,107],"relic_stats":{"counters":[9,34],"obtain_stats":[{"SnailShell":5,"BargainBundle":13,"StuffTheSpire:Expresso":5,"halation:TrafficLight":5,"Burning Blood":0,"aspiration:StickyExplosives_weak":8,"CCEMRelics:IronFruit":8,"Replay:Baseball":10,"infinitespire:Broken Mirror":5,"Orrery":5,"halation:PenCase":10,"Molten Egg 2":6,"hubris:IronBody":13,"Garlic":9,"REME_ComplimentaryCards":0},{"SnailShell":3,"BargainBundle":5,"StuffTheSpire:Expresso":3,"halation:TrafficLight":3,"Burning Blood":0,"aspiration:StickyExplosives_weak":5,"CCEMRelics:IronFruit":5,"Replay:Baseball":5,"infinitespire:Broken Mirror":3,"Orrery":3,"halation:PenCase":5,"Molten Egg 2":4,"hubris:IronBody":5,"Garlic":5,"REME_ComplimentaryCards":0},{"SnailShell":13,"BargainBundle":20,"StuffTheSpire:Expresso":13,"halation:TrafficLight":13,"Burning Blood":0,"aspiration:StickyExplosives_weak":20,"CCEMRelics:IronFruit":20,"Replay:Baseball":20,"infinitespire:Broken Mirror":13,"Orrery":13,"halation:PenCase":20,"Molten Egg 2":18,"hubris:IronBody":20,"Garlic":20,"REME_ComplimentaryCards":0}],"Burning Blood":42},"card_choices":[{"not_picked":["hubris:StunningStrike","REME_ACTH"],"picked":"Impervious","floor":0},{"not_picked":["Headbutt","Anger","StuffTheSpire:Incineration"],"picked":"SKIP","floor":1},{"not_picked":["Pommel Strike","REME_Cut"],"picked":"Fire Breathing","floor":2},{"not_picked":["hubris:ReadiedAction","Clash","Run Through"],"picked":"SKIP","floor":4},{"not_picked":["Twin Strike","Wild Strike"],"picked":"Flame Barrier","floor":5},{"not_picked":["StuffTheSpire:RockThrow","StuffTheSpire:Incineration"],"picked":"ReplayReversal","floor":5},{"not_picked":["ReplayTheSpireMod:Strike From Hell+1","hubris:SharpeningStone","Sword Boomerang+1"],"picked":"SKIP","floor":6},{"not_picked":["Cleave+1","Wild Strike+1","rat:Decimate+1"],"picked":"SKIP","floor":7},{"not_picked":["Rupture","Anger+1"],"picked":"Shrug It Off","floor":14},{"not_picked":["Headbutt+1","Pommel Strike+1","True Grit"],"picked":"SKIP","floor":18}],"player_experience":181858,"relics_obtained":[{"floor":6,"key":"Molten Egg 2"},{"floor":9,"key":"Garlic"}],"event_choices":[{"damage_healed":106,"gold_gain":0,"player_choice":"Upgrade","damage_taken":21,"max_hp_gain":0,"max_hp_loss":107,"event_name":"betterThird:BetterShining","floor":12,"gold_loss":0,"cards_upgraded":["ReplayReversal","Defend_R"]}],"is_beta":false,"boss_relics":[{"not_picked":["REME_DemonsWealth","halation:Yufonium","Snecko Eye"]}],"items_purged_floors":[8,8,10,10],"is_endless":false,"potions_floor_spawned":[7,16],"killed_by":"3 Byrds","ascension_level":0}}