{"host":"eaiphzh066bwqdh7","time":1611961441,"event":{"mods":["BaseMod","Better Note","Halation","Hubris","Minty Spire (QoL Compilation)","Reliquary","Replay The Spire","StSLib"],"gold_per_floor":[361,361,425,425,438,438,471,471,471,471,506,519,294,315,315,438,438,462,9,9,33,52,52,76,76,76,76,76,90,90,111,111,111,111],"floor_reached":33,"language":"ENG","playtime":1202,"items_purged":["Defend_R","Strike_R"],"score":293,"play_id":"c41a9d05-7de9-4b40-a994-f0679aaf913b","local_time":"20210129180401","is_ascension_mode":true,"campfire_choices":[{"floor":6,"key":"REST"},{"floor":8,"key":"REST"},{"floor":10,"key":"REST"},{"floor":15,"key":"REST"},{"floor":23,"key":"REST"},{"floor":25,"key":"REST"},{"data":"Rampage","floor":27,"key":"SMITH"},{"data":"Phantasmal Killer","floor":30,"key":"SMITH"},{"floor":32,"key":"REST"}],"circlet_count":0,"master_deck":["Strike_R","Strike_R","Strike_R","Defend_R","Defend_R","Defend_R","Bash","Heavy Blade","ReplayTheSpireMod:Stacked","Metallicize","Headbutt","Metallicize","Rampage+1","Double Tap","CurseOfTheBell","Phantasmal Killer+1","hubris:Counter","Ghostly Armor+1"],"relics":["Burning Blood","Golden Idol","reliquary:Firecrackers","hubris:OldNail","MealTicket","halation:Toothbrush","reliquary:PorcupineQuills","Calling Bell","Orichalcum","hubris:DisguiseKit","hubris:64BitClover","hubris:PeanutButter","Nloth\u0027s Gift","Blood Vial"],"acts_visited":["Exordium","TheCity"],"potions_floor_usage":[11,14,22,33,33],"damage_taken":[{"damage":5,"enemies":"Small Slimes","floor":1,"turns":3},{"damage":3,"enemies":"2 Louse","floor":5,"turns":2},{"damage":31,"enemies":"Gremlin Nob","floor":7,"turns":5},{"damage":25,"enemies":"3 Sentries","floor":11,"turns":8},{"damage":10,"enemies":"Cultist","floor":12,"turns":4},{"damage":19,"enemies":"Gremlin Gang","floor":14,"turns":4},{"damage":37,"enemies":"Slime Boss","floor":16,"turns":9},{"damage":12,"enemies":"Spheric Guardian","floor":18,"turns":5},{"damage":26,"enemies":"3 Byrds","floor":21,"turns":8},{"damage":41,"enemies":"3 Cultists","floor":22,"turns":6},{"damage":9,"enemies":"Centurion and Healer","floor":24,"turns":6},{"damage":21,"enemies":"Snake Plant","floor":29,"turns":5},{"damage":73,"enemies":"3 Cultists","floor":31,"turns":7},{"damage":66,"enemies":"Collector","floor":33,"turns":7}],"seed_played":"4985732364682415474","potions_obtained":[{"floor":7,"key":"Fire Potion"},{"floor":12,"key":"Fire Potion"},{"floor":16,"key":"FearPotion"},{"floor":21,"key":"Strength Potion"},{"floor":31,"key":"Elixir"}],"is_trial":false,"path_per_floor":["M","?","?","?","M","R","E","R","T","R","E","M","$","M","R","B",null,"M","$","?","M","M","R","M","R","T","R","?","M","R","M","R","B"],"character_chosen":"IRONCLAD","items_purchased":["reliquary:PorcupineQuills","hubris:PeanutButter","FairyPotion"],"campfire_rested":7,"item_purchase_floors":[13,19,19],"current_hp_per_floor":[57,37,37,37,40,64,39,63,63,80,61,57,75,62,83,52,83,77,86,86,66,31,56,53,78,78,78,81,68,68,32,58,0,0],"gold":111,"neow_bonus":"TWO_FIFTY_GOLD","is_daily":false,"chose_seed":false,"campfire_upgraded":2,"win_rate":0.0,"timestamp":1611961441,"path_taken":["M","?","?","?","M","R","E","R","T","R","E","M","$","M","R","BOSS","M","$","?","?","M","R","M","R","T","R","?","M","R","M","R","BOSS"],"items_purchased_type":["Relic","Relic","Potion"],"build_version":"2020-12-22","purchased_purges":2,"victory":false,"max_hp_per_floor":[80,80,80,80,80,80,80,80,80,80,80,80,83,83,83,83,83,83,86,86,86,86,86,86,86,86,86,89,89,89,89,89,89,89],"card_choices":[{"not_picked":["Replay:Undeath\u0027s Touch","ReplayTheSpireMod:Corrosion Curse"],"picked":"Heavy Blade","floor":1},{"not_picked":["Pummel","Wild Strike"],"picked":"Pommel Strike","floor":3},{"not_picked":["Clothesline","Reckless Charge"],"picked":"ReplayTheSpireMod:Stacked","floor":3},{"not_picked":["ReplayTheSpireMod:LeadingStrike","Headbutt"],"picked":"Metallicize","floor":5},{"not_picked":["Clothesline","Sever Soul","Burning Pact"],"picked":"SKIP","floor":7},{"not_picked":["Twin Strike","Power Through"],"picked":"Headbutt","floor":11},{"not_picked":["Clash","Replay:Undeath\u0027s Touch"],"picked":"Metallicize","floor":12},{"not_picked":["Evolve","True Grit"],"picked":"Rampage","floor":14},{"not_picked":["Brutality","Replay:Many Hands"],"picked":"Double Tap","floor":16},{"not_picked":["hubris:SharpeningStone","ReplayTheSpireMod:Strike From Hell","Replay:Undeath\u0027s Touch","Dodge and Roll"],"picked":"SKIP","floor":18},{"not_picked":["Reaper","Replay:Undeath\u0027s Touch","Warcry"],"picked":"Phantasmal Killer","floor":21},{"not_picked":["Shockwave","Sentinel+1","Headbutt"],"picked":"hubris:Counter","floor":22},{"not_picked":["Perfected Strike","Thunderclap+1","hubris:ReadiedAction+1","Leg Sweep"],"picked":"SKIP","floor":24},{"not_picked":["Infernal Blade","Massacre","ReplayTheSpireMod:Shiv Toss"],"picked":"Ghostly Armor+1","floor":29},{"not_picked":["Searing Blow","Rupture","Thunderclap","Crippling Poison"],"picked":"SKIP","floor":31}],"player_experience":208494,"relics_obtained":[{"floor":3,"key":"reliquary:Firecrackers"},{"floor":7,"key":"MealTicket"},{"floor":9,"key":"halation:Toothbrush"},{"floor":11,"key":"Art of War"},{"floor":17,"key":"Orichalcum"},{"floor":17,"key":"hubris:DisguiseKit"},{"floor":17,"key":"hubris:64BitClover"},{"floor":26,"key":"Blood Vial"}],"event_choices":[{"damage_healed":0,"gold_gain":0,"player_choice":"Take Damage","damage_taken":20,"relics_obtained":["Golden Idol"],"max_hp_gain":0,"max_hp_loss":0,"event_name":"Golden Idol","floor":2,"gold_loss":0},{"cards_removed":["Pommel Strike"],"damage_healed":0,"gold_gain":0,"player_choice":"Gave Card","damage_taken":0,"relics_obtained":["hubris:OldNail"],"max_hp_gain":0,"max_hp_loss":0,"event_name":"WeMeetAgain","floor":4,"gold_loss":0},{"damage_healed":0,"gold_gain":0,"player_choice":"Traded Relic","damage_taken":0,"relics_obtained":["Nloth\u0027s Gift"],"max_hp_gain":0,"max_hp_loss":0,"event_name":"N\u0027loth","floor":20,"relics_lost":["Art of War"],"gold_loss":0},{"cards_removed":["Strike_R"],"damage_healed":0,"gold_gain":0,"player_choice":"Elegance","damage_taken":0,"max_hp_gain":0,"max_hp_loss":0,"event_name":"Back to Basics","floor":28,"gold_loss":0}],"is_beta":false,"boss_relics":[{"not_picked":["Replay:Bronze Core","SacredBark"],"picked":"Calling Bell"}],"items_purged_floors":[13,19],"is_endless":false,"potions_floor_spawned":[7,12,16,21,31],"killed_by":"Collector","ascension_level":3}}