{"host":"ss2ocoam53r2lno0","time":1611964500,"event":{"mods":["Act Like it!","BaseMod","ChefMod","Clockwork Mod","Colored Powertips","Curses Come First","Displayed Cursed Tome","Downfall","Evolution","Googly Eyes","Hallownest","Highlight Path","Minty Spire (QoL Compilation)","Poor People Problems","Rare Cards Sparkle","Reliquary","Robot Space Explorer","Shade Mod","Shop Mod","Spicy Shops","StSLib","TheSurvivalist"],"gold_per_floor":[111,36,36,36,53,53,83,83,83,95,95,95,75,91,91,168,168,184,99,114,114,132,147,147,47,47,47,47,47],"floor_reached":28,"language":"ENG","playtime":1611,"items_purged":["Clockwork:Shield","Clockwork:Strike"],"score":582,"play_id":"f2bce782-df57-4e5f-8029-caa57808b6ba","local_time":"20210130005500","is_ascension_mode":true,"campfire_choices":[{"data":"Clockwork:ChargingShield","floor":6,"key":"SMITH"},{"data":"Clockwork:Tinker","floor":8,"key":"SMITH"},{"data":"Clockwork:Handicap","floor":11,"key":"SMITH"},{"data":"Clockwork:SnapKeep","floor":15,"key":"SMITH"},{"floor":24,"key":"REST"},{"floor":27,"key":"REST"}],"circlet_count":0,"master_deck":["AscendersBane","Clockwork:Strike","Clockwork:Strike","Clockwork:Strike","Clockwork:Shield","Clockwork:Shield","Clockwork:Shield","Clockwork:Tinker+1","Clockwork:WarmUp","Clockwork:ChargingShield+1","Clockwork:SnapKeep+1","Clockwork:Efficiency+1"],"relics":["Clockwork:MomentumEngine","EVO:Axolotl","NeowsBlessing","reliquary:HotPoker","reliquary:FeatherDuster","reliquary:JackalopeAntler","reliquary:RedCape","sneckomod:BlankCard","Gremlin Horn"],"acts_visited":["Exordium","TheCity"],"potions_floor_usage":[18],"damage_taken":[{"damage":0,"enemies":"Cultist","floor":1,"turns":2},{"damage":2,"enemies":"Jaw Worm","floor":5,"turns":4},{"damage":0,"enemies":"Lagavulin","floor":7,"turns":4},{"damage":0,"enemies":"Small Slimes","floor":10,"turns":8},{"damage":8,"enemies":"2 Fungi Beasts","floor":14,"turns":8},{"damage":0,"enemies":"The Guardian","floor":16,"turns":21},{"damage":18,"enemies":"Chosen","floor":18,"turns":15},{"damage":17,"enemies":"Shell Parasite","floor":20,"turns":12},{"damage":2,"enemies":"Snake Plant","floor":22,"turns":12},{"damage":28,"enemies":"Shelled Parasite and Fungi","floor":23,"turns":11},{"damage":87,"enemies":"Gremlin Leader","floor":28,"turns":6}],"seed_played":"-92859880748544398","potions_obtained":[{"floor":1,"key":"Energy Potion"},{"floor":5,"key":"Swift Potion"},{"floor":7,"key":"Regen Potion"}],"is_trial":false,"path_per_floor":["M","$","?","T","M","R","E","R","T","M","R","?","?","M","R","B",null,"M","?","M","?","M","M","R","$","T","R","E"],"character_chosen":"CLOCKWORK","items_purchased":[],"campfire_rested":2,"item_purchase_floors":[],"current_hp_per_floor":[71,71,71,71,69,69,69,69,69,69,69,74,74,66,66,66,80,77,77,60,60,58,30,55,55,55,80,0,0],"gold":47,"neow_bonus":"THREE_ENEMY_KILL","is_daily":false,"chose_seed":false,"campfire_upgraded":4,"win_rate":0.0,"timestamp":1611964500,"path_taken":["M","$","?","?","M","R","E","R","T","?","R","?","?","?","R","BOSS","M","?","M","?","M","?","R","$","T","R","E"],"items_purchased_type":[],"build_version":"2020-12-22","purchased_purges":2,"victory":false,"max_hp_per_floor":[79,79,79,79,79,79,79,79,79,79,79,84,84,84,84,84,84,84,84,84,84,84,84,84,84,84,84,84,84],"card_choices":[{"not_picked":["Clockwork:ChargingBlade","Clockwork:ReserveSystems"],"picked":"Clockwork:ChargingShield","floor":1},{"not_picked":["Clockwork:LogisticRegression","Clockwork:EnthusiasticStrike","Clockwork:SmithsMallet"],"picked":"SKIP","floor":5},{"not_picked":["Clockwork:CogShield","Clockwork:SystemScan"],"picked":"Clockwork:SnapKeep","floor":7},{"not_picked":["Clockwork:AdaptiveCannon","Clockwork:CraftVarja","Clockwork:TestingEnvironment"],"picked":"SKIP","floor":10},{"not_picked":["Clockwork:HeadStart","Clockwork:AdaptiveShield","Clockwork:CraftVarja"],"picked":"SKIP","floor":14},{"not_picked":["Clockwork:SearchingStrike","Clockwork:Friction","Clockwork:Improve"],"picked":"SKIP","floor":18},{"not_picked":["Clockwork:CogToss+1","Clockwork:CogShield+1"],"picked":"Clockwork:Efficiency+1","floor":20},{"not_picked":["Clockwork:Pluck","Clockwork:Friction","Clockwork:Redundancy"],"picked":"SKIP","floor":22},{"not_picked":["Clockwork:ChargingBlade","Clockwork:TestingEnvironment","Clockwork:SearingStrike"],"picked":"SKIP","floor":23}],"player_experience":845553,"relics_obtained":[{"floor":4,"key":"reliquary:HotPoker"},{"floor":7,"key":"reliquary:FeatherDuster"},{"floor":9,"key":"reliquary:JackalopeAntler"},{"floor":26,"key":"Gremlin Horn"}],"event_choices":[{"damage_healed":0,"gold_gain":0,"player_choice":"Ignored","damage_taken":0,"max_hp_gain":0,"max_hp_loss":0,"event_name":"Liars Game","floor":3,"gold_loss":0},{"damage_healed":0,"gold_gain":0,"player_choice":"Donut","damage_taken":0,"max_hp_gain":5,"max_hp_loss":0,"event_name":"Big Fish","floor":12,"gold_loss":0},{"damage_healed":0,"gold_gain":0,"player_choice":"Bought 1 Potion","damage_taken":0,"max_hp_gain":0,"max_hp_loss":0,"event_name":"The Woman in Blue","floor":13,"gold_loss":0},{"damage_healed":0,"gold_gain":0,"player_choice":"Obtained Relic","damage_taken":0,"relics_obtained":["sneckomod:BlankCard"],"max_hp_gain":0,"max_hp_loss":0,"event_name":"Addict","floor":19,"gold_loss":85},{"damage_healed":0,"gold_gain":0,"player_choice":"0 cards matched","damage_taken":0,"max_hp_gain":0,"max_hp_loss":0,"event_name":"Match and Keep!","floor":21,"gold_loss":0,"cards_obtained":[]}],"is_beta":false,"boss_relics":[{"not_picked":["reliquary:Ember","Sozu"],"picked":"reliquary:RedCape"}],"items_purged_floors":[2,25],"is_endless":false,"potions_floor_spawned":[1,5,7],"killed_by":"Gremlin Leader","ascension_level":20}}