{"host":"juoup3p5tvzzktl5","time":1611896386,"event":{"mods":["ATMod(∞¢Ë™Mod)","Aspiration","BaseMod","Better Vampires","BetterRewards","Colored Map","Colored Powertips","Friendly Minions","GifTheSpireLib","Hermit","Hubris","Infinite Spire","KinomotoSakuraMod(ƒæ÷Æ±æ”£)","Koishi","KomeijiMod","Marisa£®ÏF”Í°°ƒß¿Ì…≥£©","Minty Spire (QoL Compilation)","Quick Restart","Reimu£®≤©¿ˆ¡È√Œ£©","Relic Filter Mod","Reliquary","Replay The Spire","Shop Mod","StSLib","The Administrix","The Alterego","The Bug Knight","The Construct","The Cursed","The Jungle","The Mystic","The Runesmith","The Senshi","Youmu£®ªÍ∆«—˝√Œ£©","Yuyuko"],"gold_per_floor":[112,92,102,193,193,193,225,244,244,244,256,156,176,207,207,282,282,296,296,316,366,69,69,96,113,113,143,154,154,154],"floor_reached":29,"language":"ZHS","playtime":786,"items_purged":["Strike_R","Poor:ReiMu","Hallucinations"],"score":1112,"play_id":"ee6426cf-d9c9-40ba-aca0-a1c8c8df61db","local_time":"20210129135946","is_ascension_mode":true,"campfire_choices":[{"floor":10.0,"key":"REST"},{"data":"Pot Of Greed","floor":15.0,"key":"SMITH"},{"floor":23.0,"key":"REST"}],"circlet_count":0,"master_deck":["AscendersBane","Strike_R","Strike_R","Strike_R","Defend_R","Defend_R","Defend_R","Defend_R","Bash","Pommel Strike","Fire Breathing","Wild Strike","Armaments","hubris:InfiniteBlow+392766","Pot Of Greed+1","Pot Of Greed","Warcry","hubris:StunningStrike","Double Tap"],"relics":["Burning Blood","AT_ATBox","ClockworkSouvenir","Grinning Jar","aspiration:FrozenJewel","Bottled Lightning","Nunchaku","aspiration:RitualDagger","alterego_mod:SomeoneToFightFor","HandDrill","ReplayTheSpireMod:Shallot","Runesmith:Nanobots","Prayer Wheel"],"acts_visited":["Exordium","TheCity"],"potions_floor_usage":[],"damage_taken":[{"damage":10.0,"enemies":"Small Slimes","floor":1.0,"turns":4.0},{"damage":7.0,"enemies":"Cultist","floor":3.0,"turns":4.0},{"damage":0.0,"enemies":"Nightmare","floor":7.0,"turns":2.0},{"damage":0.0,"enemies":"Jaw Worm","floor":8.0,"turns":1.0},{"damage":0.0,"enemies":"Lagavulin","floor":11.0,"turns":3.0},{"damage":0.0,"enemies":"Large Slime","floor":13.0,"turns":1.0},{"damage":0.0,"enemies":"Gremlin Nob","floor":14.0,"turns":2.0},{"damage":0.0,"enemies":"The Guardian","floor":16.0,"turns":1.0},{"damage":25.0,"enemies":"Shell Parasite","floor":18.0,"turns":3.0},{"damage":19.0,"enemies":"2 Thieves","floor":20.0,"turns":5.0},{"damage":12.0,"enemies":"Replay:Snechameleon","floor":24.0,"turns":2.0},{"damage":6.0,"enemies":"Snecko","floor":25.0,"turns":2.0},{"damage":3.0,"enemies":"Book of Stabbing","floor":27.0,"turns":1.0},{"damage":3.0,"enemies":"Snake Plant","floor":28.0,"turns":1.0},{"damage":3,"enemies":"Nightmare","floor":29,"turns":1}],"seed_played":"-4192418182340292153","potions_obtained":[{"floor":1.0,"key":"BlessingOfTheForge"},{"floor":2.0,"key":"Doom Potion"}],"is_trial":false,"path_per_floor":["M","?","M","?","?","?","NM","M","T","R","E","$","M","E","R","B",null,"M","?","M","?","$","R","E","M","T","E","M","NM"],"character_chosen":"IRONCLAD","items_purchased":["ClockworkSouvenir","HandDrill"],"campfire_rested":2,"item_purchase_floors":[0,22],"current_hp_per_floor":[56,56,55,31,24,24,30,36,36,58,64,64,70,75,75,75,75,56,56,43,43,43,65,66,66,66,69,72,69,69],"gold":154,"neow_bonus":"","is_daily":false,"chose_seed":false,"campfire_upgraded":1,"win_rate":0.0,"timestamp":1611896386,"path_taken":["M","?","?","?","?","?","NM","M","T","R","E","?","M","E","R","BOSS","M","?","M","?","$","R","E","?","T","E","M","NM"],"items_purchased_type":["Relic","Relic"],"build_version":"2020-12-22","purchased_purges":3,"victory":false,"max_hp_per_floor":[75,75,75,75,75,75,75,75,75,75,75,75,75,75,75,75,75,75,75,75,75,75,75,75,75,75,75,75,75,75],"card_choices":[{"not_picked":["ReplayTheSpireMod:Strike From Hell","Perfected Strike"],"picked":"Pommel Strike","floor":1.0},{"not_picked":["ReplayTheSpireMod:Strike From Hell","Twin Strike"],"picked":"Fire Breathing","floor":3.0},{"not_picked":["Eclipse","Ghostly Armor"],"picked":"Wild Strike","floor":4.0},{"not_picked":["AT_BodySlamDance","Dropkick"],"picked":"Armaments","floor":4.0},{"not_picked":["infinitespire:Fortify","ReplayTheSpireMod:Black Plague"],"picked":"hubris:InfiniteBlow+65461","floor":6.0},{"not_picked":["Warcry","Ghostly Armor","Body Slam"],"picked":"SKIP","floor":7.0},{"not_picked":["True Grit","Rage","AT_ManFootWork"],"picked":"SKIP","floor":8.0},{"not_picked":["Feel No Pain","hubris:ReadiedAction"],"picked":"Warcry","floor":11.0},{"not_picked":["Flex","Headbutt","True Grit"],"picked":"SKIP","floor":13.0},{"not_picked":["Twin Strike","Heavy Blade","Cleave"],"picked":"SKIP","floor":14.0},{"not_picked":["Feed","AT_Dispersion"],"picked":"hubris:StunningStrike","floor":16.0},{"not_picked":["Anger","Headbutt","Iron Wave"],"picked":"SKIP","floor":18.0},{"not_picked":["Iron Wave","Power Through","ReplayTheSpireMod:Limb From Limb"],"picked":"SKIP","floor":20.0},{"not_picked":["Cleave","Wild Strike"],"picked":"Double Tap","floor":24.0},{"not_picked":["Armaments","Second Wind","Shrug It Off"],"picked":"SKIP","floor":25.0},{"not_picked":["Metallicize","Battle Trance","Shockwave"],"picked":"SKIP","floor":27.0},{"not_picked":["Sword Boomerang","Thunderclap","Run Through"],"picked":"SKIP","floor":28.0},{"not_picked":["ReplayTheSpireMod:Muscle Training+1","Anger","ReplayTheSpireMod:Strike From Hell"],"picked":"SKIP","floor":28.0}],"player_experience":1090482,"relics_obtained":[{"floor":7.0,"key":"Grinning Jar"},{"floor":9.0,"key":"aspiration:FrozenJewel"},{"floor":11.0,"key":"Bottled Lightning"},{"floor":14.0,"key":"Nunchaku"},{"floor":24.0,"key":"ReplayTheSpireMod:Shallot"},{"floor":26.0,"key":"Runesmith:Nanobots"},{"floor":27.0,"key":"Prayer Wheel"}],"event_choices":[{"damage_healed":0.0,"max_hp_gain":0.0,"max_hp_loss":0.0,"gold_gain":0.0,"event_name":"The Woman in Blue","player_choice":"Bought 1 Potion","floor":2.0,"gold_loss":0.0,"damage_taken":0.0},{"cards_removed":["Strike_R"],"damage_healed":0.0,"max_hp_gain":0.0,"max_hp_loss":0.0,"gold_gain":0.0,"event_name":"Golden Wing","player_choice":"Card Removal","floor":5.0,"gold_loss":0.0,"damage_taken":7.0},{"damage_healed":0.0,"max_hp_gain":0.0,"max_hp_loss":0.0,"gold_gain":0.0,"event_name":"∞Æµƒ…Ò •ª®‘∞","player_choice":"Choice 2","floor":19.0,"gold_loss":0.0,"damage_taken":0.0,"relics_obtained":["alterego_mod:SomeoneToFightFor"]},{"damage_healed":0.0,"max_hp_gain":0.0,"max_hp_loss":0.0,"gold_gain":50.0,"event_name":"Golden Shrine","player_choice":"Pray","floor":21.0,"gold_loss":0.0,"damage_taken":0.0}],"is_beta":false,"boss_relics":[{"not_picked":["hubris:VirtuousBlindfold","Runic Pyramid"],"picked":"aspiration:RitualDagger"}],"items_purged_floors":[0,12,22],"is_endless":false,"potions_floor_spawned":[1,11,13,25,27],"killed_by":"Nightmare","ascension_level":20}}