{"host":"sc0o2qwpf9j16a4i","time":1611941642,"event":{"mods":["AchievementEnabler","BaseMod","BetterRewards","Block Reminder","Colored Map","Colored Powertips","Custom Start","Highlight Path","Minty Spire (QoL Compilation)","Relic Stats"],"gold_per_floor":[115,127,127,139,158,189,205,230,230,230,230,308,308,319,319,423,423,443,119,134,146,165,193,209,242,242,242,242,252,21,32,32,134,134,150,204,215,215,234,265,265,265,265],"floor_reached":42,"language":"ENG","playtime":2270,"items_purged":["Grand Finale"],"score":657,"play_id":"338b59a6-71b7-455b-8312-f9bf0036ec9d","local_time":"20210129193402","daily_mods":["Shiny","Green Cards","Terminal"],"is_ascension_mode":false,"campfire_choices":[{"data":"Adrenaline","floor":11,"key":"SMITH"},{"data":"Night Terror","floor":15,"key":"SMITH"},{"data":"Adrenaline","floor":32,"key":"SMITH"}],"circlet_count":0,"master_deck":["Venomology","Corpse Explosion","Malaise","Die Die Die","Adrenaline+1","Envenom","Burst","Wraith Form v2+1","Night Terror+1","After Image","Bullet Time","Storm of Steel","Glass Knife+1","A Thousand Cuts","Multi-Cast","Hyperbeam","Biased Cognition","Machine Learning","Electrodynamics","Buffer","Rainbow","Seek","Meteor Strike","Echo Form","All For One","Reboot","Amplify","Creative AI","Fission","Core Surge+1","Sweeping Beam","Hologram","Conserve Battery","Crippling Poison","Genetic Algorithm","Adrenaline+1","Turbo+1","Skewer+1","Catalyst","Static Discharge","Outmaneuver+1","Compile Driver+1","Terror","Melter+1","Genetic Algorithm","Heatsinks+1","Adrenaline","Force Field","Leap+1","Well Laid Plans+1","Blind","Dark Shackles","Jack Of All Trades","Crippling Poison","Adrenaline"],"relics":["FrozenCore","PreservedInsect","Dream Catcher","Bottled Lightning","Molten Egg 2","Darkstone Periapt","Mercury Hourglass","Frozen Egg 2","Pantograph","Meat on the Bone","Medical Kit","Empty Cage","Du-Vu Doll","Whetstone"],"acts_visited":["Exordium","TheCity","TheBeyond"],"potions_floor_usage":[4,6,8,8,14,20,21,22,23,25,25,33,33,36,39,42,42,42],"damage_taken":[{"damage":0,"enemies":"Cultist","floor":1,"turns":4},{"damage":0,"enemies":"Small Slimes","floor":2,"turns":2},{"damage":2,"enemies":"Jaw Worm","floor":4,"turns":4},{"damage":0,"enemies":"Large Slime","floor":5,"turns":3},{"damage":4,"enemies":"3 Sentries","floor":6,"turns":2},{"damage":0,"enemies":"3 Louse","floor":7,"turns":1},{"damage":2,"enemies":"Lagavulin","floor":8,"turns":6},{"damage":4,"enemies":"Red Slaver","floor":14,"turns":4},{"damage":0,"enemies":"Slime Boss","floor":16,"turns":6},{"damage":16,"enemies":"2 Thieves","floor":18,"turns":3},{"damage":3,"enemies":"Shell Parasite","floor":20,"turns":4},{"damage":0,"enemies":"Centurion and Healer","floor":21,"turns":3},{"damage":9,"enemies":"Shelled Parasite and Fungi","floor":22,"turns":4},{"damage":2,"enemies":"Slavers","floor":23,"turns":2},{"damage":0,"enemies":"Snake Plant","floor":24,"turns":3},{"damage":0,"enemies":"Book of Stabbing","floor":25,"turns":7},{"damage":8,"enemies":"Centurion and Healer","floor":29,"turns":5},{"damage":0,"enemies":"Shelled Parasite and Fungi","floor":31,"turns":8},{"damage":20,"enemies":"Champ","floor":33,"turns":9},{"damage":0,"enemies":"3 Shapes","floor":35,"turns":7},{"damage":0,"enemies":"2 Orb Walkers","floor":36,"turns":4},{"damage":0,"enemies":"Orb Walker","floor":37,"turns":5},{"damage":16,"enemies":"Jaw Worm Horde","floor":39,"turns":4},{"damage":1,"enemies":"Giant Head","floor":40,"turns":7},{"damage":43,"enemies":"Reptomancer","floor":42,"turns":2}],"seed_played":"-5581648080951234755","potions_obtained":[{"floor":4,"key":"SteroidPotion"},{"floor":7,"key":"FearPotion"},{"floor":8,"key":"Ancient Potion"},{"floor":14,"key":"Weak Potion"},{"floor":20,"key":"PowerPotion"},{"floor":22,"key":"ColorlessPotion"},{"floor":23,"key":"Ancient Potion"},{"floor":25,"key":"ColorlessPotion"},{"floor":36,"key":"EssenceOfSteel"},{"floor":40,"key":"DuplicationPotion"}],"is_trial":true,"path_per_floor":["M","M","?","M","M","E","M","E","T","?","R","?","T","M","R","B",null,"M","$","M","M","M","E","M","E","T","?","?","M","$","M","R","B",null,"M","?","M","?","M","E","?","E"],"character_chosen":"DEFECT","items_purchased":["Skewer+1","Mercury Hourglass","Medical Kit"],"campfire_rested":0,"item_purchase_floors":[19,19,30],"current_hp_per_floor":[73,72,65,63,63,59,59,57,57,57,57,57,57,53,53,53,57,41,41,38,38,29,27,27,27,27,27,27,31,31,31,31,22,40,39,38,37,27,23,22,22,0,0],"gold":265,"neow_bonus":"","is_daily":false,"chose_seed":false,"campfire_upgraded":3,"win_rate":0.0,"timestamp":1611941642,"path_taken":["M","M","?","M","M","E","M","E","T","?","R","?","?","M","R","BOSS","M","?","M","?","M","E","M","E","T","?","?","M","$","M","R","BOSS","M","?","M","?","M","E","?","E"],"items_purchased_type":["Card","Relic","Relic"],"build_version":"2020-12-22","purchased_purges":1,"victory":false,"max_hp_per_floor":[73,72,71,70,69,68,67,66,65,64,63,62,61,60,59,58,57,56,55,54,53,52,51,50,49,48,47,46,45,44,43,42,41,40,39,38,37,36,35,34,33,33,33],"relic_stats":{"Darkstone Periapt":0,"Dream Catcher":0,"counters":[25,109],"Pantograph":11,"PreservedInsect":324,"Whetstone":["Core Surge","Glass Knife"],"Medical Kit":[2],"obtain_stats":[{"Darkstone Periapt":13,"PreservedInsect":3,"Whetstone":40,"Frozen Egg 2":23,"Medical Kit":30,"Empty Cage":34,"FrozenCore":17,"Mercury Hourglass":19,"Du-Vu Doll":36,"Dream Catcher":6,"Pantograph":25,"Molten Egg 2":9,"Bottled Lightning":8,"Cracked Core":0,"Meat on the Bone":26},{"Darkstone Periapt":7,"PreservedInsect":2,"Whetstone":24,"Frozen Egg 2":14,"Medical Kit":17,"Empty Cage":19,"FrozenCore":9,"Mercury Hourglass":10,"Du-Vu Doll":21,"Dream Catcher":5,"Pantograph":16,"Molten Egg 2":7,"Bottled Lightning":7,"Cracked Core":0,"Meat on the Bone":16},{"Darkstone Periapt":22,"PreservedInsect":6,"Whetstone":107,"Frozen Egg 2":48,"Medical Kit":63,"Empty Cage":80,"FrozenCore":32,"Mercury Hourglass":35,"Du-Vu Doll":91,"Dream Catcher":15,"Pantograph":58,"Molten Egg 2":22,"Bottled Lightning":22,"Cracked Core":0,"Meat on the Bone":58}],"FrozenCore":[33],"Mercury Hourglass":[238],"Meat on the Bone":24},"card_choices":[{"not_picked":["Quick Slash","Consume"],"picked":"Sweeping Beam","floor":1},{"not_picked":["Underhanded Strike","Infinite Blades","Bane"],"picked":"SKIP","floor":2},{"not_picked":["Streamline","Redo","Dagger Spray"],"picked":"SKIP","floor":4},{"not_picked":["Caltrops","Heel Hook"],"picked":"Hologram","floor":5},{"not_picked":["Flechettes","Backflip"],"picked":"Conserve Battery","floor":6},{"not_picked":["Distraction","PiercingWail","Rebound"],"picked":"SKIP","floor":7},{"not_picked":["Hello World","Envenom"],"picked":"Crippling Poison","floor":8},{"not_picked":["Beam Cell+1","Accuracy"],"picked":"Genetic Algorithm","floor":14},{"not_picked":["Grand Finale+1","Rainbow"],"picked":"Adrenaline","floor":16},{"not_picked":["Ball Lightning+1","Flechettes+1"],"picked":"Turbo+1","floor":18},{"not_picked":["Choke+1","Steam","Chaos"],"picked":"SKIP","floor":20},{"not_picked":["Reprogram","Outmaneuver"],"picked":"Catalyst","floor":21},{"not_picked":["Steam","Rip and Tear+1"],"picked":"Static Discharge","floor":22},{"not_picked":["Masterful Stab+1","FTL+1"],"picked":"Outmaneuver+1","floor":23},{"not_picked":["BootSequence","Beam Cell+1"],"picked":"Compile Driver+1","floor":24},{"not_picked":["Quick Slash+1","Ball Lightning+1","Compile Driver+1"],"picked":"SKIP","floor":25},{"not_picked":["Bane+1","Deadly Poison","Dagger Spray+1"],"picked":"SKIP","floor":29},{"not_picked":["Consume","Outmaneuver"],"picked":"Heatsinks+1","floor":31},{"not_picked":["Burst","Thunder Strike+1"],"picked":"Adrenaline","floor":33},{"not_picked":["Escape Plan","Quick Slash+1"],"picked":"Force Field","floor":35},{"not_picked":["Self Repair+1","Deadly Poison"],"picked":"Leap+1","floor":36},{"not_picked":["Eviscerate+1","Hologram"],"picked":"Well Laid Plans+1","floor":37},{"not_picked":["The Bomb","Finesse"],"picked":"Blind","floor":38},{"not_picked":["Finesse","Impatience"],"picked":"Dark Shackles","floor":38},{"not_picked":["Enlightenment","Dramatic Entrance+1"],"picked":"Jack Of All Trades","floor":38},{"not_picked":["Gash+1","Slice+1"],"picked":"Crippling Poison","floor":39},{"not_picked":["Fusion","Dagger Throw+1"],"picked":"Adrenaline","floor":40}],"player_experience":1054446,"relics_obtained":[{"floor":6,"key":"Dream Catcher"},{"floor":8,"key":"Bottled Lightning"},{"floor":9,"key":"Molten Egg 2"},{"floor":13,"key":"Darkstone Periapt"},{"floor":23,"key":"Frozen Egg 2"},{"floor":25,"key":"Pantograph"},{"floor":26,"key":"Meat on the Bone"},{"floor":36,"key":"Du-Vu Doll"},{"floor":40,"key":"Whetstone"}],"event_choices":[{"damage_healed":0,"gold_gain":0,"player_choice":"Success","damage_taken":7,"relics_obtained":["PreservedInsect"],"max_hp_gain":0,"max_hp_loss":0,"event_name":"Scrap Ooze","floor":3,"gold_loss":0},{"damage_healed":0,"gold_gain":0,"player_choice":"Grow","damage_taken":0,"max_hp_gain":0,"max_hp_loss":0,"event_name":"Living Wall","floor":10,"gold_loss":0,"cards_upgraded":["Wraith Form v2"]},{"damage_healed":0,"gold_gain":78,"player_choice":"Gained Gold","damage_taken":0,"max_hp_gain":0,"max_hp_loss":0,"event_name":"Golden Wing","floor":12,"gold_loss":0},{"damage_healed":0,"gold_gain":0,"cards_transformed":["Doppelganger","Phantasmal Killer"],"player_choice":"Became Test Subject","damage_taken":0,"max_hp_gain":0,"max_hp_loss":0,"event_name":"Drug Dealer","floor":27,"gold_loss":0,"cards_obtained":["Terror","Melter"]},{"damage_healed":0,"gold_gain":0,"player_choice":"Read","damage_taken":0,"max_hp_gain":0,"max_hp_loss":0,"event_name":"The Library","floor":28,"gold_loss":0,"cards_obtained":["Genetic Algorithm"]},{"damage_healed":0,"gold_gain":0,"player_choice":"Fight","damage_taken":0,"max_hp_gain":0,"max_hp_loss":0,"event_name":"Mysterious Sphere","floor":36,"gold_loss":0},{"damage_healed":0,"gold_gain":0,"player_choice":"Memory 3","damage_taken":10,"max_hp_gain":0,"max_hp_loss":0,"event_name":"SensoryStone","floor":38,"gold_loss":0},{"cards_removed":["Thunder Strike"],"damage_healed":0,"gold_gain":0,"player_choice":"Purged","damage_taken":0,"max_hp_gain":0,"max_hp_loss":0,"event_name":"Purifier","floor":41,"gold_loss":0}],"is_beta":false,"boss_relics":[{"not_picked":["Runic Dome","Inserter"],"picked":"FrozenCore"},{"not_picked":["Nuclear Battery","Philosopher\u0027s Stone"],"picked":"Empty Cage"}],"items_purged_floors":[30],"is_endless":false,"potions_floor_spawned":[4,7,8,14,20,22,23,25,29,36,37,40],"killed_by":"Reptomancer","ascension_level":0}}