{"host":"vumwfieg2b2mnrfl","time":1611891913,"event":{"mods":["AchievementEnabler","BaseMod","Minty Spire (QoL Compilation)","Rare Cards Sparkle","Relic Stats"],"gold_per_floor":[99,99,99,62,62,62,62,22,22,22,22,22,22,22,22,22,22,22,22,22,22,22,22,22,22,22,22,22,22,22,22,22,22,22,22,0,0,0,0,0,0,0,0,0,0,0],"floor_reached":45,"language":"ENG","playtime":1866,"items_purged":[],"score":963,"play_id":"88bc74a2-6d06-42bf-9d9c-7dfd13f3af6f","local_time":"20210128214513","is_ascension_mode":true,"campfire_choices":[{"floor":7.0,"key":"REST"},{"data":"Bouncing Flask","floor":12.0,"key":"SMITH"},{"data":"Footwork","floor":15.0,"key":"SMITH"},{"floor":27.0,"key":"REST"},{"floor":32.0,"key":"REST"},{"floor":40,"key":"REST"},{"floor":42,"key":"REST"}],"circlet_count":0,"master_deck":["AscendersBane","Survivor","Neutralize","Bouncing Flask+1","Footwork+1","Leg Sweep","Backflip","PiercingWail","Deflect","Escape Plan","Pain","Poisoned Stab","Burst","Acrobatics+1","Bouncing Flask+1","Noxious Fumes","Backflip","Footwork","Burst","Masterful Stab","Wraith Form v2","Footwork","Backflip","Distraction","Doppelganger","Infinite Blades","Phantasmal Killer","Sucker Punch","Footwork","Leg Sweep+1","Noxious Fumes","Panache"],"relics":["Ectoplasm","Sundial","The Specimen","Turnip","WarpedTongs","Fusion Hammer","CeramicFish","Shovel","White Beast Statue","Pandora\u0027s Box","Red Mask","Akabeko","Paper Crane"],"acts_visited":["Exordium","TheCity","TheBeyond"],"potions_floor_usage":[39,41,45],"damage_taken":[{"damage":14.0,"enemies":"2 Louse","floor":1.0,"turns":3.0},{"damage":0.0,"enemies":"Cultist","floor":3.0,"turns":3.0},{"damage":0.0,"enemies":"Jaw Worm","floor":5.0,"turns":4.0},{"damage":21.0,"enemies":"Gremlin Nob","floor":6.0,"turns":4.0},{"damage":1.0,"enemies":"Looter","floor":8.0,"turns":4.0},{"damage":25.0,"enemies":"3 Sentries","floor":10.0,"turns":13.0},{"damage":4.0,"enemies":"Lots of Slimes","floor":14.0,"turns":5.0},{"damage":17.0,"enemies":"Hexaghost","floor":16.0,"turns":12.0},{"damage":6.0,"enemies":"Chosen","floor":18.0,"turns":7.0},{"damage":5.0,"enemies":"Spheric Guardian","floor":21.0,"turns":4.0},{"damage":8.0,"enemies":"Shelled Parasite and Fungi","floor":22.0,"turns":5.0},{"damage":12.0,"enemies":"Book of Stabbing","floor":23.0,"turns":5.0},{"damage":3.0,"enemies":"Cultist and Chosen","floor":30.0,"turns":5.0},{"damage":0.0,"enemies":"Snake Plant","floor":31.0,"turns":4.0},{"damage":38.0,"enemies":"Automaton","floor":33.0,"turns":10.0},{"damage":2.0,"enemies":"3 Shapes","floor":35.0,"turns":5.0},{"damage":49,"enemies":"3 Darklings","floor":39,"turns":14},{"damage":22,"enemies":"Giant Head","floor":41,"turns":10},{"damage":26,"enemies":"Writhing Mass","floor":45,"turns":6}],"seed_played":"-7026110962412048651","potions_obtained":[{"floor":1.0,"key":"DuplicationPotion"},{"floor":3.0,"key":"SpeedPotion"},{"floor":6.0,"key":"Strength Potion"},{"floor":8.0,"key":"DistilledChaos"},{"floor":18.0,"key":"EssenceOfSteel"},{"floor":23.0,"key":"SpeedPotion"},{"floor":30.0,"key":"Block Potion"},{"floor":31.0,"key":"LiquidBronze"},{"floor":33.0,"key":"Block Potion"},{"floor":35.0,"key":"DuplicationPotion"},{"floor":39,"key":"PowerPotion"},{"floor":41,"key":"DistilledChaos"}],"is_trial":false,"path_per_floor":["M","?","M","$","M","E","R","M","T","E","?","R","?","M","R","B",null,"M","$","?","M","M","E","T","$","T","R","?","$","M","M","R","B",null,"M","?","$","?","M","R","E","R","T","?","M"],"character_chosen":"THE_SILENT","items_purchased":["Leg Sweep"],"campfire_rested":5,"item_purchase_floors":[4],"current_hp_per_floor":[45,41,41,41,41,20,39,38,38,13,35,35,35,31,31,14,53,47,47,47,42,34,22,22,22,22,41,23,23,20,20,41,3,54,52,52,52,52,3,24,2,23,23,23,0,0],"gold":0,"neow_bonus":"BOSS_RELIC","is_daily":false,"chose_seed":false,"campfire_upgraded":2,"win_rate":0.0,"timestamp":1611891913,"path_taken":["M","?","M","?","?","E","R","M","T","E","?","R","?","M","R","BOSS","M","?","?","M","?","E","?","?","T","R","?","$","M","M","R","BOSS","M","?","$","?","M","R","E","R","T","?","M"],"items_purchased_type":["Card"],"build_version":"2020-12-22","purchased_purges":0,"victory":false,"max_hp_per_floor":[66,66,66,66,66,66,66,66,66,66,66,66,66,66,66,66,66,66,66,66,66,66,66,66,66,66,66,71,71,71,71,71,71,71,71,71,71,71,71,71,71,71,71,71,71,71],"relic_stats":{"Shovel":0,"counters":[19,123],"Sundial":[14],"CeramicFish":0,"Pandora\u0027s Box":["Masterful Stab","Wraith Form v2","Footwork","Backflip","Distraction","Doppelganger","Infinite Blades","Phantasmal Killer","Sucker Punch","Footwork"],"Ectoplasm":663,"Turnip":[9],"obtain_stats":[{"The Specimen":9,"CeramicFish":23,"Paper Crane":43,"White Beast Statue":26,"Akabeko":41,"WarpedTongs":13,"Shovel":24,"Sundial":6,"Pandora\u0027s Box":34,"Ectoplasm":0,"Turnip":10,"Fusion Hammer":17,"Red Mask":36,"Ring of the Snake":0},{"The Specimen":5,"CeramicFish":12,"Paper Crane":18,"White Beast Statue":12,"Akabeko":18,"WarpedTongs":6,"Shovel":12,"Sundial":4,"Pandora\u0027s Box":15,"Ectoplasm":0,"Turnip":6,"Fusion Hammer":8,"Red Mask":16,"Ring of the Snake":0},{"The Specimen":18,"CeramicFish":69,"Paper Crane":117,"White Beast Statue":69,"Akabeko":117,"WarpedTongs":31,"Shovel":69,"Sundial":14,"Pandora\u0027s Box":88,"Ectoplasm":0,"Turnip":31,"Fusion Hammer":48,"Red Mask":93,"Ring of the Snake":0}],"WarpedTongs":[92]},"card_choices":[{"not_picked":["Noxious Fumes","Flechettes"],"picked":"Bouncing Flask","floor":1.0},{"not_picked":["Dagger Spray","Cloak And Dagger"],"picked":"Footwork","floor":3.0},{"not_picked":["Cloak And Dagger","Reflex"],"picked":"Backflip","floor":5.0},{"not_picked":["Flechettes","Caltrops"],"picked":"PiercingWail","floor":6.0},{"not_picked":["A Thousand Cuts","Quick Slash"],"picked":"Deflect","floor":8.0},{"not_picked":["Dagger Spray","Underhanded Strike"],"picked":"Escape Plan","floor":10.0},{"not_picked":["Dagger Spray","Dagger Throw"],"picked":"Poisoned Stab","floor":14.0},{"not_picked":["Night Terror","Adrenaline"],"picked":"Burst","floor":16.0},{"not_picked":["Prepared","Accuracy"],"picked":"Acrobatics+1","floor":18.0},{"not_picked":["Quick Slash","Heel Hook","Flying Knee"],"picked":"SKIP","floor":21.0},{"not_picked":["Flying Knee","Outmaneuver","Cloak And Dagger"],"picked":"SKIP","floor":22.0},{"not_picked":["Calculated Gamble","All Out Attack"],"picked":"Noxious Fumes","floor":23.0},{"not_picked":["Outmaneuver","Deadly Poison"],"picked":"Backflip","floor":30.0},{"not_picked":["Prepared+1","Deadly Poison"],"picked":"Footwork","floor":31.0},{"not_picked":["Doppelganger","Phantasmal Killer"],"picked":"Burst","floor":33.0},{"not_picked":["Slice","Outmaneuver"],"picked":"Leg Sweep+1","floor":35.0},{"not_picked":["Choke+1","Quick Slash","Backflip"],"picked":"SKIP","floor":39},{"not_picked":["Endless Agony","Sucker Punch+1"],"picked":"Noxious Fumes","floor":41},{"not_picked":["Purity","Dramatic Entrance"],"picked":"Panache","floor":44}],"player_experience":490933,"relics_obtained":[{"floor":6.0,"key":"Sundial"},{"floor":9.0,"key":"The Specimen"},{"floor":10.0,"key":"Turnip"},{"floor":23.0,"key":"CeramicFish"},{"floor":24.0,"key":"Shovel"},{"floor":26.0,"key":"White Beast Statue"},{"floor":41,"key":"Akabeko"},{"floor":43,"key":"Paper Crane"}],"event_choices":[{"damage_healed":0.0,"max_hp_gain":0.0,"max_hp_loss":0.0,"gold_gain":0.0,"event_name":"The Woman in Blue","player_choice":"Bought 0 Potions","floor":2.0,"gold_loss":0.0,"damage_taken":0.0},{"damage_healed":22.0,"max_hp_gain":0.0,"max_hp_loss":0.0,"gold_gain":0.0,"event_name":"Big Fish","player_choice":"Banana","floor":11.0,"gold_loss":0.0,"damage_taken":0.0},{"damage_healed":0.0,"max_hp_gain":0.0,"max_hp_loss":0.0,"gold_gain":0.0,"event_name":"Accursed Blacksmith","player_choice":"Rummage","floor":13.0,"gold_loss":0.0,"damage_taken":0.0,"relics_obtained":["WarpedTongs"],"cards_obtained":["Pain"]},{"damage_healed":0.0,"max_hp_gain":0.0,"max_hp_loss":0.0,"gold_gain":0.0,"event_name":"Duplicator","player_choice":"Copied","floor":20.0,"gold_loss":0.0,"damage_taken":0.0,"cards_obtained":["Bouncing Flask"]},{"damage_healed":0.0,"max_hp_gain":5.0,"max_hp_loss":0.0,"gold_gain":0.0,"event_name":"Forgotten Altar","player_choice":"Shed Blood","floor":28.0,"gold_loss":0.0,"damage_taken":23.0},{"damage_healed":0.0,"max_hp_gain":0.0,"max_hp_loss":0.0,"gold_gain":0.0,"event_name":"Tomb of Lord Red Mask","player_choice":"Paid","floor":36.0,"gold_loss":22.0,"damage_taken":0.0,"relics_obtained":["Red Mask"]},{"damage_healed":0,"gold_gain":0,"player_choice":"Ignored","damage_taken":0,"max_hp_gain":0,"max_hp_loss":0,"event_name":"Mysterious Sphere","floor":38,"gold_loss":0},{"damage_healed":0,"gold_gain":0,"player_choice":"Memory 1","damage_taken":0,"max_hp_gain":0,"max_hp_loss":0,"event_name":"SensoryStone","floor":44,"gold_loss":0}],"is_beta":false,"boss_relics":[{"not_picked":["Runic Dome","SacredBark"],"picked":"Fusion Hammer"},{"not_picked":["Runic Pyramid","Philosopher\u0027s Stone"],"picked":"Pandora\u0027s Box"}],"items_purged_floors":[],"is_endless":false,"potions_floor_spawned":[1,3,6,8,18,22,23,30,31,33,35,39,41],"killed_by":"Writhing Mass","ascension_level":20}}