{"host":"8fuipfsvjht9cgcs","time":1611903762,"event":{"mods":["AchievementEnabler","BaseMod","Colored Map","Colored Powertips","DeckTracker","Friendly Minions","Kiyohime£¨?ýï£©","Marisa£¨Ùöéë¡¡Øª×âÞÞ£©","Minty Spire (QoL Compilation)","Prisma Mod","StSLib","SuperFastMode","The Cursed","The Gatherer"],"gold_per_floor":[116,171,181,181,60,91,91,124,177,211,161,177,202,202,202,275,275,289,304,304,63,76,76,103,49,49,49,62,76,93,343,343,420,420,432,76,151,201,212,212,245,245,245,255,305,315,315,331,331,331],"floor_reached":51,"language":"KOR","playtime":1401,"items_purged":["Defend_R","Defend_R"],"score":1293,"play_id":"dbe5a9e4-08f3-4331-af03-7e268757c634","local_time":"20210129200242","is_ascension_mode":true,"campfire_choices":[{"data":"Perfected Strike","floor":7.0,"key":"SMITH"},{"data":"Perfected Strike","floor":15.0,"key":"SMITH"},{"data":"Dual Wield","floor":23.0,"key":"SMITH"},{"data":"Perfected Strike","floor":27.0,"key":"SMITH"},{"data":"True Grit","floor":32.0,"key":"SMITH"},{"data":"Apotheosis","floor":40.0,"key":"SMITH"},{"data":"Shockwave","floor":42.0,"key":"SMITH"},{"floor":47.0,"key":"REST"},{"data":"Dual Wield","floor":49,"key":"SMITH"}],"circlet_count":0,"master_deck":["AscendersBane","Strike_R","Strike_R","Strike_R","Strike_R+1","Strike_R","Defend_R+1","Bash","Shrug It Off","Perfected Strike+1","Perfected Strike+1","Shrug It Off","Shrug It Off","Offering","Pommel Strike","Dual Wield+1","True Grit+1","Apotheosis+1","Clothesline","Shrug It Off+1","Bludgeon","Perfected Strike+1","Shockwave+1","Bludgeon","Wild Strike","Shrug It Off","Dual Wield+1"],"relics":["Black Blood","NeowsBlessing","Regal Pillow","Happy Flower","Prayer Wheel","Nunchaku","Paper Frog","Juzu Bracelet","Snecko Eye","SsserpentHead","Vajra","Pantograph","ClockworkSouvenir","Frozen Egg 2","StoneCalendar","Charon\u0027s Ashes","Bottled Flame"],"acts_visited":["Exordium","TheCity","TheBeyond"],"potions_floor_usage":[50],"damage_taken":[{"damage":0.0,"enemies":"Cultist","floor":1.0,"turns":1.0},{"damage":0.0,"enemies":"Jaw Worm","floor":3.0,"turns":1.0},{"damage":0.0,"enemies":"3 Sentries","floor":6.0,"turns":2.0},{"damage":16.0,"enemies":"Gremlin Nob","floor":8.0,"turns":3.0},{"damage":24.0,"enemies":"Lagavulin","floor":10.0,"turns":6.0},{"damage":10.0,"enemies":"Small Slimes","floor":12.0,"turns":3.0},{"damage":8.0,"enemies":"3 Sentries","floor":13.0,"turns":7.0},{"damage":27.0,"enemies":"Slime Boss","floor":16.0,"turns":12.0},{"damage":38.0,"enemies":"2 Thieves","floor":18.0,"turns":5.0},{"damage":6.0,"enemies":"Chosen","floor":19.0,"turns":2.0},{"damage":2.0,"enemies":"Snake Plant","floor":22.0,"turns":2.0},{"damage":0.0,"enemies":"Book of Stabbing","floor":24.0,"turns":2.0},{"damage":11.0,"enemies":"Sentry and Sphere","floor":28.0,"turns":3.0},{"damage":0.0,"enemies":"Chosen and Byrds","floor":29.0,"turns":3.0},{"damage":6.0,"enemies":"Snecko","floor":30.0,"turns":1.0},{"damage":17.0,"enemies":"Collector","floor":33.0,"turns":3.0},{"damage":1.0,"enemies":"3 Shapes","floor":35.0,"turns":2.0},{"damage":0.0,"enemies":"Mind Bloom Boss Battle","floor":37.0,"turns":3.0},{"damage":8.0,"enemies":"Orb Walker","floor":39.0,"turns":2.0},{"damage":49.0,"enemies":"Reptomancer","floor":41.0,"turns":4.0},{"damage":0.0,"enemies":"Maw","floor":44.0,"turns":3.0},{"damage":0.0,"enemies":"4 Shapes","floor":46.0,"turns":3.0},{"damage":5,"enemies":"Writhing Mass","floor":48,"turns":4},{"damage":77,"enemies":"Donu and Deca","floor":50,"turns":6}],"seed_played":"-2017199842662907033","potions_obtained":[{"floor":6.0,"key":"ColorlessPotion"},{"floor":12.0,"key":"SteroidPotion"},{"floor":16.0,"key":"Fruit Juice"},{"floor":18.0,"key":"SteroidPotion"},{"floor":24.0,"key":"LiquidBronze"},{"floor":33.0,"key":"FairyPotion"}],"is_trial":false,"path_per_floor":["M","T","M","?","$","E","R","E","T","E","?","M","E","?","R","B",null,"M","M","?","$","M","R","E","$","T","R","M","M","M","?","R","B",null,"M","$","?","$","M","R","E","R","T","M","?","M","R","M","R","B",null],"character_chosen":"IRONCLAD","items_purchased":["Perfected Strike","Apotheosis","Clothesline","Perfected Strike","ClockworkSouvenir","Frozen Egg 2"],"campfire_rested":1,"item_purchase_floors":[5,21,21,25,36,36],"current_hp_per_floor":[78,78,80,64,64,70,70,60,60,42,42,38,36,36,36,20,69,37,37,37,37,41,41,47,47,47,47,42,48,48,48,48,62,79,85,85,85,85,85,85,48,48,48,60,60,72,85,85,85,20],"gold":331,"neow_bonus":"THREE_ENEMY_KILL","is_daily":false,"chose_seed":false,"campfire_upgraded":8,"win_rate":0.0,"timestamp":1611903762,"path_taken":["M","?","M","?","?","E","R","E","T","E","?","M","E","?","R","BOSS","M","M","?","?","M","R","E","$","T","R","M","M","M","?","R","BOSS","M","?","?","?","M","R","E","R","T","M","?","M","R","M","R","BOSS"],"items_purchased_type":["Card","Card","Card","Card","Relic","Relic"],"build_version":"2020-12-22","purchased_purges":2,"victory":true,"max_hp_per_floor":[80,80,80,80,80,80,80,80,80,80,80,80,80,80,80,85,85,85,85,85,85,85,85,85,85,85,85,85,85,85,85,85,85,85,85,85,85,85,85,85,85,85,85,85,85,85,85,85,85,85],"card_choices":[{"not_picked":["Flame Barrier","Warcry"],"picked":"Shrug It Off","floor":1.0},{"not_picked":["Thunderclap","Havoc"],"picked":"Perfected Strike","floor":3.0},{"not_picked":["Burning Pact","Infernal Blade","Sever Soul"],"picked":"SKIP","floor":6.0},{"not_picked":["Combust","Uppercut","Heavy Blade"],"picked":"SKIP","floor":8.0},{"not_picked":["Thunderclap","Inflame"],"picked":"Shrug It Off","floor":10.0},{"not_picked":["Power Through","Hemokinesis","Combust"],"picked":"SKIP","floor":12.0},{"not_picked":["Heavy Blade","Iron Wave","Body Slam"],"picked":"SKIP","floor":12.0},{"not_picked":["Clash","Havoc"],"picked":"Shrug It Off","floor":13.0},{"not_picked":["Barricade","Corruption"],"picked":"Offering","floor":16.0},{"not_picked":["True Grit","Seeing Red"],"picked":"Pommel Strike","floor":18.0},{"not_picked":["Warcry","Body Slam+1","Thunderclap"],"picked":"SKIP","floor":18.0},{"not_picked":["Heavy Blade","Disarm+1"],"picked":"Dual Wield","floor":19.0},{"not_picked":["Burning Pact","Metallicize"],"picked":"True Grit","floor":19.0},{"not_picked":["Flex","Ghostly Armor"],"picked":"Shrug It Off+1","floor":22.0},{"not_picked":["Heavy Blade","Warcry"],"picked":"Bludgeon","floor":22.0},{"not_picked":["Flame Barrier","Bloodletting","Dropkick"],"picked":"SKIP","floor":24.0},{"not_picked":["Havoc","Thunderclap","Twin Strike"],"picked":"SKIP","floor":28.0},{"not_picked":["Hemokinesis","Shockwave","Clash"],"picked":"SKIP","floor":28.0},{"not_picked":["Hemokinesis","Clash"],"picked":"Shockwave","floor":28.0},{"not_picked":["Havoc","Thunderclap","Twin Strike"],"picked":"SKIP","floor":28.0},{"not_picked":["Power Through","Anger","Infernal Blade"],"picked":"SKIP","floor":29.0},{"not_picked":["Sword Boomerang","Clash","Anger+1"],"picked":"SKIP","floor":29.0},{"not_picked":["Disarm","Havoc","Rage"],"picked":"SKIP","floor":30.0},{"not_picked":["Sword Boomerang","Metallicize","Cleave"],"picked":"SKIP","floor":30.0},{"not_picked":["Demon Form","Immolate"],"picked":"Bludgeon","floor":33.0},{"not_picked":["Iron Wave","Havoc"],"picked":"Perfected Strike","floor":35.0},{"not_picked":["Warcry+1","Burning Pact+1","Flex"],"picked":"SKIP","floor":35.0},{"not_picked":["Seeing Red","Thunderclap+1"],"picked":"Wild Strike","floor":37.0},{"not_picked":["Headbutt","Anger+1","Combust+1"],"picked":"SKIP","floor":39.0},{"not_picked":["Thunderclap","Flex","Clash"],"picked":"SKIP","floor":39.0},{"not_picked":["Clothesline","Iron Wave","Rampage"],"picked":"SKIP","floor":41.0},{"not_picked":["Uppercut","Clash","Infernal Blade"],"picked":"SKIP","floor":44.0},{"not_picked":["Offering","Sword Boomerang+1","Dual Wield"],"picked":"SKIP","floor":44.0},{"not_picked":["Anger+1","Havoc+1"],"picked":"Shrug It Off","floor":46.0},{"not_picked":["Havoc","Thunderclap","Fire Breathing+1"],"picked":"SKIP","floor":46.0},{"not_picked":["Havoc","Whirlwind"],"picked":"Dual Wield","floor":48},{"not_picked":["Intimidate","Havoc","Sentinel"],"picked":"SKIP","floor":48}],"player_experience":463529,"relics_obtained":[{"floor":2.0,"key":"Regal Pillow"},{"floor":6.0,"key":"Happy Flower"},{"floor":8.0,"key":"Prayer Wheel"},{"floor":9.0,"key":"Nunchaku"},{"floor":10.0,"key":"Paper Frog"},{"floor":13.0,"key":"Juzu Bracelet"},{"floor":24.0,"key":"Vajra"},{"floor":26.0,"key":"Pantograph"},{"floor":37.0,"key":"StoneCalendar"},{"floor":41.0,"key":"Charon\u0027s Ashes"},{"floor":43.0,"key":"Bottled Flame"}],"event_choices":[{"damage_healed":0.0,"max_hp_gain":0.0,"max_hp_loss":0.0,"gold_gain":0.0,"event_name":"Shining Light","player_choice":"Entered Light","floor":4.0,"gold_loss":0.0,"damage_taken":16.0,"cards_upgraded":["Strike_R","Defend_R"]},{"cards_removed":["Defend_R"],"damage_healed":0.0,"max_hp_gain":0.0,"max_hp_loss":0.0,"gold_gain":0.0,"event_name":"The Cleric","player_choice":"Card Removal","floor":11.0,"gold_loss":50.0,"damage_taken":0.0},{"damage_healed":0.0,"max_hp_gain":0.0,"max_hp_loss":0.0,"gold_gain":0.0,"event_name":"The Woman in Blue","player_choice":"Bought 0 Potions","floor":14.0,"gold_loss":0.0,"damage_taken":0.0},{"damage_healed":0.0,"max_hp_gain":0.0,"max_hp_loss":0.0,"gold_gain":0.0,"event_name":"FaceTrader","player_choice":"Trade","floor":20.0,"gold_loss":0.0,"damage_taken":0.0,"relics_obtained":["SsserpentHead"]},{"damage_healed":0.0,"max_hp_gain":0.0,"max_hp_loss":0.0,"gold_gain":200.0,"event_name":"Wheel of Change","player_choice":"Gold","floor":31.0,"gold_loss":0.0,"damage_taken":0.0},{"damage_healed":0.0,"max_hp_gain":0.0,"max_hp_loss":0.0,"gold_gain":0.0,"event_name":"MindBloom","player_choice":"Fight","floor":37.0,"gold_loss":0.0,"damage_taken":0.0},{"cards_removed":["Perfected Strike"],"damage_healed":0.0,"max_hp_gain":0.0,"max_hp_loss":0.0,"gold_gain":0.0,"event_name":"Falling","player_choice":"Removed Attack","floor":45.0,"gold_loss":0.0,"damage_taken":0.0}],"is_beta":false,"boss_relics":[{"not_picked":["Runic Dome","Mark of Pain"],"picked":"Snecko Eye"},{"not_picked":["Tiny House","Pandora\u0027s Box"],"picked":"Black Blood"}],"items_purged_floors":[5,21],"is_endless":false,"potions_floor_spawned":[6,12,16,18,24,33,37,39],"ascension_level":13}}