{"host":"w9njud19qyl0lpz1","time":1611887810,"event":{"mods":["BaseMod","Minty Spire (QoL Compilation)","StSLib"],"gold_per_floor":[117,135,95,114,131,166,184,65,65,65,65,65,81,91,91,195,195,212,232,147,147,147,173,173,203,203,203,213,126,145,171,171,267,267,280,326,341,23,35,35,53,69,94,94,94,94,111,111,111,111,111],"floor_reached":50,"language":"ENG","playtime":6373,"items_purged":["Strike_R"],"score":514,"play_id":"ca3fb8e6-e0f7-4670-9dfe-df2208b466da","local_time":"20210128213650","is_ascension_mode":false,"campfire_choices":[{"data":"Spot Weakness","floor":12.0,"key":"SMITH"},{"data":"Body Slam","floor":15.0,"key":"SMITH"},{"floor":24.0,"key":"REST"},{"floor":27.0,"key":"REST"},{"data":"Demon Form","floor":32.0,"key":"SMITH"},{"data":"Double Tap","floor":40,"key":"SMITH"},{"data":"Strike_R","floor":46,"key":"PURGE"},{"data":"Heavy Blade","floor":49,"key":"SMITH"}],"circlet_count":0,"master_deck":["Strike_R","Defend_R+1","Bash","Flame Barrier+1","Body Slam+1","Spot Weakness+1","Shrug It Off","Rampage","Combust","Whirlwind","Demon Form+1","Infernal Blade+1","Rampage+1","Intimidate+1","Armaments+1","Uppercut","Shockwave","Ghostly Armor","Discovery","Double Tap+1","Heavy Blade+1","Battle Trance","Pommel Strike+1"],"relics":["Black Blood","Pocketwatch","Bird Faced Urn","Astrolabe","Calipers","Pear","Blue Candle","Magic Flower","Red Mask","Peace Pipe","Anchor","Oddly Smooth Stone"],"acts_visited":["Exordium","TheCity","TheBeyond"],"potions_floor_usage":[36,36,37,44],"damage_taken":[{"damage":0.0,"enemies":"Small Slimes","floor":1.0,"turns":3.0},{"damage":6.0,"enemies":"Cultist","floor":2.0,"turns":3.0},{"damage":6.0,"enemies":"Jaw Worm","floor":4.0,"turns":5.0},{"damage":0.0,"enemies":"3 Louse","floor":5.0,"turns":5.0},{"damage":6.0,"enemies":"Gremlin Nob","floor":6.0,"turns":4.0},{"damage":6.0,"enemies":"2 Fungi Beasts","floor":7.0,"turns":4.0},{"damage":8.0,"enemies":"Large Slime","floor":13.0,"turns":4.0},{"damage":4.0,"enemies":"3 Louse","floor":14.0,"turns":3.0},{"damage":14.0,"enemies":"The Guardian","floor":16.0,"turns":9.0},{"damage":6.0,"enemies":"Chosen","floor":18.0,"turns":5.0},{"damage":2.0,"enemies":"2 Thieves","floor":19.0,"turns":4.0},{"damage":48.0,"enemies":"Book of Stabbing","floor":23.0,"turns":6.0},{"damage":39.0,"enemies":"Gremlin Leader","floor":25.0,"turns":7.0},{"damage":8.0,"enemies":"Cultist and Chosen","floor":28.0,"turns":5.0},{"damage":10.0,"enemies":"Centurion and Healer","floor":30.0,"turns":5.0},{"damage":14.0,"enemies":"Masked Bandits","floor":31.0,"turns":5.0},{"damage":20.0,"enemies":"Champ","floor":33.0,"turns":8.0},{"damage":28.0,"enemies":"3 Darklings","floor":35.0,"turns":4.0},{"damage":77,"enemies":"2 Orb Walkers","floor":36,"turns":7},{"damage":0,"enemies":"Orb Walker","floor":37,"turns":3},{"damage":4,"enemies":"Maw","floor":39,"turns":8},{"damage":9,"enemies":"Jaw Worm Horde","floor":41,"turns":4},{"damage":6,"enemies":"Transient","floor":42,"turns":5},{"damage":30,"enemies":"Giant Head","floor":44,"turns":7},{"damage":0,"enemies":"4 Shapes","floor":47,"turns":6},{"damage":100,"enemies":"Awakened One","floor":50,"turns":14}],"seed_played":"1278673598695051130","potions_obtained":[{"floor":3.0,"key":"Swift Potion"},{"floor":3.0,"key":"SneckoOil"},{"floor":3.0,"key":"Weak Potion"},{"floor":6.0,"key":"GamblersBrew"},{"floor":13.0,"key":"Ancient Potion"},{"floor":14.0,"key":"Weak Potion"},{"floor":16.0,"key":"BloodPotion"},{"floor":23.0,"key":"EssenceOfSteel"},{"floor":30.0,"key":"ElixirPotion"},{"floor":35.0,"key":"BlessingOfTheForge"},{"floor":36,"key":"GamblersBrew"}],"is_trial":false,"path_per_floor":["M","M","?","M","M","E","M","$","T","?","?","R","M","M","R","B",null,"M","M","?","$","?","E","R","E","T","R","M","$","M","?","R","B",null,"M","?","M","$","M","R","M","M","T","E","?","R","M","?","R","B"],"character_chosen":"IRONCLAD","items_purchased":["Fire Breathing","Rampage","Discovery","Anchor","SmokeBomb"],"campfire_rested":2,"item_purchase_floors":[8,8,29,38,38],"current_hp_per_floor":[80,80,80,80,80,80,80,80,80,64,64,64,64,66,66,60,80,80,80,80,80,80,50,77,46,46,73,80,80,82,77,77,69,90,80,51,69,69,89,89,90,90,90,81,81,81,90,90,90,0,0],"gold":111,"neow_bonus":"REMOVE_CARD","is_daily":false,"chose_seed":false,"campfire_upgraded":5,"win_rate":0.0,"timestamp":1611887810,"path_taken":["M","M","?","M","?","E","M","$","T","?","?","R","M","M","R","BOSS","M","M","?","$","?","E","R","E","T","R","M","$","M","?","R","BOSS","M","?","M","$","M","R","M","M","T","E","?","R","M","?","R","BOSS"],"items_purchased_type":["Card","Card","Card","Relic","Potion"],"build_version":"2020-12-22","purchased_purges":1,"victory":false,"max_hp_per_floor":[80,80,80,80,80,80,80,80,80,80,80,80,80,80,80,80,80,80,80,80,80,80,90,90,90,90,90,90,90,90,90,90,90,90,90,90,90,90,90,90,90,90,90,90,90,90,90,90,90,90,90],"card_choices":[{"not_picked":["Headbutt","Burning Pact","Heavy Blade"],"picked":"SKIP","floor":1.0},{"not_picked":["Body Slam","Flex"],"picked":"Flame Barrier","floor":2.0},{"not_picked":["Bloodletting","Heavy Blade","Perfected Strike"],"picked":"SKIP","floor":4.0},{"not_picked":["Havoc","Dark Embrace"],"picked":"Body Slam","floor":5.0},{"not_picked":["Body Slam","Sword Boomerang"],"picked":"Spot Weakness","floor":6.0},{"not_picked":["Fiend Fire","Clothesline"],"picked":"Shrug It Off","floor":7.0},{"not_picked":["Clash","Heavy Blade"],"picked":"Combust","floor":13.0},{"not_picked":["Sentinel","Headbutt"],"picked":"Whirlwind","floor":14.0},{"not_picked":["Impervious","Brutality"],"picked":"Demon Form","floor":16.0},{"not_picked":["Intimidate","Heavy Blade"],"picked":"Armaments+1","floor":18.0},{"not_picked":["Havoc","Wild Strike+1"],"picked":"Uppercut","floor":19.0},{"not_picked":["Burning Pact","Bloodletting","Combust"],"picked":"SKIP","floor":23.0},{"not_picked":["Fire Breathing+1","Armaments"],"picked":"Shockwave","floor":25.0},{"not_picked":["Wild Strike+1","Thunderclap"],"picked":"Ghostly Armor","floor":28.0},{"not_picked":["Body Slam","Uppercut","Anger"],"picked":"SKIP","floor":30.0},{"not_picked":["Barricade","Reaper"],"picked":"Double Tap","floor":33.0},{"not_picked":["Sword Boomerang","Reckless Charge"],"picked":"Heavy Blade","floor":35.0},{"not_picked":["Wild Strike+1","Body Slam+1"],"picked":"Battle Trance","floor":36},{"not_picked":["Wild Strike","Headbutt","Warcry+1"],"picked":"SKIP","floor":37},{"not_picked":["Combust+1","Headbutt"],"picked":"Pommel Strike+1","floor":39},{"not_picked":["Wild Strike","Perfected Strike","Fire Breathing+1"],"picked":"SKIP","floor":41},{"not_picked":["Body Slam","Pommel Strike","True Grit+1"],"picked":"SKIP","floor":42},{"not_picked":["Headbutt","Iron Wave","Shockwave"],"picked":"SKIP","floor":47}],"player_experience":2303857,"relics_obtained":[{"floor":6.0,"key":"Pocketwatch"},{"floor":9.0,"key":"Bird Faced Urn"},{"floor":23.0,"key":"Pear"},{"floor":25.0,"key":"Blue Candle"},{"floor":26.0,"key":"Magic Flower"},{"floor":31.0,"key":"Red Mask"},{"floor":36,"key":"Peace Pipe"},{"floor":43,"key":"Oddly Smooth Stone"}],"event_choices":[{"damage_healed":0.0,"max_hp_gain":0.0,"max_hp_loss":0.0,"gold_gain":0.0,"event_name":"The Woman in Blue","player_choice":"Bought 3 Potions","floor":3.0,"gold_loss":0.0,"damage_taken":0.0},{"damage_healed":0.0,"max_hp_gain":0.0,"max_hp_loss":0.0,"gold_gain":0.0,"event_name":"Shining Light","player_choice":"Entered Light","floor":10.0,"gold_loss":0.0,"damage_taken":16.0,"cards_upgraded":["Defend_R","Flame Barrier"]},{"cards_removed":["Defend_R"],"damage_healed":0.0,"max_hp_gain":0.0,"max_hp_loss":0.0,"gold_gain":0.0,"event_name":"Living Wall","player_choice":"Forget","floor":11.0,"gold_loss":0.0,"damage_taken":0.0},{"damage_healed":0.0,"max_hp_gain":0.0,"max_hp_loss":0.0,"gold_gain":0.0,"event_name":"Addict","player_choice":"Obtained Relic","floor":20.0,"gold_loss":85.0,"damage_taken":0.0,"relics_obtained":["Calipers"]},{"damage_healed":0.0,"max_hp_gain":0.0,"max_hp_loss":0.0,"gold_gain":0.0,"event_name":"Beggar","player_choice":"Ignored","floor":22.0,"gold_loss":0.0,"damage_taken":0.0},{"damage_healed":0.0,"max_hp_gain":0.0,"max_hp_loss":0.0,"gold_gain":0.0,"event_name":"Masked Bandits","player_choice":"Fought Bandits","floor":31.0,"gold_loss":0.0,"damage_taken":0.0},{"damage_healed":0,"gold_gain":0,"player_choice":"Fight","damage_taken":0,"max_hp_gain":0,"max_hp_loss":0,"event_name":"Mysterious Sphere","floor":36,"gold_loss":0},{"cards_removed":["Fire Breathing"],"damage_healed":0,"gold_gain":0,"player_choice":"Removed Power","damage_taken":0,"max_hp_gain":0,"max_hp_loss":0,"event_name":"Falling","floor":45,"gold_loss":0},{"damage_healed":0,"gold_gain":0,"player_choice":"Ignored","damage_taken":0,"max_hp_gain":0,"max_hp_loss":0,"event_name":"NoteForYourself","floor":48,"gold_loss":0}],"is_beta":false,"boss_relics":[{"not_picked":["Empty Cage","Mark of Pain"],"picked":"Astrolabe"},{"not_picked":["Snecko Eye","Pandora\u0027s Box"],"picked":"Black Blood"}],"items_purged_floors":[38],"is_endless":false,"potions_floor_spawned":[6,13,14,16,23,30,31,35,36,44],"killed_by":"Awakened One","ascension_level":0}}