{"host":"c3lc60y5x60jlt1y","time":1611917275,"event":{"mods":["AchievementEnabler","BaseMod","Bestiary","Colored Map","Minty Spire (QoL Compilation)","Quick Restart","StSLib","ojb\u0027s Info Mod"],"gold_per_floor":[114,114,124,143,160,160,175,187,187,187,187,137,157,232,232,335,335,260,260,278,297,297,297,297,297],"floor_reached":24,"language":"ENG","playtime":2002,"items_purged":[],"score":188,"play_id":"cfbb6236-6d57-470c-9a55-416d66cf4236","local_time":"20210129124755","is_ascension_mode":false,"campfire_choices":[{"data":"DevaForm","floor":6,"key":"SMITH"},{"data":"Eruption","floor":10,"key":"SMITH"},{"data":"Blasphemy","floor":15,"key":"SMITH"},{"floor":23,"key":"REST"}],"circlet_count":0,"master_deck":["Strike_P","Strike_P","Strike_P","Strike_P","Defend_P","Defend_P","Defend_P","Defend_P","Eruption+1","Vigilance","Evaluate","BattleHymn","Conclude","DevaForm+1","CutThroughFate","Prostrate","Blasphemy+1","Alpha","ThirdEye","DevaForm+1","Fasting2","RitualDagger"],"relics":["PureWater"],"acts_visited":["Exordium","TheCity"],"potions_floor_usage":[16,21,21,21],"damage_taken":[{"damage":0,"enemies":"2 Louse","floor":1,"turns":2},{"damage":0,"enemies":"Jaw Worm","floor":3,"turns":3},{"damage":0,"enemies":"Small Slimes","floor":4,"turns":3},{"damage":0,"enemies":"2 Fungi Beasts","floor":5,"turns":2},{"damage":5,"enemies":"Large Slime","floor":7,"turns":4},{"damage":20,"enemies":"Lots of Slimes","floor":8,"turns":4},{"damage":1,"enemies":"3 Louse","floor":13,"turns":3},{"damage":32,"enemies":"The Guardian","floor":16,"turns":8},{"damage":29,"enemies":"2 Thieves","floor":18,"turns":5},{"damage":22,"enemies":"3 Byrds","floor":20,"turns":4},{"damage":22,"enemies":"Centurion and Healer","floor":21,"turns":7},{"damage":30,"enemies":"Book of Stabbing","floor":24,"turns":4}],"seed_played":"-1039283128279828828","potions_obtained":[{"floor":1,"key":"DuplicationPotion"},{"floor":3,"key":"Strength Potion"},{"floor":5,"key":"Fire Potion"},{"floor":13,"key":"Ambrosia"},{"floor":20,"key":"Fruit Juice"}],"is_trial":false,"path_per_floor":["M","?","M","M","M","R","M","M","T","R","?","?","M","?","R","B",null,"M","?","M","M","?","R","E"],"character_chosen":"WATCHER","items_purchased":[],"campfire_rested":1,"item_purchase_floors":[],"current_hp_per_floor":[79,84,84,84,84,84,79,59,59,59,80,80,79,68,68,36,81,52,52,30,13,7,32,2,2],"gold":297,"neow_bonus":"TEN_PERCENT_HP_BONUS","is_daily":false,"chose_seed":false,"campfire_upgraded":3,"win_rate":0.0,"timestamp":1611917275,"path_taken":["M","?","M","M","M","R","M","M","T","R","?","?","M","?","R","BOSS","M","?","M","?","?","R","E"],"items_purchased_type":[],"build_version":"2020-12-22","purchased_purges":0,"victory":false,"max_hp_per_floor":[79,84,84,84,84,84,84,84,84,84,84,81,81,81,81,81,81,81,81,81,86,86,86,86,86],"card_choices":[{"not_picked":["ReachHeaven","JustLucky"],"picked":"Evaluate","floor":1},{"not_picked":["Consecrate","Collect"],"picked":"BattleHymn","floor":3},{"not_picked":["Protect","SashWhip"],"picked":"Conclude","floor":4},{"not_picked":["Halt","Nirvana"],"picked":"DevaForm","floor":5},{"not_picked":["SashWhip","LikeWater"],"picked":"CutThroughFate","floor":7},{"not_picked":["EmptyBody","FollowUp"],"picked":"Prostrate","floor":8},{"not_picked":["EmptyFist","BowlingBash"],"picked":"Blasphemy","floor":13},{"not_picked":["Wish","Omniscience"],"picked":"Alpha","floor":16},{"not_picked":["SashWhip+1","Nirvana"],"picked":"ThirdEye","floor":18},{"not_picked":["Conclude","EmptyFist","ForeignInfluence"],"picked":"SKIP","floor":20},{"not_picked":["EmptyBody","TalkToTheHand"],"picked":"Fasting2","floor":21}],"player_experience":8757103,"relics_obtained":[],"event_choices":[{"damage_healed":0,"gold_gain":0,"player_choice":"Donut","damage_taken":0,"max_hp_gain":5,"max_hp_loss":0,"event_name":"Big Fish","floor":2,"gold_loss":0},{"damage_healed":21,"gold_gain":0,"player_choice":"Healed and dodged fight","damage_taken":0,"max_hp_gain":0,"max_hp_loss":0,"event_name":"Mushrooms","floor":11,"gold_loss":0,"cards_obtained":["Parasite"]},{"cards_removed":["Parasite"],"damage_healed":0,"gold_gain":0,"player_choice":"Card Removal","damage_taken":0,"max_hp_gain":0,"max_hp_loss":0,"event_name":"The Cleric","floor":12,"gold_loss":50},{"damage_healed":0,"gold_gain":75,"player_choice":"Gather Gold","damage_taken":11,"max_hp_gain":0,"max_hp_loss":0,"event_name":"World of Goop","floor":14,"gold_loss":0},{"damage_healed":0,"gold_gain":0,"player_choice":"Copied","damage_taken":0,"max_hp_gain":0,"max_hp_loss":0,"event_name":"Duplicator","floor":19,"gold_loss":0,"cards_obtained":["DevaForm"]},{"damage_healed":0,"gold_gain":0,"player_choice":"Joined the Cult","damage_taken":6,"max_hp_gain":0,"max_hp_loss":0,"event_name":"Nest","floor":22,"gold_loss":0,"cards_obtained":["RitualDagger"]}],"is_beta":false,"boss_relics":[{"not_picked":[]}],"items_purged_floors":[],"is_endless":false,"potions_floor_spawned":[1,3,5,13,20],"killed_by":"Book of Stabbing","ascension_level":0}}