{"host":"tr12w2fixbnujl15","time":1611957943,"event":{"mods":["100% Spire Juice","2.2 Compatiblity","A Penny For Your Troubles","Arknights The Spire","BaseMod","Better Skull","Better Vampires","BetterRewards","CapriCore","Clockwork Mod","Colored Powertips","Evolution","Gremlin Skip","Hermit","Hubris","Infinite Spire","JesterMod","Kalas","KinomotoSakuraMod(????)","Koishi","Mad Scientist","Magitek Elite","Mathematician","Minty Spire (QoL Compilation)","Permanent Neow","Quick Restart","Reimu??????","Relic Filter","Remilia_Scarlet Moed?????·?????3.3.5","Replay The Spire","Shop Mod","StSLib","SuperFastMode","The Accelerator","The Animator","The Bug Knight","The Construct","The Cursed","The Hayseed","The Hierophant","The Immortal","The Mystic","The Necromancer","The Runesmith","The Sage","The Senshi","The Servant 0.9.4","The Spell Scribe","The Vixen","TheFirefly","TheSwordswoman","TheVelvet","Transform Curses","WarShipGirlsR/????R mod","Yakumo Yukari mod","[IsaacMod]????"],"gold_per_floor":[111,211,211,286,300,300,333,333,333,345,359,385,485,76,76,173,173,187,187,187,187,247,247,259,259,259,273,289,303,327,343,343,445,445,456,103,118,138,138,138,155,155,155,155,155,167,167,167],"floor_reached":47,"language":"ENG","playtime":1182,"items_purged":[],"score":485,"play_id":"17131fcd-432a-457e-8cb1-ce956d9c6dd6","local_time":"20210129170543","is_ascension_mode":false,"campfire_choices":[{"data":"ats:Wolf Pack","floor":6,"key":"SMITH"},{"data":"DoctorFetus","floor":8,"key":"SMITH"},{"floor":15,"key":"REST"},{"floor":23,"key":"REST"},{"floor":25,"key":"REST"},{"floor":32,"key":"REST"},{"floor":40,"key":"REST"},{"floor":42,"key":"REST"}],"circlet_count":0,"master_deck":["ats:Cat Scratch","ats:Strike G","ats:Strike S","ats:Strike V","ats:Armor Crushing Shot","ats:Defend","ats:Defend","ats:Defend","ats:Defend","ats:Emotion Absorption","DoctorFetus+1","ats:Healing Drone","ats:Sunburst","ats:Wolf Pack+1","ats:Song Of Battle","ats:Neurotoxin","ats:Ignite","ats:Closed Bolt Burst Fire","ats:Soul Rend","EpicFetus","ats:Consecutive Shot Auto","ats:Powerful Strike","ats:Shadow Assault","ats:Explosion Area Strengthen","infinitespire:Oblivion","ats:Apocalypse","ats:Guard Mode+1","ats:Shadow Raid","ats:Serious Mode","ats:Ignite+1","ats:Serious Mode+1","ats:Overload","ats:Dogmatic Field","ats:Part Time Job+1","ats:Phantom","ats:Overload","ats:Revitalization+1","ats:Healing Drone+1","ats:Sashimi Platter+1","ats:Sashimi Platter"],"relics":["ats:Sanity Plus","EVO:Axolotl","HushsDoor","SteamSale","NeowsBlessing","Ornamental Fan","ats:Originium","HowToJump","MerchantsRug","DoctorsRemote","Lizard Tail","SlaversCollar","Guard_Bracelet","Quantum Egg","Strawberry","Habit","construct:FoamFinger","hubris:SlimyHat","Replay:WaspNest"],"acts_visited":["Exordium","TheCity","TheBeyond"],"potions_floor_usage":[12,12,16,28,33,33,35,37,41,41,47],"damage_taken":[{"damage":0,"enemies":"Cultist","floor":1,"turns":1},{"damage":0,"enemies":"Jaw Worm","floor":5,"turns":1},{"damage":0,"enemies":"HollowMod:MossKnight","floor":7,"turns":1},{"damage":0,"enemies":"2 Louse","floor":10,"turns":2},{"damage":16,"enemies":"Large Slime","floor":11,"turns":5},{"damage":31,"enemies":"Lagavulin","floor":12,"turns":7},{"damage":43,"enemies":"Slime Boss","floor":16,"turns":5},{"damage":22,"enemies":"Chosen","floor":18,"turns":6},{"damage":39,"enemies":"Shell Parasite","floor":24,"turns":7},{"damage":45,"enemies":"Snake Plant","floor":27,"turns":6},{"damage":12,"enemies":"Sentry and Sphere","floor":28,"turns":4},{"damage":15,"enemies":"Snecko","floor":29,"turns":5},{"damage":19,"enemies":"Centurion and Healer","floor":31,"turns":5},{"damage":43,"enemies":"Automaton","floor":33,"turns":7},{"damage":13,"enemies":"3 Shapes","floor":35,"turns":3},{"damage":31,"enemies":"3 Darklings","floor":37,"turns":5},{"damage":14,"enemies":"4 Shapes","floor":38,"turns":1},{"damage":78,"enemies":"Transient","floor":41,"turns":5},{"damage":28,"enemies":"Jaw Worm Horde","floor":46,"turns":3},{"damage":72,"enemies":"Maw","floor":47,"turns":6}],"seed_played":"-7553999152773526431","potions_obtained":[{"floor":1,"key":"Elixir"},{"floor":7,"key":"Regen Potion"},{"floor":11,"key":"Energy Potion"},{"floor":12,"key":"Toxic Potion"},{"floor":22,"key":"EssenceOfSteel"},{"floor":28,"key":"PowerPotion"},{"floor":31,"key":"Regen Potion"},{"floor":33,"key":"DistilledChaos"},{"floor":37,"key":"LifebloodPotion"},{"floor":38,"key":"Fire Potion"},{"floor":46,"key":"Energy Potion"}],"is_trial":false,"path_per_floor":["M","?","?","?","M","R","E","R","T","M","M","E","?","$","R","B",null,"M","?","?","?","?","R","M","R","T","M","M","M","T","M","R","B",null,"M","$","M","M","?","R","M","R","T","PTL","PTL","M","M"],"character_chosen":"DOCTOR_CLASS","items_purchased":["MerchantsRug","DoctorsRemote","Lizard Tail","EpicFetus","ats:Consecutive Shot Auto","ats:Powerful Strike","Habit","construct:FoamFinger","hubris:SlimyHat","AttackPotion","ats:Phantom","ats:Overload"],"campfire_rested":6,"item_purchase_floors":[14,14,14,14,14,14,36,36,36,36,36,36],"current_hp_per_floor":[72,72,72,61,61,61,61,61,61,61,51,38,38,38,59,24,72,58,58,40,40,22,43,16,37,37,38,32,22,29,10,33,20,79,72,72,64,50,50,73,25,48,48,48,48,29,0,0],"gold":167,"neow_bonus":"THREE_ENEMY_KILL","is_daily":false,"chose_seed":false,"campfire_upgraded":2,"win_rate":0.0,"timestamp":1611957943,"path_taken":["M","?","?","?","M","R","E","R","T","M","M","E","?","$","R","BOSS","M","?","?","?","?","R","?","R","T","?","?","M","?","M","R","BOSS","M","?","M","M","?","R","M","R","T","PTL","PTL","M","M"],"items_purchased_type":["Relic","Relic","Relic","Card","Card","Card","Relic","Relic","Relic","Potion","Card","Card"],"build_version":"2020-12-22","purchased_purges":0,"victory":false,"max_hp_per_floor":[72,72,72,72,72,72,72,72,72,72,72,72,72,72,72,72,72,72,72,72,72,72,72,72,72,72,72,72,72,79,79,79,79,79,79,79,79,79,79,79,79,79,79,79,79,79,79,79],"card_choices":[{"not_picked":[],"picked":"DoctorFetus","floor":0},{"not_picked":["ats:Shell Defense","ats:Closed Bolt Burst Fire"],"picked":"ats:Healing Drone","floor":1},{"not_picked":["ats:Directed Diagnosis","ats:Poison Spread"],"picked":"ats:Sunburst","floor":2},{"not_picked":["ats:Absolute Focus","ats:Cat Scratch"],"picked":"ats:Wolf Pack","floor":5},{"not_picked":["ats:Leaping Hammer","ats:Soul Absorption"],"picked":"ats:Song Of Battle","floor":7},{"not_picked":["ats:Counter Healing Mode","ats:Healing Strengthening"],"picked":"ats:Neurotoxin","floor":10},{"not_picked":["ats:Song Of Battle","ats:Shell Defense"],"picked":"ats:Ignite","floor":11},{"not_picked":["ats:Leaping Hammer","ats:Ignite"],"picked":"ats:Closed Bolt Burst Fire","floor":12},{"not_picked":["ats:Ignite","ats:Flexible Camouflage"],"picked":"ats:Soul Rend","floor":13},{"not_picked":["ats:Durian","ats:Soul Rend"],"picked":"ats:Shadow Assault","floor":16},{"not_picked":["ats:Cat Scratch","ats:Sashimi Platter+1"],"picked":"ats:Explosion Area Strengthen","floor":18},{"not_picked":["infinitespire:FinalStrike","Replay:Fractal Strike"],"picked":"infinitespire:Oblivion","floor":20},{"not_picked":["ats:Hammer On","ats:Directed Diagnosis"],"picked":"ats:Apocalypse","floor":22},{"not_picked":["ats:Very Hot Blade","ats:Song Of Battle"],"picked":"ats:Guard Mode+1","floor":22},{"not_picked":["ats:Blood Oath","ats:Closed Bolt Burst Fire"],"picked":"ats:Shadow Raid","floor":24},{"not_picked":["ats:Blood Oath+1","ats:Closed Bolt Burst Fire"],"picked":"ats:Serious Mode","floor":27},{"not_picked":["ats:Shell Defense","ats:Absolute Focus+1"],"picked":"ats:Ignite+1","floor":28},{"not_picked":["ats:Sashimi Platter+1","ats:Echo Reverb"],"picked":"ats:Serious Mode","floor":29},{"not_picked":["ats:Directed Diagnosis","ats:Blood Oath"],"picked":"ats:Overload","floor":31},{"not_picked":["ats:Fractured Body","ats:Wolf Pack"],"picked":"ats:Dogmatic Field","floor":33},{"not_picked":["ats:Poison Spread","ats:Powerful Strike+1"],"picked":"ats:Part Time Job+1","floor":35},{"not_picked":["ats:Rapid Magazine","ats:Charging Defense"],"picked":"ats:Revitalization+1","floor":37},{"not_picked":["ats:Cat Scratch+1","ats:Guardian Obelisk"],"picked":"ats:Healing Drone+1","floor":38},{"not_picked":["ats:Very Hot Blade+1","ats:Blood Oath+1"],"picked":"ats:Sashimi Platter+1","floor":41},{"not_picked":["ats:Very Hot Blade+1","ats:Serious Mode+1"],"picked":"ats:Sashimi Platter","floor":46}],"player_experience":92105,"relics_obtained":[{"floor":7,"key":"Ornamental Fan"},{"floor":7,"key":"ats:Originium"},{"floor":9,"key":"PunchingBag"},{"floor":12,"key":"ats:Originium"},{"floor":12,"key":"HowToJump"},{"floor":22,"key":"Guard_Bracelet"},{"floor":26,"key":"Quantum Egg"},{"floor":30,"key":"Strawberry"},{"floor":43,"key":"Replay:WaspNest"}],"event_choices":[{"damage_healed":0,"gold_gain":75,"player_choice":"Gather Gold","damage_taken":11,"max_hp_gain":0,"max_hp_loss":0,"event_name":"World of Goop","floor":4,"gold_loss":0},{"damage_healed":0,"gold_gain":0,"player_choice":"Ignored","damage_taken":0,"max_hp_gain":0,"max_hp_loss":0,"event_name":"NoteForYourself","floor":19,"gold_loss":0},{"cards_removed":["Amnesia"],"damage_healed":0,"gold_gain":0,"player_choice":"Removed Curses","damage_taken":0,"max_hp_gain":0,"max_hp_loss":0,"event_name":"Fountain of Cleansing","floor":21,"gold_loss":0}],"is_beta":false,"boss_relics":[{"not_picked":["Abe\u0027s Treasure","infinitespire:Cupcake"],"picked":"SlaversCollar"},{"not_picked":[]},{"not_picked":["hubris:CrackedHourglass","Coffee Dripper"],"picked":"ats:Sanity Plus"},{"not_picked":[]}],"items_purged_floors":[],"is_endless":false,"potions_floor_spawned":[1,7,11,12,28,31,33,37,38,46],"killed_by":"Maw","ascension_level":0}}