{"host":"g5k24uqcth2ihc11","time":1611902004,"event":{"mods":["Arknights The Spire","BaseMod","Downfall","Jorbs\u0027s Wanderer Trilogy","Marisa????????","Minty Spire (QoL Compilation)","Robot Space Explorer","StSLib","The Cursed","The Dragon Tamer","The Marked","The Servant 0.9.4"],"gold_per_floor":[109,128,128,142,162,162,162,162,188,188,222,222,252,278,278,376,376,395,414,344,344,344,344,344,344,397,397,397,423,194,210,210,310,310,327,97,97,97,97,97,97,97,97,107,107,27,27,27,27,27],"floor_reached":51,"language":"ENG","playtime":3788,"items_purged":[],"score":723,"play_id":"56ab272b-ee10-4b9c-a142-e05df64078b6","local_time":"20210128223324","daily_mods":["SealedDeck","Flight"],"is_ascension_mode":false,"campfire_choices":[{"data":"RobotSpaceExplorer:MiniBoosters","floor":6,"key":"SMITH"},{"data":"RobotSpaceExplorer:BlastShield","floor":7,"key":"SMITH"},{"data":"RobotSpaceExplorer:MiniDrones","floor":8,"key":"SMITH"},{"data":"RobotSpaceExplorer:MiniDrones","floor":10,"key":"SMITH"},{"data":"RobotSpaceExplorer:MiniBoosters","floor":12,"key":"SMITH"},{"data":"RobotSpaceExplorer:ToxicBomb","floor":15,"key":"SMITH"},{"data":"RobotSpaceExplorer:Fix","floor":23,"key":"SMITH"},{"data":"RobotSpaceExplorer:ExhaustFan","floor":24,"key":"SMITH"},{"data":"RobotSpaceExplorer:MiniBoosters","floor":25,"key":"SMITH"},{"data":"RobotSpaceExplorer:MiniBoosters","floor":27,"key":"SMITH"},{"data":"RobotSpaceExplorer:PowerCollector","floor":32,"key":"SMITH"},{"data":"Secret Weapon","floor":40,"key":"SMITH"},{"data":"RobotSpaceExplorer:MiniDrones","floor":41,"key":"SMITH"},{"data":"RobotSpaceExplorer:Asteroid","floor":42,"key":"SMITH"},{"data":"RobotSpaceExplorer:FreezeRay","floor":49,"key":"SMITH"}],"circlet_count":0,"master_deck":["RobotSpaceExplorer:SurgingShield","RobotSpaceExplorer:SurgingStrike","RobotSpaceExplorer:MiniBoosters+1","RobotSpaceExplorer:Pulsar","RobotSpaceExplorer:ToxicBomb+1","RobotSpaceExplorer:ExhaustFan+1","RobotSpaceExplorer:StunGrenade","RobotSpaceExplorer:MiniDrones+1","RobotSpaceExplorer:Electropulse","RobotSpaceExplorer:Fix+1","RobotSpaceExplorer:Jetpack","RobotSpaceExplorer:MiniDrones+1","RobotSpaceExplorer:BlastShield+1","RobotSpaceExplorer:MiniBoosters+1","RobotSpaceExplorer:FreezeRay","RobotSpaceExplorer:Asteroid+1","RobotSpaceExplorer:MiniBoosters+1","RobotSpaceExplorer:MiniBoosters+1","Slimebound:Tackle+1","RobotSpaceExplorer:Reload","RobotSpaceExplorer:PowerCollector+1","RobotSpaceExplorer:Asteroid","RobotSpaceExplorer:MiniDrones+1","RobotSpaceExplorer:FreezeRay+1","Secret Weapon+1","RobotSpaceExplorer:StunGrenade+1","RobotSpaceExplorer:PowerCollector+1","RobotSpaceExplorer:ExhaustFan"],"relics":["RobotSpaceExplorer:RoboCore","Juzu Bracelet","Anchor","Lantern","Pear","Busted Crown","Tiny Chest","Dead Branch","Medical Kit","RobotSpaceExplorer:Reprocessor","OrangePellets","InkBottle","Molten Egg 2","Omamori"],"acts_visited":["Exordium","TheCity","TheBeyond"],"potions_floor_usage":[16,16,31,50],"damage_taken":[{"damage":0,"enemies":"Small Slimes","floor":1,"turns":2},{"damage":0,"enemies":"Cultist","floor":2,"turns":4},{"damage":1,"enemies":"2 Louse","floor":4,"turns":2},{"damage":0,"enemies":"Exordium Thugs","floor":5,"turns":3},{"damage":6,"enemies":"Lagavulin","floor":11,"turns":6},{"damage":5,"enemies":"3 Sentries","floor":13,"turns":3},{"damage":0,"enemies":"Lagavulin","floor":14,"turns":7},{"damage":6,"enemies":"Slime Boss","floor":16,"turns":9},{"damage":0,"enemies":"Spheric Guardian","floor":18,"turns":4},{"damage":0,"enemies":"Shell Parasite","floor":19,"turns":6},{"damage":6,"enemies":"Gremlin Leader","floor":29,"turns":5},{"damage":0,"enemies":"Shelled Parasite and Fungi","floor":31,"turns":3},{"damage":0,"enemies":"Collector","floor":33,"turns":6},{"damage":22,"enemies":"3 Darklings","floor":35,"turns":4},{"damage":0,"enemies":"3 Shapes","floor":44,"turns":2},{"damage":20,"enemies":"Donu and Deca","floor":50,"turns":5}],"seed_played":"-1588499237247352403","potions_obtained":[{"floor":2,"key":"sneckomod:MuddlingPotion"},{"floor":5,"key":"GamblersBrew"},{"floor":11,"key":"sneckomod:MuddlingPotion"},{"floor":16,"key":"SteroidPotion"},{"floor":19,"key":"LiquidMemories"},{"floor":44,"key":"CultistPotion"}],"is_trial":true,"path_per_floor":["M","M","?","M","M","R","R","R","T","R","E","R","E","E","R","B",null,"M","M","$","?","?","R","R","R","T","R","?","E","$","M","R","B",null,"M","$","?","?","T","R","R","R","T","M","?","$","?","T","R","B",null],"character_chosen":"RobotSpaceExplorer","items_purchased":["RobotSpaceExplorer:MiniBoosters","Medical Kit","RobotSpaceExplorer:PowerCollector","RobotSpaceExplorer:MiniDrones","RobotSpaceExplorer:FreezeRay","OrangePellets","RobotSpaceExplorer:ExhaustFan"],"campfire_rested":0,"item_purchase_floors":[20,30,30,36,36,36,46],"current_hp_per_floor":[75,75,75,74,74,74,74,74,74,74,72,72,70,84,84,79,85,85,85,85,85,85,85,85,85,85,85,85,79,79,79,79,79,85,63,63,63,63,63,63,63,63,63,63,63,63,63,63,63,49],"gold":27,"neow_bonus":"","is_daily":false,"chose_seed":false,"campfire_upgraded":15,"win_rate":0.0,"timestamp":1611902004,"path_taken":["M","M","?","M","M","R","R","R","T","R","E","R","E","E","R","BOSS","M","M","$","?","?","R","R","R","T","R","?","E","$","M","R","BOSS","M","$","?","?","?","R","R","R","T","M","?","$","?","?","R","BOSS"],"items_purchased_type":["Card","Relic","Card","Card","Card","Relic","Card"],"build_version":"2020-12-22","purchased_purges":0,"victory":true,"max_hp_per_floor":[75,75,75,75,75,75,75,75,75,75,75,75,75,85,85,85,85,85,85,85,85,85,85,85,85,85,85,85,85,85,85,85,85,85,85,85,85,81,81,81,81,81,81,81,81,81,81,81,81,81],"card_choices":[{"not_picked":["RobotSpaceExplorer:Electropulse","RobotSpaceExplorer:FranticSearch"],"picked":"RobotSpaceExplorer:Jetpack","floor":1},{"not_picked":["RobotSpaceExplorer:SurgingStrike","RobotSpaceExplorer:SwiftStep"],"picked":"RobotSpaceExplorer:MiniDrones","floor":2},{"not_picked":["RobotSpaceExplorer:MiniDrones","RobotSpaceExplorer:GlueShot","RobotSpaceExplorer:Counterblock"],"picked":"SKIP","floor":4},{"not_picked":["RobotSpaceExplorer:SurgingStrike","RobotSpaceExplorer:SurgingShield"],"picked":"RobotSpaceExplorer:BlastShield","floor":5},{"not_picked":["RobotSpaceExplorer:Probe","RobotSpaceExplorer:FreezingShield"],"picked":"RobotSpaceExplorer:MiniBoosters","floor":11},{"not_picked":["RobotSpaceExplorer:Blitz","RobotSpaceExplorer:SurgingStrike","RobotSpaceExplorer:DoubleFind"],"picked":"SKIP","floor":13},{"not_picked":["RobotSpaceExplorer:Electropulse","RobotSpaceExplorer:FranticSearch"],"picked":"RobotSpaceExplorer:FreezeRay","floor":14},{"not_picked":["RobotSpaceExplorer:Explosion","RobotSpaceExplorer:Blaster"],"picked":"RobotSpaceExplorer:Asteroid","floor":16},{"not_picked":[],"picked":"RobotSpaceExplorer:MiniBoosters","floor":18},{"not_picked":["RobotSpaceExplorer:SwiftStep"],"picked":"SKIP","floor":19},{"not_picked":["RobotSpaceExplorer:ExhaustFan"],"picked":"SKIP","floor":29},{"not_picked":["RobotSpaceExplorer:Ammunition+1"],"picked":"SKIP","floor":31},{"not_picked":[],"picked":"RobotSpaceExplorer:Asteroid","floor":33},{"not_picked":["RobotSpaceExplorer:ScrapShield"],"picked":"SKIP","floor":35},{"not_picked":[],"picked":"Secret Weapon","floor":37},{"not_picked":[],"picked":"RobotSpaceExplorer:StunGrenade+1","floor":44}],"player_experience":55985,"relics_obtained":[{"floor":9,"key":"Juzu Bracelet"},{"floor":11,"key":"Anchor"},{"floor":13,"key":"Lantern"},{"floor":14,"key":"Pear"},{"floor":26,"key":"Tiny Chest"},{"floor":29,"key":"Dead Branch"},{"floor":39,"key":"InkBottle"},{"floor":43,"key":"Molten Egg 2"},{"floor":48,"key":"Omamori"}],"event_choices":[{"damage_healed":0,"gold_gain":0,"player_choice":"Ignored","damage_taken":0,"max_hp_gain":0,"max_hp_loss":0,"event_name":"NoteForYourself","floor":3,"gold_loss":0},{"damage_healed":0,"gold_gain":0,"player_choice":"Simplicity","damage_taken":0,"max_hp_gain":0,"max_hp_loss":0,"event_name":"Back to Basics","floor":21,"gold_loss":0,"cards_upgraded":[]},{"damage_healed":0,"gold_gain":0,"cards_transformed":["Slimebound:Tackle"],"player_choice":"Transformed","damage_taken":0,"max_hp_gain":0,"max_hp_loss":0,"event_name":"Transmorgrifier","floor":28,"gold_loss":0,"cards_obtained":["RobotSpaceExplorer:Reload"]},{"damage_healed":0,"gold_gain":0,"player_choice":"Memory 1","damage_taken":0,"max_hp_gain":0,"max_hp_loss":0,"event_name":"SensoryStone","floor":37,"gold_loss":0},{"damage_healed":0,"gold_gain":0,"player_choice":"Max HP","damage_taken":0,"max_hp_gain":0,"max_hp_loss":4,"event_name":"Winding Halls","floor":38,"gold_loss":0},{"damage_healed":0,"gold_gain":0,"player_choice":"Copied","damage_taken":0,"max_hp_gain":0,"max_hp_loss":0,"event_name":"Duplicator","floor":45,"gold_loss":0,"cards_obtained":["RobotSpaceExplorer:PowerCollector"]},{"cards_removed":["Slimebound:Tackle"],"damage_healed":0,"gold_gain":0,"player_choice":"Removed Attack","damage_taken":0,"max_hp_gain":0,"max_hp_loss":0,"event_name":"Falling","floor":47,"gold_loss":0}],"is_beta":false,"boss_relics":[{"not_picked":["Tiny House","Empty Cage"],"picked":"Busted Crown"},{"not_picked":["Black Star","Runic Pyramid"],"picked":"RobotSpaceExplorer:Reprocessor"}],"items_purged_floors":[],"is_endless":false,"potions_floor_spawned":[2,5,11,16,19,44],"ascension_level":0}}