{"host":"6affnl2vk6en9o4b","time":1611958519,"event":{"mods":["AchievementEnabler","Aspiration","BaseMod","BetterRewards","Colored Powertips","Conspire","Downfall","Friendly Minions","Googly Eyes","Highlight Path","Hubris","Minty Spire (QoL Compilation)","Replay The Spire","StSLib","Trackpad","Unceasing Turn Reminder"],"gold_per_floor":[99,115,115,128,61,61,61,61,73,132,166,50,50,76,86,184,184,84,100,117,136,136,53,76,66,79,79,90,90,131,143,171,276,276,76,85,105,126,152,152,152,211,240,240,92,101,101,113,139,139,139,139,139,139],"floor_reached":52,"language":"ENG","playtime":2882,"items_purged":[],"score":734,"play_id":"957b0742-cc0b-4947-a68a-92673e8dfd47","local_time":"20210129221519","is_ascension_mode":false,"campfire_choices":[{"floor":1.0,"key":"RECALL"},{"data":"Slimebound:HungryTackle","floor":6.0,"key":"SMITH"},{"data":"Slimebound:SplitMire","floor":8.0,"key":"SMITH"},{"data":"Slimebound:AcidTongue","floor":13.0,"key":"SMITH"},{"data":"Slimebound:LevelUp","floor":18.0,"key":"SMITH"},{"data":"Slimebound:RainOfGoop","floor":29,"key":"SMITH"},{"data":"Slimebound:Teamwork","floor":35,"key":"SMITH"},{"data":"Slimebound:Chomp","floor":40,"key":"SMITH"},{"data":"Slimebound:BestDefense","floor":44,"key":"SMITH"}],"circlet_count":0,"master_deck":["Slimebound:Strike_Slimebound","Slimebound:Strike_Slimebound","Slimebound:Strike_Slimebound","Slimebound:Tackle","Slimebound:Defend_Slimebound","Slimebound:Defend_Slimebound","Slimebound:Defend_Slimebound","Slimebound:Defend_Slimebound","Slimebound:Split","Slimebound:CorrosiveSpit","Slimebound:BestDefense+1","Slimebound:SplitMire+1","Slimebound:HungryTackle+1","Slimebound:Schlurp","Slimebound:AcidTongue+1","Slimebound:SlimeSpikes","Slimebound:GoopSpray","Slimebound:RainOfGoop+1","Slimebound:RollThrough","Slimebound:TongueLash","Slimebound:LevelUp+1","Slimebound:Schlurp","Slimebound:FinishingTackle","Slimebound:ItLooksTasty","Slimebound:Prepare+1","Slimebound:Equalize","Slimebound:Chomp+1","Slimebound:BestDefense","Slimebound:SamplingLick","Slimebound:GoopTackle","Slimebound:TongueLash","PanicButton","Slimebound:ComboTackle","Slimebound:HauntingLick","Slimebound:SplitSpecialist","Slimebound:Darklings","Slimebound:BestDefense+1","Slimebound:LeechEnergy+1","Slimebound:GoopTackle+1","Slimebound:HauntingLick","Slimebound:FlameTackle+1","Slimebound:SpikyOuterGoop"],"relics":["Slimebound:AbsorbEndCombat","Slimebound:MaxSlimesRelic","Ice Cream","PreservedInsect","Replay:Wax Seal","Busted Crown","downfall:HeartBlessingRed","BargainBundle","Blood Vial","CeramicFish","hubris:Backtick","Slimebound:SlimedSkullRelic","downfall:HeartBlessingGreen","downfall:HeartBlessingBlue","aspiration:SeaSaltIceCream","Vajra","hubris:GlazedTorus","Slimebound:SelfDamagePreventRelic","ReplayTheSpireMod:Ring of Addiction","Ring of Fangs","hubris:EmptyBottle","White Beast Statue"],"acts_visited":["Exordium","TheCity","TheBeyond","TheEnding"],"potions_floor_usage":[26,28,30,31,32,37,42,42,42,43,43,48,49,52],"damage_taken":[{"damage":1.0,"enemies":"Jaw Worm","floor":2.0,"turns":4.0},{"damage":11.0,"enemies":"Cultist","floor":4.0,"turns":5.0},{"damage":8.0,"enemies":"downfall:FleeingMerchant","floor":5.0,"turns":4.0},{"damage":1.0,"enemies":"2 Louse","floor":9.0,"turns":2.0},{"damage":5.0,"enemies":"Gremlin Nob","floor":10.0,"turns":3.0},{"damage":16.0,"enemies":"Lagavulin","floor":11.0,"turns":6.0},{"damage":6.0,"enemies":"downfall:FleeingMerchant","floor":12.0,"turns":4.0},{"damage":9.0,"enemies":"3 Sentries","floor":14.0,"turns":5.0},{"damage":4.0,"enemies":"Red Slaver","floor":15.0,"turns":3.0},{"damage":17.0,"enemies":"IC_STATUS_ARCHETYPE","floor":16.0,"turns":7.0},{"damage":0.0,"enemies":"conspire:FuzzyDice","floor":19.0,"turns":4.0},{"damage":0.0,"enemies":"Spheric Guardian","floor":20.0,"turns":3.0},{"damage":7.0,"enemies":"conspire:HollyBat","floor":21.0,"turns":7.0},{"damage":6.0,"enemies":"downfall:FleeingMerchant","floor":23.0,"turns":4.0},{"damage":2.0,"enemies":"downfall:FleeingMerchant","floor":25.0,"turns":4.0},{"damage":2,"enemies":"Chosen and Byrds","floor":26,"turns":5},{"damage":0,"enemies":"Snake Plant","floor":28,"turns":3},{"damage":26,"enemies":"Slavers","floor":30,"turns":4},{"damage":7,"enemies":"Cultist and Chosen","floor":31,"turns":5},{"damage":7,"enemies":"Centurion and Healer","floor":32,"turns":4},{"damage":78,"enemies":"DF_ARCHETYPE_CLAW","floor":33,"turns":7},{"damage":27,"enemies":"3 Darklings","floor":37,"turns":6},{"damage":9,"enemies":"3 Shapes","floor":38,"turns":3},{"damage":0,"enemies":"Jaw Worm Horde","floor":39,"turns":4},{"damage":17,"enemies":"Jaw Worm Horde","floor":42,"turns":4},{"damage":18,"enemies":"Maw","floor":43,"turns":6},{"damage":9,"enemies":"Spire Growth","floor":48,"turns":5},{"damage":12,"enemies":"Jaw Worm Horde","floor":49,"turns":3},{"damage":7,"enemies":"SI_POISON_ARCHETYPE","floor":50,"turns":12},{"damage":118,"enemies":"downfall:CharBossMerchant","floor":52,"turns":6}],"seed_played":"722871264859219021","potions_obtained":[{"floor":9.0,"key":"Block Potion"},{"floor":10.0,"key":"Reflective Coating"},{"floor":11.0,"key":"Energy Potion"},{"floor":16.0,"key":"SneckoOil"},{"floor":26,"key":"Swift Potion"},{"floor":28,"key":"Ancient Potion"},{"floor":30,"key":"ColorlessPotion"},{"floor":31,"key":"Fire Potion"},{"floor":33,"key":"EntropicBrew"},{"floor":38,"key":"AttackPotion"},{"floor":43,"key":"Toxic Potion"},{"floor":46,"key":"LiquidMemories"},{"floor":46,"key":"CultistPotion"},{"floor":49,"key":"CultistPotion"}],"is_trial":false,"path_per_floor":["R","M","?","M","$","R","T","R","M","?","E","$","R","E","M","B",null,"R","M","M","M","?","$","T","$","M","$","M","R","E","M","M","B",null,"R","?","M","M","M","R","T","?","M","R","$","?","?","M","M","B",null,"E"],"character_chosen":"SLIMEBOUND","items_purchased":["Slimebound:Schlurp","Slimebound:RollThrough","Replay:Wax Seal","Slimebound:Equalize","BargainBundle","Blood Vial","Slimebound:BestDefense","SkillPotion","sneckomod:MuddlingPotion","Slimebound:SamplingLick","Slimebound:GoopTackle","Slimebound:TongueLash","PanicButton","Slimebound:SelfDamagePreventRelic"],"campfire_rested":0,"item_purchase_floors":[5,12,12,23,25,25,25,25,25,25,25,25,25,45],"current_hp_per_floor":[71,71,71,62,60,60,60,60,61,62,50,48,48,47,47,34,71,71,71,71,66,81,81,81,81,81,81,81,81,63,74,81,12,81,91,91,72,69,85,85,85,76,68,68,68,68,68,77,83,86,91,0,0,0],"gold":139,"neow_bonus":"TEN_PERCENT_HP_BONUS","is_daily":false,"chose_seed":false,"campfire_upgraded":8,"win_rate":0.0,"timestamp":1611958519,"path_taken":["R","M","?","?","$","R","T","R","M","?","E","$","R","E","M","BOSS","R","M","M","M","?","$","T","?","M","$","M","R","E","?","M","BOSS","R","?","M","M","M","R","T","?","M","R","$","?","?","?","M","BOSS","E"],"items_purchased_type":["Card","Card","Relic","Card","Relic","Relic","Card","Potion","Potion","Card","Card","Card","Card","Relic"],"build_version":"2020-12-22","purchased_purges":0,"victory":false,"max_hp_per_floor":[71,71,71,71,71,71,71,71,71,71,71,71,71,71,71,71,71,71,71,71,71,81,81,81,81,81,81,81,81,81,81,81,81,81,91,91,91,91,91,91,91,91,91,91,91,91,91,91,91,91,91,91,91,91],"card_choices":[{"not_picked":["Slimebound:FinishingTackle","Slimebound:ServeAndProtect"],"picked":"Slimebound:BestDefense","floor":2.0},{"not_picked":["Slimebound:GrowthPunch","Slimebound:ItLooksTasty"],"picked":"Slimebound:SplitMire","floor":4.0},{"not_picked":["Slimebound:RejuvenatingLick","Slimebound:Nibble"],"picked":"Slimebound:HungryTackle","floor":5.0},{"not_picked":["Slimebound:SamplingLick","Slimebound:LeechEnergy"],"picked":"Slimebound:AcidTongue","floor":9.0},{"not_picked":["Slimebound:ViciousTackle","Slimebound:Repurpose"],"picked":"Slimebound:SlimeSpikes","floor":10.0},{"not_picked":["Slimebound:LeechEnergy","Slimebound:BestDefense"],"picked":"Slimebound:GoopSpray","floor":11.0},{"not_picked":["Slimebound:SplitAcid","Slimebound:SlimeBrawl"],"picked":"Slimebound:RainOfGoop","floor":12.0},{"not_picked":["Slimebound:Gluttony","Slimebound:SplitMire"],"picked":"Slimebound:TongueLash","floor":14.0},{"not_picked":["Slimebound:FormOfPuddle","Slimebound:GoopTackle"],"picked":"Slimebound:LevelUp","floor":15.0},{"not_picked":["Slimebound:PrepareCrush","Slimebound:MassRepurpose"],"picked":"Slimebound:RallyTheTroops","floor":16.0},{"not_picked":[],"picked":"Slimebound:Schlurp","floor":19.0},{"not_picked":[],"picked":"Slimebound:FinishingTackle","floor":20.0},{"not_picked":[],"picked":"Slimebound:ItLooksTasty","floor":21.0},{"not_picked":[],"picked":"Slimebound:Prepare+1","floor":23.0},{"not_picked":[],"picked":"Slimebound:Chomp","floor":25.0},{"not_picked":[],"picked":"Slimebound:ComboTackle","floor":26},{"not_picked":["Slimebound:SplitLeeching"],"picked":"SKIP","floor":28},{"not_picked":[],"picked":"Slimebound:HauntingLick","floor":30},{"not_picked":["Slimebound:ServeAndProtect"],"picked":"SKIP","floor":31},{"not_picked":[],"picked":"Slimebound:SplitSpecialist","floor":32},{"not_picked":[],"picked":"Slimebound:Teamwork","floor":33},{"not_picked":[],"picked":"Slimebound:BestDefense","floor":37},{"not_picked":[],"picked":"Slimebound:LeechEnergy+1","floor":38},{"not_picked":[],"picked":"Slimebound:GoopTackle+1","floor":39},{"not_picked":[],"picked":"Slimebound:HauntingLick","floor":42},{"not_picked":[],"picked":"Slimebound:FlameTackle+1","floor":43},{"not_picked":["Slimebound:SplitAcid+1"],"picked":"SKIP","floor":48},{"not_picked":[],"picked":"Slimebound:SpikyOuterGoop","floor":49}],"player_experience":211194,"relics_obtained":[{"floor":7.0,"key":"Slimebound:MaxSlimesRelic"},{"floor":10.0,"key":"Ice Cream"},{"floor":11.0,"key":"PreservedInsect"},{"floor":30,"key":"CeramicFish"},{"floor":41,"key":"aspiration:SeaSaltIceCream"},{"floor":42,"key":"hubris:GlazedTorus"},{"floor":46,"key":"ReplayTheSpireMod:Ring of Addiction"},{"floor":46,"key":"Ring of Fangs"},{"floor":46,"key":"hubris:EmptyBottle"},{"floor":46,"key":"White Beast Statue"}],"event_choices":[{"damage_healed":0.0,"max_hp_gain":0.0,"max_hp_loss":0.0,"gold_gain":0.0,"event_name":"Accursed Blacksmith","player_choice":"Forge","floor":3.0,"gold_loss":0.0,"damage_taken":0.0,"cards_upgraded":["Slimebound:BestDefense"]},{"cards_removed":["Slimebound:RallyTheTroops"],"damage_healed":5.0,"max_hp_gain":10.0,"max_hp_loss":0.0,"gold_gain":0.0,"event_name":"Bonfire Elementals","player_choice":"Offered Rare","floor":22.0,"gold_loss":0.0,"damage_taken":0.0}],"is_beta":false,"boss_relics":[{"not_picked":["Philosopher\u0027s Stone","Kintsugi"],"picked":"Busted Crown"},{"not_picked":["aspiration:RunicSpoon","conspire:SpecialSausage"],"picked":"hubris:Backtick"}],"items_purged_floors":[],"is_endless":false,"potions_floor_spawned":[9,10,11,16,26,28,30,31,33,38,43,48,49],"killed_by":"downfall:CharBossMerchant","ascension_level":0}}