{"host":"9n6i2vl93jt4o42q","time":1611917446,"event":{"mods":["BaseMod","Minty Spire (QoL Compilation)","Relic Stats"],"gold_per_floor":[115,40,58,70,70,70,80,80,80,115,165,185,216,227,227,227,227],"floor_reached":16,"language":"ENG","playtime":793,"items_purged":[],"score":224,"play_id":"32e4e33f-cd41-4031-b338-8ad2b87d5baa","local_time":"20210129115046","is_ascension_mode":true,"campfire_choices":[{"data":"All Out Attack","floor":6,"key":"SMITH"},{"data":"Masterful Stab","floor":8,"key":"SMITH"},{"data":"Calculated Gamble","floor":15,"key":"SMITH"}],"circlet_count":0,"master_deck":["AscendersBane","Strike_G","Strike_G","Defend_G","Defend_G","Defend_G","Defend_G","Survivor","Neutralize","Prepared","All Out Attack+1","Dagger Throw","Masterful Stab+1","Slice","Flechettes","Calculated Gamble+1","Underhanded Strike","Crippling Poison","Dagger Spray","Sucker Punch"],"relics":["Ring of the Snake","Paper Crane","Omamori","Du-Vu Doll"],"acts_visited":["Exordium"],"potions_floor_usage":[12],"damage_taken":[{"damage":0,"enemies":"2 Louse","floor":1,"turns":2},{"damage":0,"enemies":"Small Slimes","floor":3,"turns":2},{"damage":0,"enemies":"Cultist","floor":4,"turns":3},{"damage":2,"enemies":"Exordium Thugs","floor":7,"turns":4},{"damage":19,"enemies":"Lagavulin","floor":10,"turns":5},{"damage":0,"enemies":"Gremlin Gang","floor":12,"turns":2},{"damage":9,"enemies":"3 Sentries","floor":13,"turns":5},{"damage":0,"enemies":"Large Slime","floor":14,"turns":2},{"damage":31,"enemies":"The Guardian","floor":16,"turns":14}],"seed_played":"-7888058401882422245","potions_obtained":[{"floor":7,"key":"Explosive Potion"},{"floor":14,"key":"Strength Potion"}],"is_trial":false,"path_per_floor":["M","?","M","M","?","R","M","R","T","E","?","M","E","M","R","B"],"character_chosen":"THE_SILENT","items_purchased":[],"campfire_rested":0,"item_purchase_floors":[],"current_hp_per_floor":[59,59,59,59,59,59,57,57,57,38,38,38,29,29,29,0,0],"gold":227,"neow_bonus":"TRANSFORM_TWO_CARDS","is_daily":false,"chose_seed":false,"campfire_upgraded":3,"win_rate":0.0,"timestamp":1611917446,"path_taken":["M","?","M","M","?","R","M","R","T","E","?","M","E","?","R","BOSS"],"items_purchased_type":[],"build_version":"2020-12-22","purchased_purges":0,"victory":false,"max_hp_per_floor":[60,60,60,60,60,60,60,60,60,60,60,60,60,60,60,60,60],"relic_stats":{"counters":[9,39],"obtain_stats":[{"Du-Vu Doll":13,"Omamori":10,"Paper Crane":9,"Ring of the Snake":0},{"Du-Vu Doll":7,"Omamori":5,"Paper Crane":4,"Ring of the Snake":0},{"Du-Vu Doll":23,"Omamori":16,"Paper Crane":11,"Ring of the Snake":0}],"Ring of the Snake":[18]},"card_choices":[{"not_picked":["PiercingWail","Outmaneuver"],"picked":"Dagger Throw","floor":1},{"not_picked":["Envenom","Underhanded Strike"],"picked":"Masterful Stab","floor":3},{"not_picked":["Dagger Spray","Setup"],"picked":"Slice","floor":4},{"not_picked":["Endless Agony","Acrobatics"],"picked":"Calculated Gamble","floor":7},{"not_picked":["Acrobatics","Backstab"],"picked":"Underhanded Strike","floor":10},{"not_picked":["Backstab","Dagger Throw"],"picked":"Crippling Poison","floor":12},{"not_picked":["Flechettes","Dagger Throw"],"picked":"Dagger Spray","floor":13},{"not_picked":["Dagger Spray","Backstab"],"picked":"Sucker Punch","floor":14}],"player_experience":2311578,"relics_obtained":[{"floor":9,"key":"Paper Crane"},{"floor":10,"key":"Omamori"},{"floor":13,"key":"Du-Vu Doll"}],"event_choices":[{"cards_removed":["Strike_G"],"damage_healed":0,"gold_gain":0,"player_choice":"Card Removal","damage_taken":0,"max_hp_gain":0,"max_hp_loss":0,"event_name":"The Cleric","floor":2,"gold_loss":75},{"damage_healed":0,"gold_gain":0,"cards_transformed":["Strike_G"],"player_choice":"Change","damage_taken":0,"max_hp_gain":0,"max_hp_loss":0,"event_name":"Living Wall","floor":5,"gold_loss":0,"cards_obtained":["Flechettes"]},{"damage_healed":0,"gold_gain":50,"player_choice":"Pray","damage_taken":0,"max_hp_gain":0,"max_hp_loss":0,"event_name":"Golden Shrine","floor":11,"gold_loss":0}],"is_beta":false,"boss_relics":[],"items_purged_floors":[],"is_endless":false,"potions_floor_spawned":[7,14],"killed_by":"The Guardian","ascension_level":20}}