{"host":"vyjryxuuuxkt43k4","time":1611906063,"event":{"mods":["AchievementEnabler","BaseMod","Colored Map","DeckTracker","Keyboard Shortcuts","Minty Spire (QoL Compilation)","Permanent Neow","Quick Restart","Rare Cards Sparkle","StSLib","SuperFastMode","everything is the same but u backflip on backflip"],"gold_per_floor":[109,125,141,42,42,42,76,91,114,114,133,133,163,191,191,295,295,308,321,17,116,31,60,60,86,110,143,159,159,8,25,25,128,128,138,149,161,176,176,207,207,240,240,269,287,47,147,147,147,147,147],"floor_reached":50,"language":"KOR","playtime":6635,"items_purged":["Defend_P","Strike_P"],"score":883,"play_id":"7a4ece1f-cb18-47cd-9359-e95a5fdb6d9d","local_time":"20210129164103","is_ascension_mode":true,"campfire_choices":[{"data":"Eruption","floor":6.0,"key":"SMITH"},{"floor":12.0,"key":"REST"},{"floor":15.0,"key":"REST"},{"data":"Vault","floor":24.0,"key":"SMITH"},{"data":"ClearTheMind","floor":29.0,"key":"SMITH"},{"data":"MentalFortress","floor":32.0,"key":"SMITH"},{"data":"Adaptation","floor":41,"key":"SMITH"},{"floor":49,"key":"RECALL"}],"circlet_count":0,"master_deck":["Strike_P","Strike_P","Strike_P","Defend_P","Defend_P","Eruption+1","Vigilance","FlurryOfBlows","FollowUp","SignatureMove","EmptyFist","ClearTheMind+1","Vault+1","Tantrum+1","FlurryOfBlows+1","MentalFortress+1","Consecrate+1","Evaluate+1","Vault","Adaptation+1","Sanctity+1","ClearTheMind+1","Crescendo+1","Halt","Parasite"],"relics":["PureWater","Anchor","Ancient Tea Set","Bronze Scales","MealTicket","Blood Vial","Damaru","Black Star","Bag of Marbles","Oddly Smooth Stone","Meat on the Bone","Singing Bowl","Potion Belt","StrikeDummy","Akabeko","Tiny Chest","Bag of Preparation","Cursed Key","Mercury Hourglass","Juzu Bracelet","The Courier","Pear","Bottled Tornado","Shuriken","Yang"],"acts_visited":["Exordium","TheCity","TheBeyond"],"potions_floor_usage":[50,50],"damage_taken":[{"damage":0.0,"enemies":"Jaw Worm","floor":1.0,"turns":3.0},{"damage":0.0,"enemies":"Small Slimes","floor":2.0,"turns":2.0},{"damage":0.0,"enemies":"2 Louse","floor":3.0,"turns":2.0},{"damage":43.0,"enemies":"3 Sentries","floor":7.0,"turns":5.0},{"damage":0.0,"enemies":"Exordium Thugs","floor":8.0,"turns":3.0},{"damage":0.0,"enemies":"Large Slime","floor":11.0,"turns":2.0},{"damage":27.0,"enemies":"Lagavulin","floor":14.0,"turns":3.0},{"damage":10.0,"enemies":"Slime Boss","floor":16.0,"turns":7.0},{"damage":16.0,"enemies":"Shell Parasite","floor":18.0,"turns":5.0},{"damage":5.0,"enemies":"3 Byrds","floor":19.0,"turns":3.0},{"damage":44.0,"enemies":"Gremlin Leader","floor":23.0,"turns":5.0},{"damage":13.0,"enemies":"Slavers","floor":25.0,"turns":4.0},{"damage":17.0,"enemies":"Book of Stabbing","floor":27.0,"turns":5.0},{"damage":0.0,"enemies":"Centurion and Healer","floor":28.0,"turns":3.0},{"damage":0.0,"enemies":"Snake Plant","floor":31.0,"turns":3.0},{"damage":24.0,"enemies":"Automaton","floor":33.0,"turns":7.0},{"damage":6.0,"enemies":"3 Shapes","floor":35.0,"turns":2.0},{"damage":9.0,"enemies":"3 Darklings","floor":36.0,"turns":2.0},{"damage":0,"enemies":"Writhing Mass","floor":37,"turns":3},{"damage":27,"enemies":"4 Shapes","floor":38,"turns":4},{"damage":0,"enemies":"Nemesis","floor":40,"turns":3},{"damage":4,"enemies":"Giant Head","floor":42,"turns":4},{"damage":0,"enemies":"Reptomancer","floor":44,"turns":3},{"damage":0,"enemies":"Jaw Worm Horde","floor":45,"turns":3},{"damage":115,"enemies":"Time Eater","floor":50,"turns":7}],"seed_played":"-567261937686019761","potions_obtained":[{"floor":7.0,"key":"PowerPotion"},{"floor":8.0,"key":"DuplicationPotion"},{"floor":11.0,"key":"GamblersBrew"},{"floor":16.0,"key":"Dexterity Potion"},{"floor":23.0,"key":"AttackPotion"},{"floor":31.0,"key":"CultistPotion"},{"floor":33.0,"key":"BlessingOfTheForge"},{"floor":37,"key":"BottledMiracle"},{"floor":38,"key":"Ancient Potion"},{"floor":45,"key":"Fire Potion"}],"is_trial":false,"path_per_floor":["M","M","M","$","?","R","E","M","T","?","M","R","?","E","R","B",null,"M","M","$","?","?","E","R","E","T","E","M","R","$","M","R","B",null,"M","M","M","M","?","E","R","E","T","E","M","$","?","?","R","B"],"character_chosen":"WATCHER","items_purchased":["BottledMiracle","Energy Potion","Bag of Marbles","MentalFortress","BottledMiracle","Yang","Swift Potion"],"campfire_rested":2,"item_purchase_floors":[4,4,20,20,30,46,46],"current_hp_per_floor":[72,72,72,72,60,60,17,17,17,10,10,31,31,6,27,19,72,56,53,68,68,68,28,28,31,31,28,42,42,57,61,61,51,78,72,65,67,42,42,44,44,54,54,58,62,77,77,77,77,0,0],"gold":147,"neow_bonus":"RANDOM_COMMON_RELIC","is_daily":false,"chose_seed":false,"campfire_upgraded":5,"win_rate":0.0,"timestamp":1611906063,"path_taken":["M","M","M","$","?","R","E","M","T","?","M","R","?","E","R","BOSS","M","M","$","?","?","E","R","E","T","E","M","R","$","M","R","BOSS","M","M","M","M","?","E","R","E","T","E","M","$","?","?","R","BOSS"],"items_purchased_type":["Potion","Potion","Relic","Card","Potion","Relic","Potion"],"build_version":"2020-12-22","purchased_purges":2,"victory":false,"max_hp_per_floor":[72,72,72,72,72,72,72,72,72,72,72,72,72,72,72,72,72,72,72,72,72,72,74,74,76,76,76,76,76,76,78,78,78,78,78,78,78,78,78,78,78,90,90,92,94,94,94,94,94,94,94],"card_choices":[{"not_picked":["ClearTheMind","CrushJoints"],"picked":"FlurryOfBlows","floor":1.0},{"not_picked":["ReachHeaven","Protect","JustLucky"],"picked":"SKIP","floor":2.0},{"not_picked":["EmptyBody","Worship"],"picked":"FollowUp","floor":3.0},{"not_picked":["Worship","Wish"],"picked":"TalkToTheHand","floor":7.0},{"not_picked":["SandsOfTime","JustLucky"],"picked":"SignatureMove","floor":8.0},{"not_picked":["Evaluate","Brilliance"],"picked":"EmptyFist","floor":11.0},{"not_picked":["Pray","BowlingBash"],"picked":"ClearTheMind","floor":14.0},{"not_picked":["Alpha","Blasphemy"],"picked":"Vault","floor":16.0},{"not_picked":["Crescendo","BowlingBash"],"picked":"Tantrum+1","floor":18.0},{"not_picked":["FlyingSleeves","CrushJoints"],"picked":"FlurryOfBlows+1","floor":19.0},{"not_picked":["WheelKick+1","PathToVictory","Vengeance+1"],"picked":"Singing Bowl","floor":23.0},{"not_picked":["ThirdEye","DeceiveReality","Conclude"],"picked":"Singing Bowl","floor":25.0},{"not_picked":["Fasting2","EmptyFist+1"],"picked":"Consecrate+1","floor":27.0},{"not_picked":["Crescendo","SignatureMove"],"picked":"Evaluate+1","floor":28.0},{"not_picked":["SashWhip","TalkToTheHand+1","EmptyFist"],"picked":"Singing Bowl","floor":31.0},{"not_picked":["Blasphemy","MasterReality"],"picked":"Vault","floor":33.0},{"not_picked":["FlurryOfBlows","EmptyBody"],"picked":"Adaptation","floor":35.0},{"not_picked":["EmptyFist","WheelKick"],"picked":"Sanctity+1","floor":36.0},{"not_picked":["Evaluate","BowlingBash+1"],"picked":"ClearTheMind+1","floor":37},{"not_picked":["Wish","JustLucky"],"picked":"Crescendo+1","floor":38},{"not_picked":["Judgement","Indignation+1"],"picked":"Halt","floor":40},{"not_picked":["FlurryOfBlows+1","Consecrate+1","WheelKick+1"],"picked":"Singing Bowl","floor":42},{"not_picked":["FlyingSleeves","Fasting2","ForeignInfluence+1"],"picked":"Singing Bowl","floor":44},{"not_picked":["Swivel","Prostrate","Evaluate"],"picked":"Singing Bowl","floor":45}],"player_experience":482873,"relics_obtained":[{"floor":7.0,"key":"Bronze Scales"},{"floor":9.0,"key":"MealTicket"},{"floor":14.0,"key":"Damaru"},{"floor":23.0,"key":"Meat on the Bone"},{"floor":23.0,"key":"Singing Bowl"},{"floor":25.0,"key":"Potion Belt"},{"floor":25.0,"key":"StrikeDummy"},{"floor":26.0,"key":"Akabeko"},{"floor":27.0,"key":"Tiny Chest"},{"floor":27.0,"key":"Bag of Preparation"},{"floor":40,"key":"Mercury Hourglass"},{"floor":40,"key":"Juzu Bracelet"},{"floor":42,"key":"The Courier"},{"floor":42,"key":"Pear"},{"floor":44,"key":"Bottled Tornado"},{"floor":44,"key":"Shuriken"}],"event_choices":[{"damage_healed":0.0,"max_hp_gain":0.0,"max_hp_loss":0.0,"gold_gain":0.0,"event_name":"Scrap Ooze","player_choice":"Success","floor":5.0,"gold_loss":0.0,"damage_taken":12.0,"relics_obtained":["Ancient Tea Set"]},{"cards_removed":["Defend_P"],"damage_healed":0.0,"max_hp_gain":0.0,"max_hp_loss":0.0,"gold_gain":0.0,"event_name":"Golden Wing","player_choice":"Card Removal","floor":10.0,"gold_loss":0.0,"damage_taken":7.0},{"damage_healed":0.0,"max_hp_gain":0.0,"max_hp_loss":0.0,"gold_gain":30.0,"event_name":"Dead Adventurer","player_choice":"Searched \u00272\u0027 times","floor":13.0,"gold_loss":0.0,"damage_taken":0.0,"relics_obtained":["Blood Vial"]},{"damage_healed":0.0,"max_hp_gain":0.0,"max_hp_loss":0.0,"gold_gain":99.0,"event_name":"Nest","player_choice":"Stole From Cult","floor":21.0,"gold_loss":0.0,"damage_taken":0.0},{"damage_healed":0.0,"max_hp_gain":0.0,"max_hp_loss":0.0,"gold_gain":0.0,"event_name":"Addict","player_choice":"Obtained Relic","floor":22.0,"gold_loss":85.0,"damage_taken":0.0,"relics_obtained":["Oddly Smooth Stone"]},{"cards_removed":["TalkToTheHand"],"damage_healed":0,"gold_gain":0,"player_choice":"Removed Attack","damage_taken":0,"max_hp_gain":0,"max_hp_loss":0,"event_name":"Falling","floor":39,"gold_loss":0},{"damage_healed":0,"gold_gain":100,"player_choice":"Pray","damage_taken":0,"max_hp_gain":0,"max_hp_loss":0,"event_name":"Golden Shrine","floor":47,"gold_loss":0},{"damage_healed":0,"gold_gain":0,"player_choice":"Ignored","damage_taken":0,"max_hp_gain":0,"max_hp_loss":0,"event_name":"Tomb of Lord Red Mask","floor":48,"gold_loss":0}],"is_beta":false,"boss_relics":[{"not_picked":["Coffee Dripper","Fusion Hammer"],"picked":"Black Star"},{"not_picked":["SacredBark","SlaversCollar"],"picked":"Cursed Key"}],"items_purged_floors":[20,30],"is_endless":false,"potions_floor_spawned":[7,8,11,16,23,31,33,37,38,45],"killed_by":"Time Eater","ascension_level":4}}