{"host":"d5i1qeb9dejicw1z","time":1611898929,"event":{"mods":["AchievementEnabler","BaseMod","Better Note","BetterRewards","Gold Saver","Minty Spire (QoL Compilation)","Permanent Neow","Relic Filter Mod","Reliquary","StSLib"],"gold_per_floor":[111,123,123,123,138,138,138,150,173,191,219,231,231,71,71,146,146,120,3,3,19,38,38,38,38,63,63,82,82,82],"floor_reached":29,"language":"ENG","playtime":1090,"items_purged":["Defend_B"],"score":466,"play_id":"f4de859a-db41-464a-8c86-b594ca8d94ac","local_time":"20210128214209","is_ascension_mode":true,"campfire_choices":[{"data":"Dualcast","floor":6,"key":"SMITH"},{"floor":15,"key":"REST"},{"floor":23,"key":"REST"},{"floor":27,"key":"REST"}],"circlet_count":0,"master_deck":["AscendersBane","Strike_B","Strike_B","Strike_B+1","Strike_B+1","Defend_B","Defend_B","Zap+1","Dualcast+1","Conserve Battery+1","Leap","Loop+1","Auto Shields","Core Surge","Reboot","Loop","Sweeping Beam","Cold Snap","Chill"],"relics":["Cracked Core","reliquary:FeatherDuster","Akabeko","Bottled Tornado","Whetstone","Nuclear Battery","Toy Ornithopter"],"acts_visited":["Exordium","TheCity"],"potions_floor_usage":[11,11,16,24,29],"damage_taken":[{"damage":0,"enemies":"Small Slimes","floor":1,"turns":3},{"damage":0,"enemies":"Jaw Worm","floor":2,"turns":3},{"damage":1,"enemies":"2 Louse","floor":5,"turns":3},{"damage":1,"enemies":"Looter","floor":8,"turns":3},{"damage":8,"enemies":"Blue Slaver","floor":10,"turns":2},{"damage":25,"enemies":"Lagavulin","floor":11,"turns":6},{"damage":15,"enemies":"3 Louse","floor":12,"turns":4},{"damage":24,"enemies":"The Guardian","floor":16,"turns":12},{"damage":22,"enemies":"2 Thieves","floor":18,"turns":4},{"damage":21,"enemies":"3 Byrds","floor":21,"turns":6},{"damage":16,"enemies":"Centurion and Healer","floor":22,"turns":6},{"damage":0,"enemies":"Slavers","floor":24,"turns":1},{"damage":0,"enemies":"Cultist and Chosen","floor":28,"turns":7},{"damage":67,"enemies":"Gremlin Leader","floor":29,"turns":7}],"seed_played":"-4294905623257887953","potions_obtained":[{"floor":2,"key":"LiquidMemories"},{"floor":10,"key":"Strength Potion"},{"floor":11,"key":"LiquidMemories"},{"floor":22,"key":"SmokeBomb"},{"floor":28,"key":"Weak Potion"}],"is_trial":false,"path_per_floor":["M","M","?","?","M","R","T","M","T","M","E","M","?","$","R","B",null,"M","$","?","M","M","R","E","?","T","R","M","E"],"character_chosen":"DEFECT","items_purchased":["Whetstone","Loop"],"campfire_rested":3,"item_purchase_floors":[14,19],"current_hp_per_floor":[64,64,57,62,61,61,61,60,60,52,27,12,12,12,34,10,60,38,38,38,17,1,23,23,23,23,45,45,0,0],"gold":82,"neow_bonus":"UPGRADE_CARD","is_daily":false,"chose_seed":false,"campfire_upgraded":1,"win_rate":0.0,"timestamp":1611898929,"path_taken":["M","M","?","?","M","R","?","M","T","M","E","?","?","$","R","BOSS","M","$","?","M","M","R","E","?","T","R","?","E"],"items_purchased_type":["Relic","Card"],"build_version":"2020-12-22","purchased_purges":1,"victory":false,"max_hp_per_floor":[71,71,71,76,76,76,76,76,76,76,76,76,76,76,76,76,76,76,76,76,76,76,76,76,76,76,76,76,76,76],"card_choices":[{"not_picked":["Turbo","Beam Cell"],"picked":"Conserve Battery","floor":1},{"not_picked":["Compile Driver","Reinforced Body"],"picked":"Leap","floor":2},{"not_picked":["Recycle","Scrape","Coolheaded"],"picked":"SKIP","floor":5},{"not_picked":["Rebound","Beam Cell"],"picked":"Loop","floor":8},{"not_picked":["Turbo","Reprogram"],"picked":"Auto Shields","floor":10},{"not_picked":["Sweeping Beam","Compile Driver","Lockon"],"picked":"SKIP","floor":11},{"not_picked":["Conserve Battery","Streamline"],"picked":"Core Surge","floor":12},{"not_picked":["Thunder Strike","Multi-Cast"],"picked":"Reboot","floor":16},{"not_picked":["Cold Snap","Stack","Scrape"],"picked":"SKIP","floor":18},{"not_picked":["Go for the Eyes","Turbo"],"picked":"Sweeping Beam","floor":21},{"not_picked":["Lockon","Double Energy+1"],"picked":"Cold Snap","floor":22},{"not_picked":["Turbo","Storm"],"picked":"Chill","floor":28}],"player_experience":1176144,"relics_obtained":[{"floor":7,"key":"reliquary:FeatherDuster"},{"floor":9,"key":"Akabeko"},{"floor":11,"key":"Bottled Tornado"},{"floor":26,"key":"Toy Ornithopter"}],"event_choices":[{"cards_removed":["Defend_B"],"damage_healed":0,"gold_gain":0,"player_choice":"Card Removal","damage_taken":7,"max_hp_gain":0,"max_hp_loss":0,"event_name":"Golden Wing","floor":3,"gold_loss":0},{"damage_healed":0,"gold_gain":0,"player_choice":"Donut","damage_taken":0,"max_hp_gain":5,"max_hp_loss":0,"event_name":"Big Fish","floor":4,"gold_loss":0},{"damage_healed":0,"gold_gain":0,"player_choice":"Grow","damage_taken":0,"max_hp_gain":0,"max_hp_loss":0,"event_name":"Living Wall","floor":13,"gold_loss":0,"cards_upgraded":["Loop"]},{"damage_healed":0,"gold_gain":0,"player_choice":"Upgraded","damage_taken":0,"max_hp_gain":0,"max_hp_loss":0,"event_name":"Upgrade Shrine","floor":20,"gold_loss":0,"cards_upgraded":["Conserve Battery"]},{"cards_removed":["Strike_B"],"damage_healed":0,"gold_gain":0,"player_choice":"Give","damage_taken":0,"max_hp_gain":0,"max_hp_loss":0,"event_name":"betterNote:BetterNote","floor":25,"gold_loss":0,"cards_obtained":["None"]}],"is_beta":false,"boss_relics":[{"not_picked":["Tiny House","reliquary:WritOfMandamus"],"picked":"Nuclear Battery"}],"items_purged_floors":[19],"is_endless":false,"potions_floor_spawned":[2,10,11,22,24,28],"killed_by":"Gremlin Leader","ascension_level":18}}