{"host":"0fmi5fguj5lvt8pf","time":1611923609,"event":{"mods":["BaseMod","Colored Map","Curses Come First","Downfall","Minty Spire (QoL Compilation)","Permanent Neow","StSLib"],"gold_per_floor":[99,140,176,215,301,351,351,35,35,103,144,213,213,247,315,315,315,315],"floor_reached":16,"language":"ENG","playtime":957,"items_purged":[],"score":104,"play_id":"ce20d7a5-a049-49c6-b858-c91020f11399","local_time":"20210129043329","is_ascension_mode":false,"campfire_choices":[{"data":"HandOfGreed","floor":1,"key":"SMITH"},{"floor":13,"key":"REST"}],"circlet_count":0,"master_deck":["bronze:Strike","bronze:Strike","bronze:Strike","bronze:Strike","bronze:Defend","bronze:Defend","bronze:Defend","bronze:Defend","bronze:Replicate","bronze:Goto","HandOfGreed+1","bronze:DelayedGuard","bronze:BugBarrage","bronze:CloningBeam","bronze:Spike","bronze:DazingPulse","bronze:ChildClass","bronze:HardenedForm+1","bronze:ClassDefault","bronze:FollowUp","bronze:Return"],"relics":["bronze:BronzeCore","Nunchaku","Kunai","Omamori","Chemical X","Ancient Tea Set"],"acts_visited":["Exordium"],"potions_floor_usage":[5,6,16,16],"damage_taken":[{"damage":1,"enemies":"Cultist","floor":2,"turns":4},{"damage":6,"enemies":"Jaw Worm","floor":3,"turns":4},{"damage":7,"enemies":"2 Louse","floor":4,"turns":3},{"damage":10,"enemies":"Gremlin Nob","floor":5,"turns":4},{"damage":7,"enemies":"Gremlin Nob","floor":6,"turns":7},{"damage":0,"enemies":"downfall:FleeingMerchant","floor":8,"turns":4},{"damage":0,"enemies":"Exordium Thugs","floor":10,"turns":5},{"damage":1,"enemies":"Exordium Wildlife","floor":11,"turns":2},{"damage":12,"enemies":"Gremlin Gang","floor":12,"turns":5},{"damage":5,"enemies":"Lagavulin","floor":14,"turns":7},{"damage":4,"enemies":"2 Fungi Beasts","floor":15,"turns":7},{"damage":16,"enemies":"WA_ARCHETYPE_RETAIN","floor":16,"turns":7}],"seed_played":"-2942929722353654610","potions_obtained":[{"floor":2,"key":"BlessingOfTheForge"},{"floor":4,"key":"AttackPotion"},{"floor":5,"key":"hexamod:SoulburnPotion"},{"floor":15,"key":"SpeedPotion"}],"is_trial":false,"path_per_floor":["R","M","M","M","?","?","T","$","?","M","M","M","R","E","M","B"],"character_chosen":"THE_AUTOMATON","items_purchased":["Omamori","Chemical X"],"campfire_rested":1,"item_purchase_floors":[8,8],"current_hp_per_floor":[63,62,56,49,39,32,32,32,32,32,31,19,37,32,28,12,12,12],"gold":315,"neow_bonus":"RANDOM_COLORLESS_2","is_daily":false,"chose_seed":false,"campfire_upgraded":1,"win_rate":0.0,"timestamp":1611923609,"path_taken":["R","M","M","?","?","?","T","$","?","M","?","?","R","E","M","BOSS"],"items_purchased_type":["Relic","Relic"],"build_version":"2020-12-22","purchased_purges":0,"victory":false,"max_hp_per_floor":[63,63,63,63,63,63,63,63,63,63,63,63,63,63,63,63,63,63],"card_choices":[{"not_picked":["Mayhem","Thinking Ahead"],"picked":"HandOfGreed","floor":0},{"not_picked":["bronze:ItsAFeature","bronze:NullPointer"],"picked":"bronze:DelayedGuard","floor":2},{"not_picked":["bronze:Shield","bronze:Overheat"],"picked":"bronze:BugBarrage","floor":3},{"not_picked":["bronze:BugBarrage","bronze:BuggyMess"],"picked":"bronze:CloningBeam","floor":4},{"not_picked":[],"picked":"bronze:Spike","floor":6},{"not_picked":[],"picked":"bronze:DazingPulse","floor":6},{"not_picked":["bronze:Flail","bronze:Branch"],"picked":"bronze:ChildClass","floor":6},{"not_picked":["bronze:FineTuning","bronze:Backtrace"],"picked":"bronze:HardenedForm","floor":8},{"not_picked":["bronze:BitShift","bronze:Deprecate"],"picked":"bronze:ClassDefault","floor":10},{"not_picked":["bronze:ForLoop","bronze:BugBarrage","bronze:Iterate"],"picked":"SKIP","floor":11},{"not_picked":["bronze:Turbo","bronze:BitShift"],"picked":"bronze:FollowUp","floor":12},{"not_picked":["bronze:Overload","bronze:Turbo"],"picked":"bronze:Return","floor":14},{"not_picked":["bronze:Philosophize","bronze:ClassDefault","bronze:BugBarrage"],"picked":"SKIP","floor":15}],"player_experience":1450256,"relics_obtained":[{"floor":7,"key":"Kunai"},{"floor":14,"key":"Ancient Tea Set"}],"event_choices":[],"is_beta":false,"boss_relics":[],"items_purged_floors":[],"is_endless":false,"potions_floor_spawned":[2,4,5,15],"killed_by":"WA_ARCHETYPE_RETAIN","ascension_level":0}}