{"host":"zlryddw6xv0ljf8b","time":1611912145,"event":{"mods":["AchievementEnabler","BaseMod","Colored Map","Colored Powertips","Highlight Path","Minty Spire (QoL Compilation)","Permanent Neow","Quick Restart","StSLib","UnlockEverythingMod"],"gold_per_floor":[109,129,145,220,145,178,178,194,194,194,222,241,241,316,316,414,414,429,446,461,293,148,148,179,192,192,192,209,209,239,250,250,350,350,369,174,193,243,262,289,289,289,289,299,299,319,5,25,25,25],"floor_reached":51,"language":"ENG","playtime":3512,"items_purged":["Strike_B","Strike_B","Strike_B"],"score":779,"play_id":"b62aa040-de89-4883-947c-2916d6ecedc5","local_time":"20210129032225","is_ascension_mode":false,"campfire_choices":[{"data":"Zap","floor":7,"key":"SMITH"},{"floor":10,"key":"REST"},{"data":"Defragment","floor":15,"key":"SMITH"},{"floor":23,"key":"REST"},{"data":"Electrodynamics","floor":27,"key":"SMITH"},{"floor":29,"key":"REST"},{"data":"Dualcast","floor":32,"key":"SMITH"},{"floor":41,"key":"REST"},{"data":"Redo","floor":45,"key":"SMITH"},{"data":"Defragment","floor":49,"key":"SMITH"}],"circlet_count":0,"master_deck":["Strike_B","Defend_B","Defend_B","Defend_B","Defend_B","Zap+1","Dualcast+1","Auto Shields","Cold Snap","Sweeping Beam","Doom and Gloom","Conserve Battery","Defragment+1","Chill","Machine Learning","Double Energy+1","Leap","Coolheaded","Ball Lightning","Electrodynamics+1","Conserve Battery","Reinforced Body+1","Coolheaded","Capacitor+1","Coolheaded","Undo","Skim","Defragment+1","Turbo+1","Redo+1","Barrage+1","Multi-Cast"],"relics":["Cracked Core","Oddly Smooth Stone","Letter Opener","Kunai","SlaversCollar","Orrery","Bottled Tornado","Meat on the Bone","Vajra","Cursed Key","Membership Card","CaptainsWheel","Omamori","MealTicket","Mercury Hourglass","Potion Belt"],"acts_visited":["Exordium","TheCity","TheBeyond"],"potions_floor_usage":[2,6,8,11,16,24,40,44,48,50,50,50,50,50,50,50],"damage_taken":[{"damage":0,"enemies":"2 Louse","floor":1,"turns":1},{"damage":0,"enemies":"Small Slimes","floor":2,"turns":3},{"damage":6,"enemies":"Jaw Worm","floor":3,"turns":3},{"damage":14,"enemies":"3 Sentries","floor":6,"turns":9},{"damage":8,"enemies":"Gremlin Gang","floor":8,"turns":3},{"damage":10,"enemies":"Lagavulin","floor":11,"turns":4},{"damage":6,"enemies":"Lots of Slimes","floor":12,"turns":3},{"damage":11,"enemies":"Slime Boss","floor":16,"turns":8},{"damage":16,"enemies":"Spheric Guardian","floor":18,"turns":4},{"damage":8,"enemies":"Chosen","floor":19,"turns":5},{"damage":8,"enemies":"Sentry and Sphere","floor":20,"turns":6},{"damage":0,"enemies":"Book of Stabbing","floor":24,"turns":7},{"damage":7,"enemies":"Snake Plant","floor":25,"turns":5},{"damage":15,"enemies":"Chosen and Byrds","floor":28,"turns":4},{"damage":20,"enemies":"Slavers","floor":30,"turns":3},{"damage":0,"enemies":"Centurion and Healer","floor":31,"turns":5},{"damage":0,"enemies":"Collector","floor":33,"turns":11},{"damage":5,"enemies":"Orb Walker","floor":35,"turns":5},{"damage":0,"enemies":"3 Darklings","floor":37,"turns":2},{"damage":14,"enemies":"Mind Bloom Boss Battle","floor":38,"turns":7},{"damage":18,"enemies":"Jaw Worm Horde","floor":39,"turns":3},{"damage":23,"enemies":"Giant Head","floor":40,"turns":13},{"damage":0,"enemies":"Transient","floor":44,"turns":5},{"damage":0,"enemies":"3 Darklings","floor":46,"turns":3},{"damage":0,"enemies":"Writhing Mass","floor":48,"turns":8},{"damage":2,"enemies":"Donu and Deca","floor":50,"turns":8}],"seed_played":"7758021275956980500","potions_obtained":[{"floor":0,"key":"FearPotion"},{"floor":0,"key":"EntropicBrew"},{"floor":0,"key":"Fruit Juice"},{"floor":2,"key":"Fire Potion"},{"floor":6,"key":"FocusPotion"},{"floor":12,"key":"GamblersBrew"},{"floor":16,"key":"Energy Potion"},{"floor":19,"key":"SkillPotion"},{"floor":30,"key":"Weak Potion"},{"floor":35,"key":"Swift Potion"},{"floor":40,"key":"ColorlessPotion"},{"floor":48,"key":"ColorlessPotion"}],"is_trial":false,"path_per_floor":["M","M","M","?","$","E","R","M","T","R","E","M","?","?","R","B",null,"M","M","M","$","$","R","E","M","T","R","M","R","E","M","R","B",null,"M","$","M","?","M","E","R","?","T","M","R","M","$","M","R","B",null],"character_chosen":"DEFECT","items_purchased":["Coolheaded","Orrery","Coolheaded","Membership Card","Defragment","Mercury Hourglass","Potion Belt","FocusPotion","Swift Potion"],"campfire_rested":4,"item_purchase_floors":[21,21,22,36,36,47,47,47,47],"current_hp_per_floor":[75,80,74,63,63,49,49,41,41,65,55,49,75,67,67,56,80,64,56,48,48,48,72,72,65,65,65,50,74,54,54,54,54,80,75,75,75,61,43,32,56,56,56,56,56,56,71,71,71,69],"gold":25,"neow_bonus":"THREE_SMALL_POTIONS","is_daily":false,"chose_seed":false,"campfire_upgraded":6,"win_rate":0.0,"timestamp":1611912145,"path_taken":["M","M","M","?","$","E","R","M","T","R","E","M","?","?","R","BOSS","M","?","M","?","$","R","E","M","T","R","M","R","E","M","R","BOSS","M","$","M","?","M","E","R","?","T","M","R","M","$","M","R","BOSS"],"items_purchased_type":["Card","Relic","Card","Relic","Card","Relic","Relic","Potion","Potion"],"build_version":"2020-12-22","purchased_purges":3,"victory":true,"max_hp_per_floor":[75,80,80,80,80,80,80,80,80,80,80,80,80,80,80,80,80,80,80,80,80,80,80,80,80,80,80,80,80,80,80,80,80,80,80,80,80,80,80,80,80,80,80,80,80,80,80,80,80,80],"card_choices":[{"not_picked":["Steam","Fusion"],"picked":"Auto Shields","floor":1},{"not_picked":["Darkness","Doom and Gloom"],"picked":"Cold Snap","floor":2},{"not_picked":["Hologram","Go for the Eyes"],"picked":"Sweeping Beam","floor":3},{"not_picked":["Meteor Strike","Blizzard"],"picked":"Doom and Gloom","floor":6},{"not_picked":["Static Discharge","Beam Cell"],"picked":"Conserve Battery","floor":8},{"not_picked":["Hologram","Barrage"],"picked":"Defragment","floor":11},{"not_picked":["Static Discharge","Cold Snap"],"picked":"Chill","floor":12},{"not_picked":["Fission","Biased Cognition"],"picked":"Machine Learning","floor":16},{"not_picked":["Heatsinks","Self Repair","Storm"],"picked":"SKIP","floor":18},{"not_picked":["Chill","Sunder"],"picked":"Double Energy+1","floor":19},{"not_picked":["Turbo","Undo+1"],"picked":"Leap","floor":20},{"not_picked":["Beam Cell","Compile Driver"],"picked":"Ball Lightning","floor":21},{"not_picked":["Sweeping Beam","Hologram"],"picked":"Electrodynamics","floor":21},{"not_picked":["Rip and Tear+1","Reboot"],"picked":"Conserve Battery","floor":21},{"not_picked":["Beam Cell","Fusion"],"picked":"Reinforced Body+1","floor":21},{"not_picked":["Doom and Gloom","White Noise+1","Fusion"],"picked":"SKIP","floor":24},{"not_picked":["Redo","Turbo"],"picked":"Capacitor+1","floor":25},{"not_picked":["Cold Snap","Beam Cell","Recycle"],"picked":"SKIP","floor":28},{"not_picked":["Steam Power","Capacitor"],"picked":"Coolheaded","floor":30},{"not_picked":["Ball Lightning","Turbo"],"picked":"Undo","floor":31},{"not_picked":["Compile Driver","Reinforced Body"],"picked":"Skim","floor":35},{"not_picked":["Go for the Eyes","Streamline"],"picked":"Static Discharge+1","floor":37},{"not_picked":["Doom and Gloom","Lockon+1"],"picked":"Turbo+1","floor":38},{"not_picked":["Steam","Streamline","Conserve Battery"],"picked":"SKIP","floor":39},{"not_picked":["Chill+1","Compile Driver+1"],"picked":"Redo","floor":40},{"not_picked":["Steam+1","Stack","Cold Snap"],"picked":"SKIP","floor":44},{"not_picked":["Recycle","Sweeping Beam+1"],"picked":"Barrage+1","floor":46},{"not_picked":["Cold Snap","Barrage"],"picked":"Multi-Cast","floor":48}],"player_experience":30984,"relics_obtained":[{"floor":6,"key":"Oddly Smooth Stone"},{"floor":9,"key":"Letter Opener"},{"floor":11,"key":"Kunai"},{"floor":24,"key":"Bottled Tornado"},{"floor":26,"key":"Meat on the Bone"},{"floor":30,"key":"Vajra"},{"floor":38,"key":"CaptainsWheel"},{"floor":40,"key":"Omamori"},{"floor":43,"key":"MealTicket"}],"event_choices":[{"damage_healed":0,"gold_gain":75,"player_choice":"Gather Gold","damage_taken":11,"max_hp_gain":0,"max_hp_loss":0,"event_name":"World of Goop","floor":4,"gold_loss":0},{"damage_healed":26,"gold_gain":0,"player_choice":"Banana","damage_taken":0,"max_hp_gain":0,"max_hp_loss":0,"event_name":"Big Fish","floor":13,"gold_loss":0},{"damage_healed":0,"gold_gain":75,"player_choice":"Touch","damage_taken":8,"max_hp_gain":0,"max_hp_loss":0,"event_name":"FaceTrader","floor":14,"gold_loss":0},{"damage_healed":0,"gold_gain":0,"player_choice":"Fight","damage_taken":0,"max_hp_gain":0,"max_hp_loss":0,"event_name":"MindBloom","floor":38,"gold_loss":0},{"cards_removed":["Static Discharge"],"damage_healed":0,"gold_gain":0,"player_choice":"Removed Power","damage_taken":0,"max_hp_gain":0,"max_hp_loss":0,"event_name":"Falling","floor":42,"gold_loss":0}],"is_beta":false,"boss_relics":[{"not_picked":["Sozu","Nuclear Battery"],"picked":"SlaversCollar"},{"not_picked":["Tiny House","Coffee Dripper"],"picked":"Cursed Key"}],"items_purged_floors":[5,22,47],"is_endless":false,"potions_floor_spawned":[2,6,12,16,19,30,31,35,40,48],"ascension_level":0}}