{"host":"gc0hqzwg2gd3zszy","time":1611931800,"event":{"mods":["BaseMod","DeckTracker","Minty Spire (QoL Compilation)","Relic Stats","SuperFastMode"],"gold_per_floor":[114,129,146,146,71,71,83,108,108,108,127,180,2,27,27,100,100,116,63,63,73,88,88,99,109,132,332,332,350,58,58,58,58,58],"floor_reached":33,"language":"KOR","playtime":1267,"items_purged":["Defend_P","Strike_P","Strike_P"],"score":564,"play_id":"b1370914-17af-4b66-add7-677beb90b809","local_time":"20210129235000","is_ascension_mode":true,"campfire_choices":[{"data":"Eruption","floor":6.0,"key":"SMITH"},{"floor":10.0,"key":"REST"},{"data":"SandsOfTime","floor":15.0,"key":"SMITH"},{"data":"EmptyFist","floor":23.0,"key":"SMITH"},{"floor":28.0,"key":"REST"},{"floor":32.0,"key":"REST"}],"circlet_count":0,"master_deck":["AscendersBane","Strike_P","Defend_P","Defend_P","Eruption+1","Vigilance+1","EmptyFist+1","FearNoEvil","Evaluate+1","SandsOfTime+1","DeusExMachina","Halt","SashWhip","Decay"],"relics":["PureWater","Yang","Sundial","War Paint","Mercury Hourglass","VioletLotus","Blood Vial"],"acts_visited":["Exordium","TheCity"],"potions_floor_usage":[],"damage_taken":[{"damage":0.0,"enemies":"Cultist","floor":1.0,"turns":3.0},{"damage":0.0,"enemies":"2 Louse","floor":2.0,"turns":3.0},{"damage":7.0,"enemies":"Jaw Worm","floor":3.0,"turns":3.0},{"damage":7.0,"enemies":"Lots of Slimes","floor":7.0,"turns":3.0},{"damage":36.0,"enemies":"Gremlin Nob","floor":8.0,"turns":4.0},{"damage":0.0,"enemies":"Red Slaver","floor":11.0,"turns":2.0},{"damage":0.0,"enemies":"Lagavulin","floor":14.0,"turns":4.0},{"damage":20.0,"enemies":"The Guardian","floor":16.0,"turns":10.0},{"damage":4.0,"enemies":"Shell Parasite","floor":18.0,"turns":3.0},{"damage":0.0,"enemies":"Chosen","floor":21.0,"turns":3.0},{"damage":3.0,"enemies":"3 Cultists","floor":22.0,"turns":5.0},{"damage":23.0,"enemies":"Cultist and Chosen","floor":24.0,"turns":5.0},{"damage":23.0,"enemies":"Centurion and Healer","floor":25.0,"turns":5.0},{"damage":13.0,"enemies":"Shelled Parasite and Fungi","floor":29.0,"turns":4.0},{"damage":53,"enemies":"Champ","floor":33,"turns":9}],"seed_played":"-8884832561189835797","potions_obtained":[{"floor":7.0,"key":"FairyPotion"},{"floor":8.0,"key":"Dexterity Potion"},{"floor":11.0,"key":"FearPotion"},{"floor":14.0,"key":"Ancient Potion"},{"floor":16.0,"key":"PowerPotion"},{"floor":29.0,"key":"Fire Potion"}],"is_trial":false,"path_per_floor":["M","M","M","?","$","R","M","E","T","R","M","T","$","E","R","B",null,"M","$","?","M","M","R","M","M","T","?","R","M","$","?","R","B"],"character_chosen":"WATCHER","items_purchased":["SandsOfTime","Halt","Blood Vial"],"campfire_rested":3,"item_purchase_floors":[13,19,30],"current_hp_per_floor":[61,61,54,54,54,54,47,11,11,31,31,31,31,31,31,11,54,50,50,50,50,47,47,24,1,1,1,21,8,8,8,28,0,0],"gold":58,"neow_bonus":"REMOVE_CARD","is_daily":false,"chose_seed":false,"campfire_upgraded":3,"win_rate":0.0,"timestamp":1611931800,"path_taken":["M","M","?","?","?","R","?","E","T","R","M","?","$","E","R","BOSS","M","$","?","?","M","R","M","M","T","?","R","?","$","?","R","BOSS"],"items_purchased_type":["Card","Card","Relic"],"build_version":"2020-12-22","purchased_purges":3,"victory":false,"max_hp_per_floor":[68,68,68,68,68,68,68,68,68,68,68,68,68,68,68,68,68,68,68,68,68,68,68,68,68,68,68,68,68,68,68,68,68,68],"relic_stats":{"Blood Vial":2,"counters":[15,65],"Sundial":[12],"Yang":[107],"VioletLotus":[12],"War Paint":["Vigilance","Evaluate"],"obtain_stats":[{"Blood Vial":30,"Sundial":9,"Yang":8,"VioletLotus":17,"PureWater":0,"War Paint":12,"Mercury Hourglass":14},{"Blood Vial":14,"Sundial":5,"Yang":5,"VioletLotus":8,"PureWater":0,"War Paint":6,"Mercury Hourglass":7},{"Blood Vial":56,"Sundial":16,"Yang":16,"VioletLotus":32,"PureWater":0,"War Paint":18,"Mercury Hourglass":22}],"Mercury Hourglass":[132]},"card_choices":[{"not_picked":["SashWhip","BowlingBash"],"picked":"EmptyFist","floor":1.0},{"not_picked":["Evaluate","Swivel"],"picked":"FearNoEvil","floor":2.0},{"not_picked":["Devotion","BowlingBash","SashWhip"],"picked":"SKIP","floor":3.0},{"not_picked":["SashWhip","Meditate","ClearTheMind"],"picked":"SKIP","floor":7.0},{"not_picked":["Prostrate","Perseverance"],"picked":"Evaluate","floor":8.0},{"not_picked":["Study","InnerPeace","FollowUp"],"picked":"SKIP","floor":11.0},{"not_picked":["EmptyFist","Devotion","EmptyBody"],"picked":"SKIP","floor":14.0},{"not_picked":["Alpha","Devotion"],"picked":"DeusExMachina","floor":16.0},{"not_picked":["DeceiveReality","EmptyFist","PathToVictory"],"picked":"SKIP","floor":18.0},{"not_picked":["Vengeance","CarveReality","Protect"],"picked":"SKIP","floor":21.0},{"not_picked":["Prostrate","ClearTheMind","PathToVictory"],"picked":"SKIP","floor":22.0},{"not_picked":["Nirvana","BowlingBash","Protect"],"picked":"SKIP","floor":24.0},{"not_picked":["SashWhip","CutThroughFate","BowlingBash"],"picked":"SKIP","floor":25.0},{"not_picked":["SashWhip","ThirdEye","WreathOfFlame"],"picked":"SKIP","floor":29.0}],"player_experience":1372523,"relics_obtained":[{"floor":8.0,"key":"Yang"},{"floor":9.0,"key":"Sundial"},{"floor":12.0,"key":"War Paint"},{"floor":14.0,"key":"Mercury Hourglass"}],"event_choices":[{"damage_healed":0.0,"max_hp_gain":0.0,"max_hp_loss":0.0,"gold_gain":0.0,"event_name":"Liars Game","player_choice":"Ignored","floor":4.0,"gold_loss":0.0,"damage_taken":0.0},{"damage_healed":0.0,"max_hp_gain":0.0,"max_hp_loss":0.0,"gold_gain":0.0,"cards_transformed":["Defend_P"],"event_name":"Transmorgrifier","player_choice":"Transformed","floor":20.0,"gold_loss":0.0,"damage_taken":0.0,"cards_obtained":["SashWhip"]},{"damage_healed":0.0,"max_hp_gain":0.0,"max_hp_loss":0.0,"gold_gain":200.0,"event_name":"Wheel of Change","player_choice":"Gold","floor":27.0,"gold_loss":0.0,"damage_taken":0.0},{"damage_healed":0.0,"max_hp_gain":0.0,"max_hp_loss":0.0,"gold_gain":0.0,"event_name":"Forgotten Altar","player_choice":"Smashed Altar","floor":31.0,"gold_loss":0.0,"damage_taken":0.0,"cards_obtained":["Decay"]}],"is_beta":false,"boss_relics":[{"not_picked":["Fusion Hammer","Tiny House"],"picked":"VioletLotus"}],"items_purged_floors":[5,13,30],"is_endless":false,"potions_floor_spawned":[7,8,11,14,16,29],"killed_by":"Champ","ascension_level":20}}