{"host":"6yti76gw1x84gcsv","time":1611946580,"event":{"mods":["100% Spire Juice","2.2 Compatiblity","AchievementEnabler","Act Like it!","Aspiration","BaseMod","Beaked The Cultist","Better Altar","Better Sensory Stone","Better Silent Start","Better-Laid Plans","BetterRewards","Block Reminder","CapriCore","Colored Map","Colored Powertips","Conspire","Curses Come First","Displayed Cursed Tome","Downfall","Faster Ascension Climbing","Fox Events","Friendly Minions","GifTheSpireLib","Good Game Mod","Googly Eyes","GungeonMod","Hermit","HololiveMod","Hubris","Jess\u0027s Bottle","Lobotomy","Marked Mod","Minty Spire (QoL Compilation)","MostiFishMod","Pale of the Ancients","Permanent Neow","Potionbrewer","Prisma Mod","Reimu??????","Relic Filter Mod","Relic Stats","Reliquary","Replay The Spire","Shade Mod","Shop Mod","Smile Girya","Spire Arcade","StS++","StSLib","Synergy Search","The Construct","The Hierophant","The Immortal","The Jungle","The Mystic","The Runesmith","The Senshi","Uncapped","WarShipGirlsR/????R mod","Wide Potions"],"gold_per_floor":[115,126,24,24,39,39,72,84,84,102,102,112,112,151,247,349,349,362,362,362,461,124,193,235,285,285,285,305,324,358,392,423,423,435,447,447],"floor_reached":35,"language":"ENG","playtime":2604,"items_purged":[],"score":426,"play_id":"e1066cfa-24bc-46b5-b14e-d8708971543d","local_time":"20210129135620","is_ascension_mode":false,"campfire_choices":[{"data":"mysticmod:Natural20","floor":6.0,"key":"SMITH"},{"floor":13.0,"key":"RECALL"},{"data":"MostiFishMod:HellRitual","floor":27,"key":"SMITH"},{"floor":33,"key":"REST"}],"circlet_count":0,"master_deck":["mysticmod:Defend_Mystic","mysticmod:Defend_Mystic","mysticmod:Defend_Mystic","mysticmod:Defend_Mystic","mysticmod:ArcaneDodge","mysticmod:ShockingGrasp","mysticmod:Grease+1","mysticmod:LightningBolt","MostiFishMod:HellRitual+1","mysticmod:ArcaneAccuracy","mysticmod:CorrosiveTouch","mysticmod:MirrorEntity+1","mysticmod:Natural20+1","mysticmod:SummonFamiliar","mysticmod:Sideswipe","mysticmod:Flurry","Injury","mysticmod:Disengage+1","mysticmod:Shield+1","mysticmod:Spellstrike","mysticmod:ComponentsPouch","Bite","Bite","Bite","Bite","Bite","mysticmod:SummonFamiliar+1","Midas Touch+1","mysticmod:Alacrity+1","mysticmod:Alacrity+1","mysticmod:DiviningBlow","mysticmod:TomeOfSpells+1","mysticmod:KeenEdge+1","mysticmod:Fireball+1","mysticmod:Daze+1","mysticmod:FiveFootStep+1"],"relics":["mysticmod:SpellBook","DaveBox","REME:ComplimentaryCards","aspiration:HatOfInfinitePower","MerchantsRug","StSpp:JackpotMachine","CombinedTypeHook","SynthV:TestCard","conspire:TopHat","DemoMod:OrangeGuonStone","Toxic Egg 2","Painkiller Herb","hubris:Icosahedron","Membership Card","Replay:Bandana","DemoMod:ClearGuonStone","SentryEyes"],"acts_visited":["Exordium","TheCity","DemoMod:Maze"],"potions_floor_usage":[35,35],"damage_taken":[{"damage":3.0,"enemies":"Jaw Worm","floor":1.0,"turns":4.0},{"damage":2.0,"enemies":"2 Louse","floor":2.0,"turns":2.0},{"damage":2.0,"enemies":"Small Slimes","floor":5.0,"turns":3.0},{"damage":21.0,"enemies":"Replay:BlueRogue","floor":7.0,"turns":7.0},{"damage":5.0,"enemies":"Exordium Wildlife","floor":8.0,"turns":3.0},{"damage":0.0,"enemies":"Looter","floor":10.0,"turns":3.0},{"damage":0.0,"enemies":"3 Louse","floor":12.0,"turns":2.0},{"damage":0.0,"enemies":"Slime Boss","floor":16.0,"turns":6.0},{"damage":0.0,"enemies":"Chosen","floor":18.0,"turns":3.0},{"damage":0.0,"enemies":"Book of Stabbing","floor":23.0,"turns":2.0},{"damage":0.0,"enemies":"3 Byrds","floor":24.0,"turns":3.0},{"damage":24.0,"enemies":"Slavers","floor":25.0,"turns":3.0},{"damage":0,"enemies":"DemoMod:4_Bullet_Kins","floor":28,"turns":2},{"damage":10,"enemies":"DemoMod:Veteran_shot_gun_kin_and_bullet_kin","floor":29,"turns":2},{"damage":6,"enemies":"DemoMod:Red_and_blue_shotgun_kin_with_gunsinger","floor":30,"turns":2},{"damage":16,"enemies":"DemoMod:Veteran_shot_gun_kin_and_blue_shotgun_kin_with_gunsinger","floor":31,"turns":2},{"damage":10,"enemies":"DemoMod:Veteran_shot_gun_kin_and_red_shotgun_kin_with_gunsinger","floor":32,"turns":2},{"damage":40,"enemies":"DemoMod:ResourcefulRat","floor":35,"turns":5}],"seed_played":"-8942905999479682455","potions_obtained":[{"floor":5.0,"key":"Strength Potion"},{"floor":10.0,"key":"potionbrewer:HastePotion"},{"floor":16.0,"key":"potionbrewer:CleansingPotion"},{"floor":24.0,"key":"PowerPotion"},{"floor":30,"key":"AttackPotion"}],"is_trial":false,"path_per_floor":["M","M","$","?","M","R","E","M","T","M","?","M","R","$","R_BF","B",null,"?","?","?","?","T","E","?","E","T","T","?","?","?","?","?","T","B","B"],"character_chosen":"MYSTIC_CLASS","items_purchased":["aspiration:HatOfInfinitePower","DemoMod:GnawedKey","MerchantsRug","mysticmod:Grease+1","StSpp:JackpotMachine","mysticmod:LightningBolt","mysticmod:MirrorEntity+1","mysticmod:Shield+1","Membership Card","mysticmod:SummonFamiliar+1","Midas Touch+1","Replay:Bandana"],"campfire_rested":1,"item_purchase_floors":[0,0,0,0,0,0,3,14,22,22,22,22],"current_hp_per_floor":[74,72,72,69,67,67,46,41,41,41,41,41,41,41,41,41,77,77,77,53,53,53,53,53,33,53,53,53,43,37,25,15,30,33,0,0],"gold":447,"neow_bonus":"","is_daily":false,"chose_seed":false,"campfire_upgraded":2,"win_rate":0.0,"timestamp":1611946580,"path_taken":["M","M","$","?","M","R","E","M","T","M","?","M","R","?","R_BF","BOSS","?","?","?","?","T","E","?","E","T","T","?","?","?","?","?","T","BOSS","BOSS"],"items_purchased_type":["Relic","Relic","Relic","Card","Relic","Card","Card","Card","Relic","Card","Card","Relic"],"build_version":"2020-12-22","purchased_purges":0,"victory":false,"max_hp_per_floor":[77,77,77,77,77,77,77,77,77,77,77,77,77,77,77,77,77,77,77,53,53,53,53,53,53,53,53,53,53,53,53,53,53,53,53,53],"relic_stats":{"counters":[24,70],"obtain_stats":[{"DSteel32":0,"MerchantsRug":0,"CombinedTypeHook":1,"Replay:Accelerometer":7,"DaveBox":0,"StSpp:JackpotMachine":0,"DemoMod:OrangeGuonStone":9,"mysticmod:SpellBook":5,"Painkiller Herb":17,"DemoMod:GlassGuonStoneRelic":2,"conspire:TopHat":4,"Peace Pipe":6,"REME:ComplimentaryCards":0,"Replay:Bandana":22,"SynthV:TestCard":1,"hubris:Icosahedron":19,"SentryEyes":25,"hubris:CuriousFeather":7,"DemoMod:GnawedKey":0,"Membership Card":22,"Toxic Egg 2":11,"DemoMod:ClearGuonStone":23,"aspiration:HatOfInfinitePower":0,"hexamod:SpiritBrand":0},{"DSteel32":0,"MerchantsRug":5,"CombinedTypeHook":6,"Replay:Accelerometer":9,"DaveBox":0,"StSpp:JackpotMachine":5,"DemoMod:OrangeGuonStone":10,"mysticmod:SpellBook":8,"Painkiller Herb":13,"DemoMod:GlassGuonStoneRelic":7,"conspire:TopHat":7,"Peace Pipe":4,"REME:ComplimentaryCards":0,"Replay:Bandana":14,"SynthV:TestCard":6,"hubris:Icosahedron":14,"SentryEyes":17,"hubris:CuriousFeather":4,"DemoMod:GnawedKey":5,"Membership Card":14,"Toxic Egg 2":11,"DemoMod:ClearGuonStone":15,"aspiration:HatOfInfinitePower":5,"hexamod:SpiritBrand":0},{"DSteel32":0,"MerchantsRug":16,"CombinedTypeHook":17,"Replay:Accelerometer":31,"DaveBox":0,"StSpp:JackpotMachine":16,"DemoMod:OrangeGuonStone":34,"mysticmod:SpellBook":23,"Painkiller Herb":45,"DemoMod:GlassGuonStoneRelic":21,"conspire:TopHat":21,"Peace Pipe":14,"REME:ComplimentaryCards":0,"Replay:Bandana":47,"SynthV:TestCard":20,"hubris:Icosahedron":47,"SentryEyes":54,"hubris:CuriousFeather":14,"DemoMod:GnawedKey":16,"Membership Card":47,"Toxic Egg 2":37,"DemoMod:ClearGuonStone":49,"aspiration:HatOfInfinitePower":16,"hexamod:SpiritBrand":0}]},"card_choices":[{"not_picked":["mysticmod:BulkUp","mysticmod:SuddenClarity"],"picked":"mysticmod:ArcaneAccuracy","floor":1.0},{"not_picked":["mysticmod:PowerAttack","mysticmod:VorpalThrust","mysticmod:BladedDash","mysticmod:ArcaneAccuracy"],"picked":"mysticmod:CorrosiveTouch","floor":2.0},{"not_picked":["mysticmod:Riposte","mysticmod:Disengage","mysticmod:EbbAndFlow","mysticmod:StyleChange"],"picked":"mysticmod:Natural20","floor":5.0},{"not_picked":["mysticmod:Snowball","mysticmod:Sideswipe","mysticmod:MagicWeapon","mysticmod:KnowledgePool"],"picked":"mysticmod:SummonFamiliar","floor":7.0},{"not_picked":["mysticmod:BulkUp","mysticmod:PureInstinct","mysticmod:TomeOfSpells","mysticmod:ArcaneAccuracy"],"picked":"mysticmod:Sideswipe","floor":8.0},{"not_picked":["mysticmod:BulkUp","mysticmod:LightningBolt","mysticmod:Disengage","mysticmod:SuddenClarity"],"picked":"mysticmod:Flurry","floor":10.0},{"not_picked":["mysticmod:HeavyStrike","mysticmod:Flurry","mysticmod:FloatingDisk+1","mysticmod:ComboCaster"],"picked":"mysticmod:Disengage+1","floor":12.0},{"not_picked":["mysticmod:Haste+1","mysticmod:MysticalShield","mysticmod:SpontaneousCaster","mysticmod:GeminiForm"],"picked":"mysticmod:Spellstrike","floor":16.0},{"not_picked":["mysticmod:SummonFamiliar+1","mysticmod:PowerSlash","mysticmod:HeavyStrike","mysticmod:PureInstinct+1"],"picked":"mysticmod:ComponentsPouch","floor":18.0},{"not_picked":["mysticmod:CureLightWounds+1","mysticmod:Disengage+1","mysticmod:PowerAttack+1","mysticmod:CorrosiveTouch"],"picked":"mysticmod:Alacrity+1","floor":23.0},{"not_picked":["mysticmod:Disengage+1","mysticmod:Lunge+1","mysticmod:PureInstinct+1","mysticmod:Shield+1"],"picked":"mysticmod:Alacrity+1","floor":24.0},{"not_picked":["mysticmod:Probe","mysticmod:Momentum","mysticmod:Riposte","mysticmod:Alacrity+1"],"picked":"mysticmod:DiviningBlow","floor":25.0},{"not_picked":["mysticmod:Flurry+1","mysticmod:RapidCaster+1","mysticmod:Alacrity+1","mysticmod:LightningBolt"],"picked":"mysticmod:TomeOfSpells+1","floor":28},{"not_picked":["mysticmod:Riposte","mysticmod:DiviningBlow+1","mysticmod:SuddenClarity+1","mysticmod:Snowball"],"picked":"mysticmod:KeenEdge+1","floor":29},{"not_picked":["mysticmod:BulkUp+1","mysticmod:Stoneskin+1","mysticmod:LightningBolt","mysticmod:Disengage+1"],"picked":"mysticmod:Fireball+1","floor":30},{"not_picked":["mysticmod:PureInstinct+1","mysticmod:SummonFamiliar+1","mysticmod:Shield+1","mysticmod:Riposte"],"picked":"mysticmod:Daze+1","floor":31},{"not_picked":["mysticmod:EbbAndFlow+1","mysticmod:Alacrity+1","mysticmod:SpellCombat+1","mysticmod:Riposte+1"],"picked":"mysticmod:FiveFootStep+1","floor":32}],"player_experience":166930,"relics_obtained":[{"floor":1.0,"key":"SynthV:TestCard"},{"floor":7.0,"key":"Replay:Accelerometer"},{"floor":9.0,"key":"DemoMod:OrangeGuonStone"},{"floor":23.0,"key":"DemoMod:ClearGuonStone"},{"floor":25.0,"key":"SentryEyes"}],"event_choices":[{"damage_healed":0.0,"max_hp_gain":0.0,"max_hp_loss":0.0,"gold_gain":0.0,"event_name":"Scrap Ooze","player_choice":"Success","floor":4.0,"gold_loss":0.0,"damage_taken":3.0,"relics_obtained":["conspire:TopHat"]},{"damage_healed":0.0,"max_hp_gain":0.0,"max_hp_loss":24.0,"gold_gain":0.0,"event_name":"Vampires","player_choice":"Became a vampire","floor":20.0,"gold_loss":0.0,"damage_taken":0.0,"cards_obtained":["Bite","Bite","Bite","Bite","Bite"]},{"damage_healed":0.0,"max_hp_gain":0.0,"max_hp_loss":0.0,"gold_gain":99.0,"event_name":"Nest","player_choice":"Stole From Cult","floor":21.0,"gold_loss":0.0,"damage_taken":0.0}],"is_beta":false,"boss_relics":[{"not_picked":["RedLine:ReiMu","beaked:SacredDeck"],"picked":"Painkiller Herb"}],"items_purged_floors":[],"is_endless":false,"potions_floor_spawned":[5,10,16,24,30],"killed_by":"DemoMod:ResourcefulRat","ascension_level":0}}