{"host":"iph0xvuia0glosgr","time":1611951066,"event":{"mods":["AchievementEnabler","BaseMod","Minty Spire (QoL Compilation)"],"gold_per_floor":[109,109,284,359,79,79,96,116,139,139,139,139,163,181,181,310,310,333,243,18,31,50,50,50],"floor_reached":23,"language":"ENG","playtime":1227,"items_purged":[],"score":181,"play_id":"1cb4fbfb-abb6-440c-8d8d-b6ad8f695f86","local_time":"20210129201106","is_ascension_mode":false,"campfire_choices":[{"floor":6,"key":"REST"},{"floor":10,"key":"RECALL"},{"data":"Infinite Blades","floor":15,"key":"SMITH"}],"circlet_count":0,"master_deck":["Strike_G","Strike_G","Strike_G","Strike_G","Defend_G","Defend_G","Defend_G","Defend_G","Survivor","Neutralize","Backflip","Accuracy","Quick Slash","Quick Slash","Blade Dance","Injury","Infinite Blades+1","Accuracy","Envenom+1","Concentrate+1","Finisher+1","Outmaneuver+1","Dash","Accuracy","Flying Knee","Caltrops"],"relics":["Ring of the Snake","Ancient Tea Set","Dream Catcher","Eternal Feather","Golden Idol","Astrolabe","Vajra"],"acts_visited":["Exordium","TheCity"],"potions_floor_usage":[18,21,22],"damage_taken":[{"damage":0,"enemies":"Cultist","floor":1,"turns":4},{"damage":0,"enemies":"Small Slimes","floor":7,"turns":3},{"damage":1,"enemies":"Jaw Worm","floor":8,"turns":4},{"damage":0,"enemies":"2 Fungi Beasts","floor":13,"turns":2},{"damage":0,"enemies":"Looter","floor":14,"turns":3},{"damage":41,"enemies":"Hexaghost","floor":16,"turns":11},{"damage":2,"enemies":"Spheric Guardian","floor":18,"turns":3},{"damage":19,"enemies":"Chosen","floor":21,"turns":5},{"damage":38,"enemies":"Centurion and Healer","floor":22,"turns":6},{"damage":14,"enemies":"Shelled Parasite and Fungi","floor":23,"turns":2}],"seed_played":"-2267229692668188808","potions_obtained":[{"floor":7,"key":"Energy Potion"},{"floor":14,"key":"DuplicationPotion"},{"floor":18,"key":"Fire Potion"}],"is_trial":false,"path_per_floor":["M","$","?","?","$","R","M","M","T","R","T","?","M","M","R","B",null,"M","?","$","M","M","M"],"character_chosen":"THE_SILENT","items_purchased":["Dream Catcher","Accuracy","Quick Slash","Vajra","Accuracy"],"campfire_rested":1,"item_purchase_floors":[5,5,5,20,20],"current_hp_per_floor":[70,70,70,59,59,70,70,69,69,69,69,69,69,69,70,29,70,68,68,68,49,11,0,0],"gold":50,"neow_bonus":"RANDOM_COMMON_RELIC","is_daily":false,"chose_seed":false,"campfire_upgraded":1,"win_rate":0.0,"timestamp":1611951066,"path_taken":["M","$","?","?","$","R","M","M","T","R","?","?","M","M","R","BOSS","M","?","$","M","M","M"],"items_purchased_type":["Relic","Card","Card","Relic","Card"],"build_version":"2020-12-22","purchased_purges":0,"victory":false,"max_hp_per_floor":[70,70,70,70,70,70,70,70,70,70,70,70,70,70,70,70,70,70,70,70,70,70,70,70],"card_choices":[{"not_picked":["Concentrate","Bane"],"picked":"Backflip","floor":1},{"not_picked":["Eviscerate","Acrobatics"],"picked":"Quick Slash","floor":6},{"not_picked":["Dodge and Roll","Flechettes"],"picked":"Quick Slash","floor":7},{"not_picked":["Quick Slash","Slice"],"picked":"Blade Dance","floor":8},{"not_picked":["Bouncing Flask","Sucker Punch"],"picked":"Infinite Blades","floor":13},{"not_picked":["Underhanded Strike","Finisher"],"picked":"Accuracy","floor":14},{"not_picked":["Bullet Time","Night Terror"],"picked":"Envenom","floor":16},{"not_picked":["Acrobatics+1","Dagger Spray"],"picked":"Dash","floor":18},{"not_picked":["Catalyst+1","Backflip"],"picked":"Flying Knee","floor":21},{"not_picked":["Footwork","All Out Attack"],"picked":"Caltrops","floor":22}],"player_experience":304349,"relics_obtained":[{"floor":11,"key":"Eternal Feather"}],"event_choices":[{"damage_healed":0,"gold_gain":175,"player_choice":"AGREE","damage_taken":0,"max_hp_gain":0,"max_hp_loss":0,"event_name":"Liars Game","floor":3,"gold_loss":0,"cards_obtained":["Doubt"]},{"damage_healed":0,"gold_gain":75,"player_choice":"Gather Gold","damage_taken":11,"max_hp_gain":0,"max_hp_loss":0,"event_name":"World of Goop","floor":4,"gold_loss":0},{"damage_healed":0,"gold_gain":0,"player_choice":"Take Wound","damage_taken":0,"relics_obtained":["Golden Idol"],"max_hp_gain":0,"max_hp_loss":0,"event_name":"Golden Idol","floor":12,"gold_loss":0,"cards_obtained":["Injury"]},{"cards_removed":["Doubt"],"damage_healed":0,"gold_gain":0,"player_choice":"Upgrade and Remove","damage_taken":0,"max_hp_gain":0,"max_hp_loss":0,"event_name":"Designer","floor":19,"gold_loss":90,"cards_upgraded":["Envenom"]}],"is_beta":false,"boss_relics":[{"not_picked":["Runic Dome","HoveringKite"],"picked":"Astrolabe"}],"items_purged_floors":[],"is_endless":false,"potions_floor_spawned":[7,14,18],"killed_by":"Shelled Parasite and Fungi","ascension_level":0}}