{"host":"Mute","time":1611880510,"event":{"mods":["BaseMod","Colored Map","Downfall","Minty Spire (QoL Compilation)","StSLib"],"gold_per_floor":[99,112,129,149,163,194,194,209,226,253,14,26,26,26,46,142,142,142,161,171,190,190,290,290,290,309,326,336,371,171,187,200,301,351,351,361,380,431,98,98,176,190,206,223,63,80,80,5,20,20],"floor_reached":51,"language":"ENG","playtime":4249,"items_purged":["hexamod:Strike","hexamod:Defend"],"score":816,"play_id":"b8c2ad76-78bb-41f8-9730-c6de4fd7241c","local_time":"20210128193510","is_ascension_mode":false,"campfire_choices":[{"data":"hexamod:Toasty","floor":1,"key":"SMITH"},{"data":"hexamod:RainOfEmbers","floor":13,"key":"SMITH"},{"data":"hexamod:FastForward","floor":18,"key":"SMITH"},{"data":"hexamod:SoulSteal","floor":30,"key":"SMITH"},{"data":"hexamod:SearingWound","floor":35,"key":"SMITH"},{"floor":47,"key":"RECALL"}],"circlet_count":0,"master_deck":["hexamod:Strike","hexamod:Strike","hexamod:Strike","hexamod:Defend+1","hexamod:Defend","hexamod:Defend","hexamod:Sear","hexamod:Float","hexamod:Toasty+1","hexamod:FastForward+1","hexamod:SpectersWail","hexamod:FlamesFromBeyond","hexamod:HauntingEcho","hexamod:HeatMetal","hexamod:Firestarter","hexamod:HeatMetal","hexamod:RainOfEmbers+1","hexamod:FlamesFromBeyond","hexamod:Hexaguard","hexamod:SoulSteal+1","hexamod:HeatShield+1","hexamod:GhostShield","Pain","hexamod:Hexaguard","hexamod:GhostShield+1","hexamod:TurnItUp","hexamod:RainOfEmbers","hexamod:SearingWound+1","hexamod:ThermalTransfer+1","hexamod:ChargedBarrage+1"],"relics":["hexamod:SpiritBrand","Happy Flower","Pear","hexamod:SoulConsumer","Chemical X","Velvet Choker","StrikeDummy","Torii","Question Card","WarpedTongs","Boot","downfall:HeartBlessingGreen","downfall:HeartBlessingBlue","Tiny House","Gambling Chip","Bottled Lightning","Lee\u0027s Waffle","TungstenRod"],"acts_visited":["Exordium","TheCity","TheBeyond"],"potions_floor_usage":[12,16,20,42],"damage_taken":[{"damage":0,"enemies":"Cultist","floor":2,"turns":3},{"damage":0,"enemies":"2 Louse","floor":3,"turns":3},{"damage":8,"enemies":"Jaw Worm","floor":4,"turns":3},{"damage":3,"enemies":"Lots of Slimes","floor":5,"turns":3},{"damage":17,"enemies":"Lagavulin","floor":6,"turns":4},{"damage":7,"enemies":"Large Slime","floor":8,"turns":5},{"damage":0,"enemies":"2 Fungi Beasts","floor":9,"turns":2},{"damage":20,"enemies":"3 Sentries","floor":10,"turns":7},{"damage":0,"enemies":"downfall:FleeingMerchant","floor":11,"turns":4},{"damage":0,"enemies":"Exordium Wildlife","floor":12,"turns":3},{"damage":4,"enemies":"Blue Slaver","floor":15,"turns":3},{"damage":24,"enemies":"DF_ARCHETYPE_STREAMLINE","floor":16,"turns":6},{"damage":2,"enemies":"Spheric Guardian","floor":19,"turns":3},{"damage":0,"enemies":"Snake Plant","floor":20,"turns":3},{"damage":6,"enemies":"Snecko","floor":21,"turns":3},{"damage":0,"enemies":"SI_SHIV_ARCHETYPE","floor":23,"turns":6},{"damage":4,"enemies":"Centurion and Healer","floor":26,"turns":3},{"damage":3,"enemies":"3 Cultists","floor":27,"turns":3},{"damage":11,"enemies":"Sentry and Sphere","floor":28,"turns":5},{"damage":2,"enemies":"Book of Stabbing","floor":29,"turns":3},{"damage":2,"enemies":"Snecko","floor":31,"turns":3},{"damage":1,"enemies":"Centurion and Healer","floor":32,"turns":4},{"damage":12,"enemies":"IC_MUSHROOM_ARCHETYPE","floor":33,"turns":5},{"damage":4,"enemies":"3 Darklings","floor":36,"turns":5},{"damage":14,"enemies":"Orb Walker","floor":37,"turns":3},{"damage":28,"enemies":"2 Orb Walkers","floor":38,"turns":3},{"damage":21,"enemies":"3 Darklings","floor":42,"turns":3},{"damage":17,"enemies":"Jaw Worm Horde","floor":43,"turns":3},{"damage":26,"enemies":"4 Shapes","floor":44,"turns":3},{"damage":5,"enemies":"downfall:FleeingMerchant","floor":45,"turns":4},{"damage":42,"enemies":"Sphere and 2 Shapes","floor":46,"turns":3},{"damage":0,"enemies":"downfall:FleeingMerchant","floor":48,"turns":1},{"damage":12,"enemies":"Writhing Mass","floor":49,"turns":3},{"damage":80,"enemies":"SI_POISON_ARCHETYPE","floor":50,"turns":8}],"seed_played":"232194790977065811","potions_obtained":[{"floor":5,"key":"BlessingOfTheForge"},{"floor":8,"key":"FairyPotion"},{"floor":10,"key":"EntropicBrew"},{"floor":12,"key":"Weak Potion"},{"floor":14,"key":"FairyPotion"},{"floor":14,"key":"Block Potion"},{"floor":16,"key":"FairyPotion"},{"floor":19,"key":"Guardian:BlockOnCardUsePotion"},{"floor":27,"key":"bronze:BurnAndBuffPotion"},{"floor":42,"key":"Fruit Juice"},{"floor":43,"key":"SteroidPotion"},{"floor":46,"key":"FairyPotion"}],"is_trial":false,"path_per_floor":["R","M","M","M","M","E","T","M","M","E","$","M","R","?","M","B",null,"R","M","M","M","T","?","T","?","M","M","M","E","R","M","M","B",null,"R","M","M","?","?","?","T","M","M","M","$","M","R","?","M","B",null],"character_chosen":"THE_SPIRIT","items_purchased":["Chemical X","Lee\u0027s Waffle","TungstenRod"],"campfire_rested":0,"item_purchase_floors":[11,45,48],"current_hp_per_floor":[49,49,49,41,38,21,31,24,24,4,8,12,12,12,12,17,80,80,80,80,78,78,80,80,80,80,80,73,75,85,87,90,82,95,95,95,85,61,107,107,107,95,82,60,119,81,81,81,73,37],"gold":20,"neow_bonus":"THREE_RARE_CARDS","is_daily":false,"chose_seed":false,"campfire_upgraded":5,"win_rate":0.0,"timestamp":1611880510,"path_taken":["R","M","M","M","M","E","T","?","M","E","$","M","R","?","M","BOSS","R","M","M","M","?","?","T","?","M","M","?","E","R","M","M","BOSS","R","M","M","?","?","?","T","M","M","M","$","M","R","?","M","BOSS"],"items_purchased_type":["Relic","Relic","Relic"],"build_version":"2020-12-18","purchased_purges":2,"victory":true,"max_hp_per_floor":[70,70,70,70,70,70,80,80,80,80,80,80,80,80,80,80,80,80,80,80,80,80,80,80,80,80,80,80,80,90,90,90,90,95,95,95,95,95,107,107,107,112,112,112,119,119,119,119,119,119],"card_choices":[{"not_picked":["hexamod:UnleashSpirits","hexamod:GhostOfSpirePresent"],"picked":"hexamod:Toasty","floor":0},{"not_picked":["hexamod:GhostShield","hexamod:InspiringFlames"],"picked":"hexamod:FastForward","floor":2},{"not_picked":["hexamod:NightmareGuise","hexamod:ShieldOfDarkness"],"picked":"hexamod:SpectersWail","floor":3},{"not_picked":["hexamod:SuperheatedStrike","hexamod:Rewind"],"picked":"hexamod:FlamesFromBeyond","floor":4},{"not_picked":["hexamod:NightmareGuise","hexamod:Hexaguard"],"picked":"hexamod:HauntingEcho","floor":5},{"not_picked":["hexamod:ThirdSeal","hexamod:Rewind"],"picked":"hexamod:HeatMetal","floor":6},{"not_picked":["hexamod:GhostOfSpireFuture","hexamod:AdvancingGuard"],"picked":"hexamod:Firestarter","floor":8},{"not_picked":["hexamod:SecondSeal","hexamod:FastForward"],"picked":"hexamod:HeatMetal","floor":9},{"not_picked":["hexamod:ShieldOfDarkness","hexamod:SpectralAdrenaline","hexamod:Incineration"],"picked":"SKIP","floor":10},{"not_picked":["hexamod:GhostflameBarrier","hexamod:GiftsFromTheDead"],"picked":"hexamod:RainOfEmbers","floor":11},{"not_picked":["hexamod:SpectersWail","hexamod:GhostShield"],"picked":"hexamod:FlamesFromBeyond","floor":12},{"not_picked":["hexamod:ShieldOfDarkness","hexamod:HauntingEcho"],"picked":"hexamod:Hexaguard","floor":15},{"not_picked":["hexamod:InspiringFlames","hexamod:SwordOfDarkness+1"],"picked":"hexamod:SoulSteal","floor":19},{"not_picked":["hexamod:HeatMetal","hexamod:SkipABeat"],"picked":"hexamod:HeatShield+1","floor":20},{"not_picked":["hexamod:ApocalypticArmor","hexamod:StepThrough"],"picked":"hexamod:GhostShield","floor":21},{"not_picked":["hexamod:FastForward","hexamod:RecurringNightmare","hexamod:AdvancingGuard","hexamod:Again+1"],"picked":"SKIP","floor":26},{"not_picked":["hexamod:Haunt","hexamod:SuperheatedStrike+1","hexamod:NecessarySacrifice"],"picked":"hexamod:Hexaguard","floor":27},{"not_picked":["hexamod:Again","hexamod:ShieldOfDarkness","hexamod:GhostOfSpirePast","hexamod:Rewind+1"],"picked":"SKIP","floor":28},{"not_picked":["hexamod:Hexaguard","hexamod:HeatCrush","hexamod:HeatMetal+1"],"picked":"hexamod:GhostShield+1","floor":29},{"not_picked":["hexamod:Hexaguard","hexamod:GhostLash","hexamod:AdvancingGuard+1"],"picked":"hexamod:TurnItUp","floor":31},{"not_picked":["hexamod:ThermalTransfer","hexamod:Hexaguard","hexamod:UnleashSpirits"],"picked":"hexamod:RainOfEmbers","floor":32},{"not_picked":["hexamod:TurnItUp","hexamod:WildfireWeapon","hexamod:GhostflameInferno"],"picked":"hexamod:SearingWound","floor":33},{"not_picked":["hexamod:SoulSteal","hexamod:SpectralAdrenaline+1","hexamod:ThirdSeal"],"picked":"hexamod:ThermalTransfer+1","floor":34},{"not_picked":["hexamod:PhantomCloak","hexamod:HauntingEcho+1","hexamod:AdvancingGuard+1","hexamod:RecurringNightmare"],"picked":"SKIP","floor":36},{"not_picked":["hexamod:Haunt+1","hexamod:Again","hexamod:RetreatToShadows"],"picked":"hexamod:ChargedBarrage+1","floor":37},{"not_picked":["hexamod:FastForward+1","hexamod:SuperheatedStrike","hexamod:Firestarter+1","hexamod:NightmareGuise"],"picked":"SKIP","floor":42},{"not_picked":["hexamod:NecessarySacrifice","hexamod:HeatMetal","hexamod:FlamesFromBeyond+1","hexamod:NightmareGuise+1"],"picked":"SKIP","floor":43},{"not_picked":["hexamod:SpectersWail+1","hexamod:SpectralSpark+1","hexamod:FourthSeal","hexamod:BurningTouch"],"picked":"SKIP","floor":44},{"not_picked":["hexamod:HeatMetal","hexamod:NightmareStrike","hexamod:BacktrackSmack+1","hexamod:Firestarter"],"picked":"SKIP","floor":45},{"not_picked":["hexamod:SwordOfDarkness+1","hexamod:SuperheatedStrike","hexamod:GhostLash","hexamod:UnleashSpirits"],"picked":"SKIP","floor":46},{"not_picked":["hexamod:FourthSeal","hexamod:EmpoweredFlame","hexamod:HauntingEcho+1","hexamod:SkipABeat"],"picked":"SKIP","floor":48},{"not_picked":["hexamod:SkipABeat","hexamod:BacktrackSmack","hexamod:EmpoweredFlame+1","hexamod:Hexaguard"],"picked":"SKIP","floor":49}],"player_experience":532089,"relics_obtained":[{"floor":6,"key":"Happy Flower"},{"floor":7,"key":"Pear"},{"floor":10,"key":"hexamod:SoulConsumer"},{"floor":22,"key":"StrikeDummy"},{"floor":23,"key":"Torii"},{"floor":23,"key":"Question Card"},{"floor":29,"key":"Boot"},{"floor":38,"key":"Gambling Chip"},{"floor":41,"key":"Bottled Lightning"}],"event_choices":[{"damage_healed":0,"gold_gain":0,"player_choice":"Got Potions","damage_taken":0,"max_hp_gain":0,"max_hp_loss":0,"event_name":"Lab","floor":14,"gold_loss":0},{"damage_healed":0,"gold_gain":0,"player_choice":"Rummage","damage_taken":0,"relics_obtained":["WarpedTongs"],"max_hp_gain":0,"max_hp_loss":0,"event_name":"Accursed Blacksmith","floor":25,"gold_loss":0,"cards_obtained":["Pain"]},{"damage_healed":0,"gold_gain":0,"player_choice":"Fight","damage_taken":0,"max_hp_gain":0,"max_hp_loss":0,"event_name":"Mysterious Sphere","floor":38,"gold_loss":0}],"is_beta":true,"boss_relics":[{"not_picked":["Runic Pyramid","Astrolabe"],"picked":"Velvet Choker"},{"not_picked":["bronze:MakeshiftBattery","Runic Dome"],"picked":"Tiny House"}],"items_purged_floors":[11,48],"is_endless":false,"potions_floor_spawned":[5,8,10,12,15,16,19,27,29,32,33,36,38,42,43,46],"ascension_level":0}}