{"host":"mlk9zuzvtciqpmmx","time":1611921970,"event":{"mods":["AchievementEnabler","Act Like it!","BaseMod","BetterRewards","Colored Map","Colored Powertips","Hermit","Infinite Spire","Minty Spire (QoL Compilation)","Replay The Spire","Shop Mod","StSLib"],"gold_per_floor":[114,114,127,70,86,111,111,131,184,33,33,46,11,29,29,164,164,187,187,187,337,297,341,341,384,384,384,400,400,400,400,400,524,587,613,613,305,326,57,57,75,75,75,99,140,0,0,19,19,38],"floor_reached":51,"language":"RUS","playtime":6478,"items_purged":["hermit:Strike_Hermit","hermit:Strike_Hermit","hermit:Defend_Hermit","Regret"],"score":761,"play_id":"0e4d9e5e-d487-41c4-8c47-66e626a4d688","local_time":"20210129150610","is_ascension_mode":false,"campfire_choices":[{"data":"hermit:GoldenBullet","floor":15.0,"key":"SMITH"},{"floor":24,"key":"REST"},{"data":"hermit:Vantage","floor":27,"key":"SMITH"},{"data":"hermit:HighCaliber","floor":30,"key":"SMITH"},{"floor":32,"key":"REST"},{"data":"hermit:Determination","floor":40,"key":"SMITH"},{"floor":42,"key":"REST"},{"floor":49,"key":"REST"}],"circlet_count":0,"master_deck":["hermit:Strike_Hermit","hermit:Strike_Hermit","hermit:Defend_Hermit","hermit:Defend_Hermit","hermit:Defend_Hermit+1","hermit:Snapshot","hermit:Covet","hermit:Quickdraw+1","hermit:ItchyTrigger","hermit:PistolWhip+1","hermit:RoundhouseKick","hermit:Enervate","Injury","hermit:GoldenBullet+1","hermit:Scavenge","hermit:Quickdraw","hermit:Reprieve","Hallucinations","Zap","hermit:FinalCanter","Enlightenment","infinitespire:Oblivion+1","hermit:Quickdraw","RitualDagger","hermit:ShadowCloak","hermit:Vantage+1","hermit:HighCaliber+1","hermit:Desperado+1","hermit:EyeOfTheStorm","hermit:Gambit","hermit:BigShot","hermit:Determination+1","hermit:FlashPowder+1","Chrysalis","hermit:Determination+1","hermit:Brawl+1","hermit:Deadeye","hermit:Quickdraw","hermit:Scavenge+1","hermit:Feint+1","hermit:Showdown+1","hermit:Combo","hermit:Scavenge+1","hermit:GhostlyPresence+1"],"relics":["hermit:Momento","Question Card","Golden Idol","Pen Nib","Toy Ornithopter","ReplayTheSpireMod:SealedPack","ReplayTheSpireMod:CursedCoin","ReplayTheSpireMod:Shallot","Prayer Wheel","Garlic","Tiny House","Strange Spoon","hermit:PetGhost","Eternal Feather","infinitespire:Satchel","Red Mask","Blood Vial"],"acts_visited":["Exordium","TheCity","TheBeyond"],"potions_floor_usage":[25,33,33,38,45,45],"damage_taken":[{"damage":3.0,"enemies":"Small Slimes","floor":1.0,"turns":4.0},{"damage":3.0,"enemies":"infinitespire:Voidling","floor":3.0,"turns":4.0},{"damage":0.0,"enemies":"2 Louse","floor":5.0,"turns":2.0},{"damage":14.0,"enemies":"Gremlin Nob","floor":6.0,"turns":4.0},{"damage":0.0,"enemies":"Large Slime","floor":8.0,"turns":3.0},{"damage":20.0,"enemies":"Gremlin Gang","floor":12.0,"turns":4.0},{"damage":0.0,"enemies":"3 Louse","floor":14.0,"turns":2.0},{"damage":51.0,"enemies":"The Guardian","floor":16.0,"turns":10.0},{"damage":8,"enemies":"Shell Parasite","floor":18,"turns":5},{"damage":42,"enemies":"Book of Stabbing","floor":23,"turns":6},{"damage":13,"enemies":"Gremlin Leader","floor":25,"turns":6},{"damage":0,"enemies":"Chosen","floor":28,"turns":4},{"damage":46,"enemies":"Champ","floor":33,"turns":11},{"damage":7,"enemies":"Orb Walker","floor":35,"turns":4},{"damage":9,"enemies":"3 Darklings","floor":38,"turns":8},{"damage":48,"enemies":"Spire Growth","floor":41,"turns":5},{"damage":6,"enemies":"Maw","floor":44,"turns":7},{"damage":55,"enemies":"Reptomancer","floor":45,"turns":5},{"damage":23,"enemies":"4 Shapes","floor":48,"turns":4},{"damage":70,"enemies":"Time Eater","floor":50,"turns":14}],"seed_played":"-4422283734042992214","potions_obtained":[{"floor":3.0,"key":"Dexterity Potion"},{"floor":6.0,"key":"Swift Potion"},{"floor":8.0,"key":"Swift Potion"},{"floor":11.0,"key":"Death Potion"},{"floor":23,"key":"EssenceOfSteel"},{"floor":25,"key":"Weak Potion"},{"floor":34,"key":"EssenceOfSteel"},{"floor":38,"key":"GamblersBrew"},{"floor":41,"key":"EssenceOfSteel"},{"floor":44,"key":"Fire Potion"}],"is_trial":false,"path_per_floor":["M","?","M","$","M","E","?","M","T","$","?","M","?","M","R","B",null,"M","?","?","AVR","?","E","R","E","T","R","M","?","R","?","R","B",null,"M","?","$","M","$","R","M","R","T","M","E","?","AVR","M","R","B",null],"character_chosen":"HERMIT","items_purchased":["hermit:PistolWhip+1","Toy Ornithopter","Strange Spoon","hermit:Determination","hermit:PetGhost","hermit:Quickdraw"],"campfire_rested":4,"item_purchase_floors":[4,10,37,37,39,39],"current_hp_per_floor":[79,79,76,76,76,62,62,62,62,62,62,42,62,62,62,16,82,78,72,72,72,72,46,70,62,62,62,62,62,62,46,72,44,92,85,85,85,89,89,89,41,68,68,62,29,29,29,8,59,1],"gold":38,"neow_bonus":"TEN_PERCENT_HP_BONUS","is_daily":false,"chose_seed":false,"campfire_upgraded":4,"win_rate":0.0,"timestamp":1611921970,"path_taken":["M","?","?","$","M","E","?","M","T","$","?","?","?","M","R","BOSS","M","?","?","AVR","?","E","R","E","T","R","?","?","R","?","R","BOSS","M","?","?","M","$","R","?","R","T","M","E","?","AVR","M","R","BOSS"],"items_purchased_type":["Card","Relic","Relic","Card","Relic","Card"],"build_version":"2020-12-22","purchased_purges":4,"victory":true,"max_hp_per_floor":[82,82,82,82,82,82,82,82,82,82,82,82,82,82,82,82,82,82,82,82,82,82,82,82,82,82,82,82,82,82,87,87,87,92,92,92,92,92,92,92,92,92,92,92,92,92,92,92,92,92],"card_choices":[{"not_picked":["hermit:Feint","hermit:HighCaliber"],"picked":"hermit:Quickdraw","floor":1.0},{"not_picked":["hermit:Manifest","hermit:Coalescence"],"picked":"hermit:ItchyTrigger","floor":3.0},{"not_picked":["hermit:Misfire","hermit:CursedWeapon"],"picked":"hermit:RoundhouseKick","floor":5.0},{"not_picked":["hermit:Spite","hermit:Snipe"],"picked":"hermit:Enervate","floor":6.0},{"not_picked":["hermit:Glare","hermit:Manifest","hermit:BodyArmor"],"picked":"hermit:GoldenBullet","floor":8.0},{"not_picked":["hermit:NoHoldsBarred","hermit:DeadMansHand","hermit:Headshot"],"picked":"hermit:Scavenge","floor":12.0},{"not_picked":["hermit:WideOpen","hermit:Spite","hermit:TrackingShot"],"picked":"hermit:Quickdraw","floor":14.0},{"not_picked":["hermit:BlackWind","hermit:Magnum","hermit:Roughhouse"],"picked":"hermit:Reprieve","floor":16.0},{"not_picked":["hermit:Covet","Vigilance","Survivor"],"picked":"Zap","floor":17},{"not_picked":["hermit:DeadOrAlive","hermit:FatalDesire","hermit:BlackWind"],"picked":"hermit:FinalCanter","floor":17},{"not_picked":["Survey Options","Forethought","Panacea"],"picked":"Enlightenment","floor":17},{"not_picked":["infinitespire:Collect","infinitespire:SealOfDarkness+","infinitespire:NeuralNetwork"],"picked":"infinitespire:Oblivion","floor":17},{"not_picked":["hermit:WideOpen","hermit:Ricochet","hermit:Vantage"],"picked":"hermit:Quickdraw","floor":18},{"not_picked":["hermit:Grudge","hermit:CursedWeapon","hermit:HoleUp"],"picked":"hermit:ShadowCloak","floor":23},{"not_picked":["hermit:FullyLoaded+1","hermit:Reprieve","hermit:Misfire"],"picked":"hermit:Vantage","floor":25},{"not_picked":["hermit:BodyArmor","hermit:SprayPray","hermit:Deadeye"],"picked":"hermit:HighCaliber","floor":28},{"not_picked":["hermit:Enervate","hermit:GoldenBullet","hermit:OverwhelmingPower"],"picked":"hermit:Desperado+1","floor":28},{"not_picked":["hermit:Reprieve","hermit:OverwhelmingPower","hermit:BlackWind"],"picked":"hermit:Gambit","floor":33},{"not_picked":["hermit:Snipe","hermit:BodyArmor","hermit:SprayPray"],"picked":"hermit:BigShot","floor":34},{"not_picked":["hermit:Quickdraw","hermit:Glare","hermit:ShadowCloak"],"picked":"hermit:Determination+1","floor":35},{"not_picked":["hermit:Manifest","hermit:Feint","hermit:Coalescence+1"],"picked":"hermit:FlashPowder+1","floor":35},{"not_picked":["Replay:Parry","Mind Blast","Trip"],"picked":"Chrysalis","floor":36},{"not_picked":["hermit:FlashPowder+1","hermit:CalledShot","hermit:Roulette+1"],"picked":"hermit:Brawl+1","floor":38},{"not_picked":["hermit:Scavenge","hermit:LuckOfTheDraw+1","hermit:LowProfile"],"picked":"hermit:Deadeye","floor":38},{"not_picked":["hermit:LuckOfTheDraw+1","hermit:SprayPray","hermit:TrackingShot+1"],"picked":"hermit:Scavenge+1","floor":41},{"not_picked":["hermit:DeadOrAlive","hermit:SprayPray+1","hermit:Misfire+1"],"picked":"hermit:Feint+1","floor":41},{"not_picked":["hermit:ShadowCloak","hermit:Determination","hermit:ItchyTrigger"],"picked":"hermit:Showdown+1","floor":44},{"not_picked":["hermit:CalledShot","hermit:SprayPray","hermit:Vantage","hermit:BodyArmor"],"picked":"SKIP","floor":44},{"not_picked":["hermit:BodyArmor+1","hermit:FinalCanter","hermit:TrackingShot"],"picked":"hermit:Combo","floor":45},{"not_picked":["hermit:LoneWolf","hermit:Ricochet","hermit:GoldenBullet"],"picked":"hermit:Scavenge+1","floor":48},{"not_picked":["hermit:Ricochet+1","hermit:Dive+1","hermit:Brawl"],"picked":"hermit:GhostlyPresence+1","floor":48}],"player_experience":120313,"relics_obtained":[{"floor":6.0,"key":"Question Card"},{"floor":9.0,"key":"Pen Nib"},{"floor":23,"key":"ReplayTheSpireMod:Shallot"},{"floor":25,"key":"Prayer Wheel"},{"floor":26,"key":"Garlic"},{"floor":43,"key":"Eternal Feather"},{"floor":45,"key":"infinitespire:Satchel"}],"event_choices":[{"damage_healed":0.0,"max_hp_gain":0.0,"max_hp_loss":0.0,"gold_gain":0.0,"event_name":"Upgrade Shrine","player_choice":"Upgraded","floor":2.0,"gold_loss":0.0,"damage_taken":0.0,"cards_upgraded":["hermit:Quickdraw"]},{"damage_healed":0.0,"max_hp_gain":0.0,"max_hp_loss":0.0,"gold_gain":0.0,"event_name":"Golden Idol","player_choice":"Take Wound","floor":7.0,"gold_loss":0.0,"damage_taken":0.0,"relics_obtained":["Golden Idol"],"cards_obtained":["Injury"]},{"damage_healed":0.0,"max_hp_gain":0.0,"max_hp_loss":0.0,"gold_gain":0.0,"event_name":"Lab","player_choice":"Got Potions","floor":11.0,"gold_loss":0.0,"damage_taken":0.0},{"damage_healed":20.0,"max_hp_gain":0.0,"max_hp_loss":0.0,"gold_gain":0.0,"event_name":"The Cleric","player_choice":"Healed","floor":13.0,"gold_loss":35.0,"damage_taken":0.0},{"damage_healed":0,"gold_gain":0,"player_choice":"Joined the Cult","damage_taken":6,"max_hp_gain":0,"max_hp_loss":0,"event_name":"Nest","floor":19,"gold_loss":0,"cards_obtained":["RitualDagger"]},{"damage_healed":0,"gold_gain":0,"player_choice":"Ignored","damage_taken":0,"max_hp_gain":0,"max_hp_loss":0,"event_name":"Ghosts","floor":20,"gold_loss":0},{"damage_healed":0,"gold_gain":0,"player_choice":"Upgrade","damage_taken":0,"max_hp_gain":0,"max_hp_loss":0,"event_name":"Designer","floor":22,"gold_loss":40,"cards_upgraded":["infinitespire:Oblivion"]},{"damage_healed":0,"gold_gain":0,"player_choice":"Read","damage_taken":0,"max_hp_gain":0,"max_hp_loss":0,"event_name":"The Library","floor":29,"gold_loss":0,"cards_obtained":["hermit:EyeOfTheStorm"]},{"damage_healed":0,"gold_gain":0,"player_choice":"Shed Blood","damage_taken":21,"max_hp_gain":5,"max_hp_loss":0,"event_name":"Forgotten Altar","floor":31,"gold_loss":0},{"damage_healed":0,"gold_gain":0,"player_choice":"Memory 1","damage_taken":0,"max_hp_gain":0,"max_hp_loss":0,"event_name":"SensoryStone","floor":36,"gold_loss":0},{"damage_healed":0,"gold_gain":0,"player_choice":"Paid","damage_taken":0,"relics_obtained":["Red Mask"],"max_hp_gain":0,"max_hp_loss":0,"event_name":"Tomb of Lord Red Mask","floor":46,"gold_loss":140}],"is_beta":false,"boss_relics":[{"not_picked":["Kintsugi","Snecko Heart"],"picked":"ReplayTheSpireMod:SealedPack"},{"not_picked":["SacredBark","Coffee Dripper"],"picked":"Tiny House"}],"items_purged_floors":[21,37,39,47],"is_endless":false,"potions_floor_spawned":[3,6,8,23,25,38,41,44],"ascension_level":0}}