{"host":"zwezhz46a5cjkxff","time":1611895659,"event":{"mods":["AchievementEnabler","BaseMod","Colored Map","Colored Powertips","DeckTracker","Hermit","Minty Spire (QoL Compilation)","Permanent Neow","Quick Restart","Rare Cards Sparkle","Relic Stats","Robot Space Explorer","StSLib","SuperFastMode","The Hierophant","The Servant 0.9.4","Weighted Paths","slay the spire mod where everything is the same but ironclad has a cowboy hat"],"gold_per_floor":[112,131,148,161,161,194,194,208,258,258,258],"floor_reached":10,"language":"ENG","playtime":340,"items_purged":[],"score":74,"play_id":"47819d92-ce59-4c5c-900b-8f1d3e4b0a45","local_time":"20210128224739","is_ascension_mode":true,"campfire_choices":[{"data":"Feed","floor":7,"key":"SMITH"}],"circlet_count":0,"master_deck":["Strike_R","Strike_R","Strike_R","Strike_R","Defend_R","Defend_R","Defend_R","Defend_R","Bash","Feed+1","Shrug It Off","Flame Barrier","Dark Embrace","Iron Wave","Feel No Pain","Body Slam"],"relics":["Burning Blood","Eternal Feather"],"acts_visited":["Exordium"],"potions_floor_usage":[3,10],"damage_taken":[{"damage":1,"enemies":"Cultist","floor":1,"turns":4},{"damage":2,"enemies":"Small Slimes","floor":2,"turns":3},{"damage":2,"enemies":"Jaw Worm","floor":3,"turns":4},{"damage":16,"enemies":"Large Slime","floor":4,"turns":6},{"damage":49,"enemies":"Lagavulin","floor":6,"turns":9},{"damage":10,"enemies":"2 Fungi Beasts","floor":8,"turns":4},{"damage":31,"enemies":"Gremlin Nob","floor":10,"turns":4}],"seed_played":"-8559497291428286664","potions_obtained":[{"floor":1,"key":"Block Potion"},{"floor":6,"key":"ColorlessPotion"},{"floor":8,"key":"Dexterity Potion"}],"is_trial":false,"path_per_floor":["M","M","M","M","?","E","R","M","T","E"],"character_chosen":"IRONCLAD","items_purchased":[],"campfire_rested":0,"item_purchase_floors":[],"current_hp_per_floor":[72,75,75,65,65,22,31,31,31,0,0],"gold":258,"neow_bonus":"THREE_RARE_CARDS","is_daily":false,"chose_seed":false,"campfire_upgraded":1,"win_rate":0.0,"timestamp":1611895659,"path_taken":["M","?","M","M","?","E","R","M","T","E"],"items_purchased_type":[],"build_version":"2020-12-22","purchased_purges":0,"victory":false,"max_hp_per_floor":[72,75,75,75,75,75,75,79,79,79,79],"relic_stats":{"counters":[7,34],"Eternal Feather":9,"obtain_stats":[{"Eternal Feather":6,"Burning Blood":0},{"Eternal Feather":5,"Burning Blood":0},{"Eternal Feather":26,"Burning Blood":0}],"Burning Blood":23},"card_choices":[{"not_picked":["Exhume","Berserk"],"picked":"Feed","floor":0},{"not_picked":["Heavy Blade","Burning Pact"],"picked":"Shrug It Off","floor":1},{"not_picked":["Headbutt","Wild Strike"],"picked":"Flame Barrier","floor":2},{"not_picked":["Pummel","Twin Strike","Flex"],"picked":"SKIP","floor":3},{"not_picked":["Intimidate","Cleave"],"picked":"Dark Embrace","floor":4},{"not_picked":["Sword Boomerang","Armaments"],"picked":"Feel No Pain","floor":6},{"not_picked":["Twin Strike","Dual Wield"],"picked":"Body Slam","floor":8}],"player_experience":42724,"relics_obtained":[{"floor":6,"key":"Eternal Feather"}],"event_choices":[{"damage_healed":0,"gold_gain":0,"cards_transformed":["Strike_R"],"player_choice":"Change","damage_taken":0,"max_hp_gain":0,"max_hp_loss":0,"event_name":"Living Wall","floor":5,"gold_loss":0,"cards_obtained":["Iron Wave"]}],"is_beta":false,"boss_relics":[],"items_purged_floors":[],"is_endless":false,"potions_floor_spawned":[1,6,8],"killed_by":"Gremlin Nob","ascension_level":1}}