{"host":"hn9kwncajibu2nw8","time":1609980494,"event":{"mods":["AchievementEnabler","BaseMod","Block Reminder","Colored Powertips","DeckTracker","Highlight Path","KOR Keyword Fix","Minty Spire (QoL Compilation)","Quick Restart","Rare Cards Sparkle"],"gold_per_floor":[11,31,31,51,71,71,104,104,104,121,141,153,188,202,202,300,300,300],"floor_reached":17,"playtime":482,"items_purged":[],"score":239,"play_id":"88aa2efe-932a-4194-b7cf-c7315c3fce8b","local_time":"20210107094814","is_ascension_mode":true,"campfire_choices":[{"data":"Bash","floor":6,"key":"SMITH"},{"floor":8,"key":"REST"},{"data":"Perfected Strike","floor":15,"key":"SMITH"}],"circlet_count":0,"master_deck":["Strike_R","Strike_R","Strike_R","Strike_R","Defend_R","Defend_R","Defend_R","Bash+1","Wild Strike","Fire Breathing","Carnage","Wild Strike","Sword Boomerang","Offering","Ghostly Armor","Perfected Strike+1","Flex","Bludgeon","Corruption"],"relics":["Burning Blood","Dream Catcher","Darkstone Periapt","Tiny Chest","Akabeko","Coffee Dripper"],"acts_visited":["Exordium","TheCity"],"potions_floor_usage":[10,16],"damage_taken":[{"damage":8,"enemies":"Jaw Worm","floor":1,"turns":4},{"damage":0,"enemies":"Cultist","floor":2,"turns":2},{"damage":0,"enemies":"Small Slimes","floor":4,"turns":2},{"damage":9,"enemies":"Exordium Wildlife","floor":5,"turns":4},{"damage":30,"enemies":"3 Sentries","floor":7,"turns":5},{"damage":3,"enemies":"3 Louse","floor":10,"turns":2},{"damage":12,"enemies":"Large Slime","floor":11,"turns":4},{"damage":9,"enemies":"Blue Slaver","floor":12,"turns":3},{"damage":19,"enemies":"Gremlin Nob","floor":13,"turns":3},{"damage":6,"enemies":"Exordium Wildlife","floor":14,"turns":2},{"damage":56,"enemies":"The Guardian","floor":16,"turns":8}],"seed_played":"5504371099094401561","potions_obtained":[{"floor":1,"key":"Weak Potion"},{"floor":4,"key":"Fire Potion"},{"floor":10,"key":"ColorlessPotion"},{"floor":11,"key":"ColorlessPotion"},{"floor":14,"key":"Block Potion"},{"floor":16,"key":"Block Potion"}],"is_trial":false,"path_per_floor":["M","M","?","M","M","R","E","R","T","M","M","M","E","M","R","B",null],"character_chosen":"IRONCLAD","items_purchased":[],"campfire_rested":1,"item_purchase_floors":[],"current_hp_per_floor":[70,76,76,80,77,77,53,77,77,80,74,71,58,58,58,8,62,62],"gold":300,"neow_bonus":"REMOVE_TWO","is_daily":false,"chose_seed":false,"campfire_upgraded":2,"win_rate":0.0,"timestamp":1609980494,"path_taken":["M","M","?","M","M","R","E","R","T","?","M","M","E","M","R","BOSS"],"items_purchased_type":[],"build_version":"2020-12-22","purchased_purges":0,"victory":false,"max_hp_per_floor":[80,80,80,80,80,80,80,80,80,80,80,80,80,80,80,80,80,80],"card_choices":[{"not_picked":["Heavy Blade","Warcry"],"picked":"Wild Strike","floor":1},{"not_picked":["Metallicize","Anger"],"picked":"Fire Breathing","floor":2},{"not_picked":["Burning Pact","Dropkick"],"picked":"Carnage","floor":4},{"not_picked":["Havoc","Anger"],"picked":"Wild Strike","floor":5},{"not_picked":["Searing Blow","Seeing Red"],"picked":"Sword Boomerang","floor":7},{"not_picked":["Clash","True Grit"],"picked":"Offering","floor":8},{"not_picked":["Reckless Charge","Sentinel"],"picked":"Ghostly Armor","floor":10},{"not_picked":["Warcry","Anger","Armaments"],"picked":"SKIP","floor":11},{"not_picked":["Sentinel","Armaments"],"picked":"Perfected Strike","floor":12},{"not_picked":["Heavy Blade","Anger"],"picked":"Flex","floor":13},{"not_picked":["Havoc","Headbutt"],"picked":"Bludgeon","floor":14},{"not_picked":["Bludgeon","Limit Break"],"picked":"Corruption","floor":16}],"player_experience":476255,"relics_obtained":[{"floor":7,"key":"Darkstone Periapt"},{"floor":9,"key":"Tiny Chest"},{"floor":13,"key":"Akabeko"}],"event_choices":[{"damage_healed":0,"gold_gain":0,"player_choice":"Gave Potion","damage_taken":0,"relics_obtained":["Dream Catcher"],"max_hp_gain":0,"max_hp_loss":0,"event_name":"WeMeetAgain","floor":3,"gold_loss":0}],"is_beta":false,"boss_relics":[{"not_picked":["Tiny House","Runic Dome"],"picked":"Coffee Dripper"}],"items_purged_floors":[],"is_endless":false,"potions_floor_spawned":[1,4,10,11,14,16],"ascension_level":8}}