{"host":"d4km6p8r92tm3vpl","time":1609995344,"event":{"mods":["AchievementEnabler","BaseMod","Colored Map","Colored Powertips","DeckTracker","Minty Spire (QoL Compilation)","Relic Stats","StSLib"],"gold_per_floor":[19,34,47,66,77,77,112,112,112,112,144,144,177,102,102,102,102],"floor_reached":16,"playtime":720,"items_purged":["Strike_G"],"score":186,"play_id":"b11964bc-9b84-4f20-ad63-f472f7c02078","local_time":"20210106235544","is_ascension_mode":true,"campfire_choices":[{"data":"Adrenaline","floor":6,"key":"SMITH"},{"floor":8,"key":"REST"},{"data":"Neutralize","floor":10,"key":"SMITH"},{"floor":15,"key":"REST"}],"circlet_count":0,"master_deck":["AscendersBane","Strike_G","Strike_G","Strike_G","Strike_G","Defend_G+1","Defend_G","Defend_G","Defend_G","Defend_G+1","Survivor","Neutralize+1","Adrenaline+1","Eviscerate","Backstab","Dagger Spray","Sucker Punch","Unload","Escape Plan","Crippling Poison"],"relics":["Ring of the Snake","War Paint","Singing Bowl","Anchor","Peace Pipe"],"acts_visited":["Exordium"],"potions_floor_usage":[7,11,16],"damage_taken":[{"damage":1,"enemies":"Cultist","floor":1,"turns":3},{"damage":5,"enemies":"Jaw Worm","floor":2,"turns":6},{"damage":1,"enemies":"Small Slimes","floor":3,"turns":4},{"damage":8,"enemies":"Blue Slaver","floor":4,"turns":4},{"damage":0,"enemies":"3 Louse","floor":5,"turns":2},{"damage":28,"enemies":"Lagavulin","floor":7,"turns":8},{"damage":17,"enemies":"Gremlin Nob","floor":11,"turns":4},{"damage":17,"enemies":"3 Sentries","floor":13,"turns":6},{"damage":55,"enemies":"Slime Boss","floor":16,"turns":12}],"seed_played":"7250979412320746279","potions_obtained":[{"floor":3,"key":"Explosive Potion"},{"floor":5,"key":"EssenceOfSteel"},{"floor":12,"key":"FairyPotion"},{"floor":12,"key":"FairyPotion"},{"floor":12,"key":"DistilledChaos"}],"is_trial":false,"path_per_floor":["M","M","M","M","M","R","E","R","T","R","E","?","E","$","R","B"],"character_chosen":"THE_SILENT","items_purchased":[],"campfire_rested":2,"item_purchase_floors":[],"current_hp_per_floor":[62,57,56,48,48,48,20,41,41,41,24,24,7,7,28,0,0],"gold":102,"neow_bonus":"THREE_RARE_CARDS","is_daily":false,"chose_seed":false,"campfire_upgraded":2,"win_rate":0.0,"timestamp":1609995344,"path_taken":["M","M","M","?","M","R","E","R","T","R","E","?","E","$","R","BOSS"],"items_purchased_type":[],"build_version":"2020-12-22","purchased_purges":1,"victory":false,"max_hp_per_floor":[70,70,70,70,70,70,70,70,70,70,70,70,70,70,70,70,70],"relic_stats":{"Peace Pipe":0,"Singing Bowl":0,"counters":[9,49],"War Paint":["Defend_G","Defend_G"],"obtain_stats":[{"Peace Pipe":13,"Anchor":11,"Singing Bowl":9,"War Paint":7,"Ring of the Snake":0},{"Peace Pipe":8,"Anchor":7,"Singing Bowl":6,"War Paint":6,"Ring of the Snake":0},{"Peace Pipe":37,"Anchor":31,"Singing Bowl":27,"War Paint":27,"Ring of the Snake":0}],"Ring of the Snake":[18]},"card_choices":[{"not_picked":["Night Terror","Burst"],"picked":"Adrenaline","floor":0},{"not_picked":["Outmaneuver","Dodge and Roll"],"picked":"Eviscerate","floor":1},{"not_picked":["Outmaneuver","Bane"],"picked":"Backstab","floor":2},{"not_picked":["Expertise","Cloak And Dagger","Terror"],"picked":"SKIP","floor":3},{"not_picked":["Leg Sweep","Acrobatics"],"picked":"Dagger Spray","floor":4},{"not_picked":["Prepared","Slice"],"picked":"Sucker Punch","floor":5},{"not_picked":["Bane","Infinite Blades"],"picked":"Unload","floor":7},{"not_picked":["Outmaneuver","Caltrops"],"picked":"Escape Plan","floor":11},{"not_picked":["PiercingWail","Underhanded Strike"],"picked":"Crippling Poison","floor":13}],"player_experience":812931,"relics_obtained":[{"floor":7,"key":"War Paint"},{"floor":9,"key":"Singing Bowl"},{"floor":11,"key":"Anchor"},{"floor":13,"key":"Peace Pipe"}],"event_choices":[{"damage_healed":0,"gold_gain":0,"player_choice":"Got Potions","damage_taken":0,"max_hp_gain":0,"max_hp_loss":0,"event_name":"Lab","floor":12,"gold_loss":0}],"is_beta":false,"boss_relics":[],"items_purged_floors":[14],"is_endless":false,"potions_floor_spawned":[3,5,13],"killed_by":"Slime Boss","ascension_level":11}}