{"host":"066y5nba5qw19k68","time":1609999198,"event":{"mods":["BaseMod","Colored Powertips","Downfall","Minty Spire (QoL Compilation)","Replay The Spire","Shop Mod","StSLib"],"gold_per_floor":[109,109,184,199,199,224,224,254,254,265,297,315,327,345,345,447,447,464,246,262,273,287,315,315,414,439,468,498,498,222,238,238,343,343,356,375,387,402,420,420,455,455,507,533,533,560,560,560,560,560],"floor_reached":51,"playtime":2742,"items_purged":["Strike_R","Strike_R"],"score":964,"play_id":"66f7b15a-ee50-49b9-bdb4-6d15208e0132","local_time":"20210107135958","is_ascension_mode":true,"campfire_choices":[{"data":"Flame Barrier","floor":7,"key":"SMITH"},{"data":"Inflame","floor":15,"key":"SMITH"},{"data":"Feed","floor":24,"key":"SMITH"},{"data":"Armaments","floor":32,"key":"SMITH"},{"data":"Demon Form","floor":40,"key":"SMITH"},{"data":"Body Slam","floor":42,"key":"SMITH"},{"data":"Shockwave","floor":45,"key":"SMITH"},{"data":"Sword Boomerang","floor":47,"key":"SMITH"},{"data":"Power Through","floor":49,"key":"SMITH"}],"circlet_count":0,"master_deck":["Strike_R+1","Strike_R","Strike_R+1","Defend_R","Defend_R","Bash","Flame Barrier+1","Infernal Blade+1","Sword Boomerang+1","Inflame+1","Ghostly Armor","Shrug It Off","Feed+1","AbeCurse","Power Through+1","Shrug It Off","Pommel Strike","Feed","Flame Barrier+1","Armaments+1","Body Slam+1","Demon Form+1","Shockwave+1","Flex+1","sneckomod:Bewildered"],"relics":["Burning Blood","NeowsBlessing","Thread and Needle","Gremlin Horn","Mummified Hand","Mercury Hourglass","Unceasing Top","Abe\u0027s Treasure","Medical Kit","Replay:WaspNest","Replay:Mystery Machine","Red Mask","Replay:Baseball","Enchiridion","ReplayTheSpireMod:TigerMarble","Cursed Key","Oddly Smooth Stone","Ancient Tea Set","MealTicket","Whetstone"],"acts_visited":["Exordium","TheCity","TheBeyond"],"potions_floor_usage":[23,27,50,50],"damage_taken":[{"damage":0,"enemies":"Jaw Worm","floor":1,"turns":1},{"damage":0,"enemies":"2 Louse","floor":4,"turns":1},{"damage":0,"enemies":"3 Sentries","floor":6,"turns":1},{"damage":19,"enemies":"Gremlin Nob","floor":8,"turns":5},{"damage":0,"enemies":"Small Slimes","floor":10,"turns":2},{"damage":14,"enemies":"Lagavulin","floor":11,"turns":6},{"damage":0,"enemies":"2 Fungi Beasts","floor":12,"turns":3},{"damage":1,"enemies":"Looter","floor":13,"turns":3},{"damage":0,"enemies":"Red Slaver","floor":14,"turns":3},{"damage":48,"enemies":"Hexaghost","floor":16,"turns":9},{"damage":23,"enemies":"Chosen","floor":18,"turns":5},{"damage":8,"enemies":"Shell Parasite","floor":20,"turns":6},{"damage":9,"enemies":"Shelled Parasite and Fungi","floor":21,"turns":7},{"damage":0,"enemies":"Cultist and Chosen","floor":22,"turns":6},{"damage":20,"enemies":"Slavers","floor":23,"turns":7},{"damage":0,"enemies":"Masked Bandits","floor":27,"turns":4},{"damage":15,"enemies":"Book of Stabbing","floor":28,"turns":4},{"damage":0,"enemies":"3 Cultists","floor":31,"turns":5},{"damage":41,"enemies":"Champ","floor":33,"turns":8},{"damage":0,"enemies":"3 Shapes","floor":35,"turns":3},{"damage":0,"enemies":"Orb Walker","floor":36,"turns":3},{"damage":5,"enemies":"Sphere and 2 Shapes","floor":37,"turns":5},{"damage":33,"enemies":"4 Shapes","floor":38,"turns":4},{"damage":0,"enemies":"Transient","floor":39,"turns":5},{"damage":0,"enemies":"Nemesis","floor":41,"turns":7},{"damage":6,"enemies":"R_Hoarder","floor":44,"turns":4},{"damage":0,"enemies":"Reptomancer","floor":46,"turns":5},{"damage":44,"enemies":"Time Eater","floor":50,"turns":7}],"seed_played":"4751631876123980379","potions_obtained":[{"floor":1,"key":"BloodPotion"},{"floor":4,"key":"Fruit Juice"},{"floor":11,"key":"Fire Potion"},{"floor":23,"key":"Fire Potion"},{"floor":27,"key":"BloodPotion"},{"floor":28,"key":"Guardian:BlockOnCardUsePotion"}],"is_trial":false,"path_per_floor":["M","?","?","M","?","E","R","E","T","M","E","M","M","M","R","B",null,"M","$","M","M","M","E","R","?","T","?","E","?","$","M","R","B",null,"M","M","M","M","M","R","E","R","T","E","R","E","R","?","R","B",null],"character_chosen":"IRONCLAD","items_purchased":["Medical Kit","Body Slam","ReplayTheSpireMod:TigerMarble"],"campfire_rested":0,"item_purchase_floors":[19,30,30],"current_hp_per_floor":[80,80,69,75,72,78,78,65,65,71,63,69,74,80,80,38,80,63,63,61,58,67,61,61,61,61,93,84,68,68,81,81,46,105,112,112,115,92,105,105,114,114,114,114,114,123,123,123,123,85],"gold":560,"neow_bonus":"THREE_ENEMY_KILL","is_daily":false,"chose_seed":false,"campfire_upgraded":9,"win_rate":0.0,"timestamp":1609999198,"path_taken":["M","?","?","M","?","E","R","E","T","M","E","M","M","M","R","BOSS","M","$","M","M","M","E","R","?","T","?","E","?","$","M","R","BOSS","M","M","M","M","M","R","E","R","T","E","R","E","R","?","R","BOSS"],"items_purchased_type":["Relic","Card","Relic"],"build_version":"2020-12-22","purchased_purges":2,"victory":true,"max_hp_per_floor":[80,80,80,80,80,80,80,80,80,80,80,80,80,80,80,80,80,80,80,80,80,83,91,91,91,91,98,98,98,98,105,105,105,105,112,112,115,119,119,119,122,122,122,122,122,125,125,125,125,125],"card_choices":[{"not_picked":["Carnage","ReplayTheSpireMod:LeadingStrike"],"picked":"Flame Barrier","floor":1},{"not_picked":["True Grit","Run Through"],"picked":"Sword Boomerang","floor":4},{"not_picked":["ReplayTheSpireMod:Strike From Hell","ReplayTheSpireMod:Corrosion Curse","Iron Wave"],"picked":"SKIP","floor":6},{"not_picked":["Sword Boomerang","Anger","Eclipse"],"picked":"SKIP","floor":8},{"not_picked":["Defy Death","ReplayTheSpireMod:Strike From Hell"],"picked":"Inflame","floor":10},{"not_picked":["ReplayTheSpireMod:LeadingStrike","Clash","Burning Pact"],"picked":"SKIP","floor":11},{"not_picked":["ReplayTheSpireMod:LeadingStrike","Sever Soul"],"picked":"Ghostly Armor","floor":12},{"not_picked":["Heavy Blade","Clothesline"],"picked":"Shrug It Off","floor":13},{"not_picked":["ReplayTheSpireMod:Strike From Hell","Dual Wield","Clothesline"],"picked":"SKIP","floor":14},{"not_picked":["Berserk","Limit Break"],"picked":"Feed","floor":16},{"not_picked":["Replay:Undeath\u0027s Touch","ReplayTheSpireMod:Strike From Hell"],"picked":"Power Through","floor":18},{"not_picked":["Combust+1","Blood for Blood"],"picked":"Shrug It Off","floor":20},{"not_picked":["Warcry","Clothesline","Thunderclap"],"picked":"SKIP","floor":21},{"not_picked":["Life Link","ReplayReversal"],"picked":"Pommel Strike","floor":22},{"not_picked":["Sword Boomerang","Thunderclap"],"picked":"Feed","floor":23},{"not_picked":["Perfected Strike+1","Rampage"],"picked":"Flame Barrier+1","floor":27},{"not_picked":["ReplayTheSpireMod:Corrosion Curse","ReplayReversal"],"picked":"Armaments","floor":28},{"not_picked":["Twin Strike","Thunderclap+1","Entrench+1"],"picked":"SKIP","floor":31},{"not_picked":["Offering","Immolate"],"picked":"Demon Form","floor":33},{"not_picked":["Pommel Strike","Hemokinesis+1","Headbutt"],"picked":"SKIP","floor":35},{"not_picked":["Iron Wave","Headbutt","Massacre"],"picked":"SKIP","floor":36},{"not_picked":["Wild Strike","Entrench","Disarm"],"picked":"SKIP","floor":37},{"not_picked":["Limit Break","ReplayReversal+1"],"picked":"Shockwave","floor":38},{"not_picked":["Uppercut+1","Twin Strike+1"],"picked":"Flex+1","floor":39},{"not_picked":["Shockwave","Replay:Undeath\u0027s Touch","Rage+1"],"picked":"SKIP","floor":41},{"not_picked":["ReplayTheSpireMod:Corrosion Curse+1","Thunderclap+1","Wild Strike+1"],"picked":"SKIP","floor":44},{"not_picked":["Dropkick+1","Sword Boomerang","Run Through+1"],"picked":"SKIP","floor":46}],"player_experience":80599,"relics_obtained":[{"floor":6,"key":"Gremlin Horn"},{"floor":8,"key":"Mummified Hand"},{"floor":9,"key":"Mercury Hourglass"},{"floor":11,"key":"Unceasing Top"},{"floor":23,"key":"Replay:WaspNest"},{"floor":26,"key":"Replay:Mystery Machine"},{"floor":27,"key":"Red Mask"},{"floor":28,"key":"Replay:Baseball"},{"floor":29,"key":"Enchiridion"},{"floor":41,"key":"Oddly Smooth Stone"},{"floor":43,"key":"Ancient Tea Set"},{"floor":44,"key":"MealTicket"},{"floor":46,"key":"Whetstone"}],"event_choices":[{"damage_healed":0,"gold_gain":75,"player_choice":"Gather Gold","damage_taken":11,"max_hp_gain":0,"max_hp_loss":0,"event_name":"World of Goop","floor":3,"gold_loss":0},{"damage_healed":0,"gold_gain":0,"player_choice":"Success","damage_taken":3,"relics_obtained":["Thread and Needle"],"max_hp_gain":0,"max_hp_loss":0,"event_name":"Scrap Ooze","floor":5,"gold_loss":0},{"damage_healed":0,"gold_gain":99,"player_choice":"Stole From Cult","damage_taken":0,"max_hp_gain":0,"max_hp_loss":0,"event_name":"Nest","floor":25,"gold_loss":0},{"damage_healed":0,"gold_gain":0,"player_choice":"Fought Bandits","damage_taken":0,"max_hp_gain":0,"max_hp_loss":0,"event_name":"Masked Bandits","floor":27,"gold_loss":0},{"damage_healed":0,"gold_gain":0,"player_choice":"Obtained Book","damage_taken":16,"max_hp_gain":0,"max_hp_loss":0,"event_name":"Cursed Tome","floor":29,"gold_loss":0},{"cards_removed":["Defend_R"],"damage_healed":0,"gold_gain":0,"player_choice":"Removed Skill","damage_taken":0,"max_hp_gain":0,"max_hp_loss":0,"event_name":"Falling","floor":48,"gold_loss":0}],"is_beta":false,"boss_relics":[{"not_picked":["ChewingGum","Velvet Choker"],"picked":"Abe\u0027s Treasure"},{"not_picked":["Calling Bell","Replay:Wanted Poster"],"picked":"Cursed Key"}],"items_purged_floors":[19,30],"is_endless":false,"potions_floor_spawned":[1,4,11,12,16,21,23,27,28,31,36,39,41,44],"ascension_level":1}}