{"host":"92108ef2q9tm8rod","time":1609996814,"event":{"mods":["BaseMod","Defuse TimeMaze Blight","Minty Spire (QoL Compilation)","StSLib","The Jungle"],"gold_per_floor":[114,128,138,138,149,149,182,28,106,106,131,147,147,164,164,264,264,282,282,293,293,305,305,305,334,334,344,200,48,60,72,72,177,177,187,207,61,76,126,126,154,154,154,0,0,13,13,47,47,47],"floor_reached":51,"playtime":2343,"items_purged":["Leap"],"score":887,"play_id":"deed2a92-21e0-485f-9e95-d43f0597670d","local_time":"20210107052014","daily_mods":["SealedDeck","Red Cards","Heirloom","Flight"],"is_ascension_mode":false,"campfire_choices":[{"data":"Iron Wave","floor":6.0,"key":"SMITH"},{"data":"Gash","floor":10.0,"key":"SMITH"},{"data":"Loop","floor":15.0,"key":"SMITH"},{"floor":23.0,"key":"DIG"},{"data":"Whirlwind","floor":24.0,"key":"SMITH"},{"data":"Blizzard","floor":32,"key":"SMITH"},{"data":"Glacier","floor":40,"key":"SMITH"},{"floor":42,"key":"DIG"},{"floor":45,"key":"DIG"},{"floor":49,"key":"REST"}],"circlet_count":0,"master_deck":["Shrug It Off","Leap","Iron Wave+1","Iron Wave","Pommel Strike","Cold Snap","Cold Snap","Glacier+1","Body Slam+1","Gash+1","Whirlwind+1","Loop+1","Limit Break+1","Defragment+1","Blizzard+1","BootSequence+1","Flex+1"],"relics":["Cracked Core","Dead Branch","StoneCalendar","Medical Kit","Toxic Egg 2","Lantern","Nuclear Battery","Shovel","Toy Ornithopter","Centennial Puzzle","White Beast Statue","Chemical X","Potion Belt","Du-Vu Doll","Torii","Strawberry","StrikeDummy","Red Mask","Gremlin Horn","Oddly Smooth Stone"],"acts_visited":["Exordium","Exordium","TheBeyond"],"potions_floor_usage":[41,46,48,50,50,50,50],"damage_taken":[{"damage":0.0,"enemies":"Jaw Worm","floor":1.0,"turns":3.0},{"damage":0.0,"enemies":"Small Slimes","floor":2.0,"turns":3.0},{"damage":0.0,"enemies":"Cultist","floor":3.0,"turns":3.0},{"damage":0.0,"enemies":"Large Slime","floor":5.0,"turns":4.0},{"damage":0.0,"enemies":"Gremlin Nob","floor":7.0,"turns":4.0},{"damage":0.0,"enemies":"3 Sentries","floor":11.0,"turns":6.0},{"damage":0.0,"enemies":"Looter","floor":12.0,"turns":2.0},{"damage":0.0,"enemies":"3 Louse","floor":14.0,"turns":2.0},{"damage":5.0,"enemies":"Slime Boss","floor":16.0,"turns":7.0},{"damage":1.0,"enemies":"Shell Parasite","floor":18.0,"turns":3.0},{"damage":1.0,"enemies":"theJungle:Flameango_and_Byrd","floor":20.0,"turns":4.0},{"damage":0.0,"enemies":"theJungle:2_Snecko_Cultists","floor":22.0,"turns":4.0},{"damage":10.0,"enemies":"theJungle:2_Phrogs","floor":25.0,"turns":6.0},{"damage":0.0,"enemies":"theJungle:Snecko_Cultist_And_Trap","floor":27.0,"turns":7.0},{"damage":0.0,"enemies":"theJungle:JungleHuntersEncounter","floor":30.0,"turns":3.0},{"damage":0.0,"enemies":"theJungle:2_Snecko_Cultists","floor":31.0,"turns":2.0},{"damage":0,"enemies":"theJungle:FunGuy","floor":33,"turns":11},{"damage":0,"enemies":"Orb Walker","floor":35,"turns":3},{"damage":12,"enemies":"3 Darklings","floor":36,"turns":3},{"damage":15,"enemies":"4 Shapes","floor":38,"turns":4},{"damage":3,"enemies":"Mind Bloom Boss Battle","floor":39,"turns":6},{"damage":0,"enemies":"Nemesis","floor":41,"turns":7},{"damage":0,"enemies":"Sphere and 2 Shapes","floor":46,"turns":1},{"damage":0,"enemies":"Giant Head","floor":48,"turns":6},{"damage":19,"enemies":"Awakened One","floor":50,"turns":10}],"seed_played":"6604500769592007685","potions_obtained":[{"floor":2.0,"key":"Dexterity Potion"},{"floor":5.0,"key":"SkillPotion"},{"floor":14.0,"key":"FocusPotion"},{"floor":27.0,"key":"LiquidMemories"},{"floor":30.0,"key":"DuplicationPotion"},{"floor":33,"key":"PowerPotion"},{"floor":36,"key":"EssenceOfSteel"},{"floor":38,"key":"Dexterity Potion"},{"floor":39,"key":"Strength Potion"},{"floor":41,"key":"FearPotion"},{"floor":46,"key":"GamblersBrew"},{"floor":48,"key":"FearPotion"}],"is_trial":true,"path_per_floor":["M","M","M","?","M","R","E","$","T","R","E","M","?","M","R","B",null,"M","$","M","?","M","R","R","E","T","M","$","$","M","M","R","B",null,"M","M","$","M","?","R","E","R","T","?","R","M","?","E","R","B",null],"character_chosen":"DEFECT","items_purchased":["Medical Kit","Blizzard","Chemical X","Potion Belt"],"campfire_rested":1,"item_purchase_floors":[8,28,29,37],"current_hp_per_floor":[75,75,75,75,75,75,75,75,75,75,75,75,75,75,75,70,75,74,74,73,59,59,59,59,59,59,59,59,59,59,59,59,59,75,75,63,63,48,45,45,50,57,57,57,57,62,62,67,82,68],"gold":47,"neow_bonus":"","is_daily":false,"chose_seed":false,"campfire_upgraded":6,"win_rate":0.0,"timestamp":1609996814,"path_taken":["M","M","M","?","M","R","E","$","T","R","E","M","?","M","R","BOSS","M","$","M","?","M","R","R","E","T","M","$","$","M","M","R","BOSS","M","M","$","M","?","R","E","R","T","?","R","M","?","E","R","BOSS"],"items_purchased_type":["Relic","Card","Relic","Relic"],"build_version":"2020-12-22","purchased_purges":1,"victory":true,"max_hp_per_floor":[75,75,75,75,75,75,75,75,75,75,75,75,75,75,75,75,75,75,75,75,75,75,75,75,75,75,75,75,75,75,75,75,75,75,75,75,75,75,75,75,75,82,82,82,82,82,82,82,82,82],"card_choices":[{"not_picked":["True Grit","Rebound","Consume"],"picked":"SKIP","floor":1.0},{"not_picked":["Headbutt","Streamline","Steam"],"picked":"SKIP","floor":2.0},{"not_picked":["Wild Strike","Doom and Gloom","Perfected Strike"],"picked":"SKIP","floor":3.0},{"not_picked":["Go for the Eyes","Ball Lightning"],"picked":"Gash","floor":5.0},{"not_picked":["Reboot","Combust","Barrage"],"picked":"SKIP","floor":7.0},{"not_picked":["Reboot","Combust","Barrage"],"picked":"SKIP","floor":7.0},{"not_picked":["Clash","Sword Boomerang"],"picked":"Whirlwind","floor":11.0},{"not_picked":["Second Wind+1","Beam Cell"],"picked":"Loop","floor":12.0},{"not_picked":["Hemokinesis","Hello World","Cleave"],"picked":"SKIP","floor":14.0},{"not_picked":["Berserk","Electrodynamics"],"picked":"Limit Break+1","floor":16.0},{"not_picked":["Lockon","Turbo+1","Heavy Blade+1"],"picked":"SKIP","floor":18.0},{"not_picked":["Battle Trance+1","Coolheaded+1","Turbo+1"],"picked":"SKIP","floor":20.0},{"not_picked":["Stack+1","Heavy Blade+1","Headbutt"],"picked":"SKIP","floor":22.0},{"not_picked":["Turbo+1","Fiend Fire"],"picked":"Defragment+1","floor":25.0},{"not_picked":["Battle Trance+1","Whirlwind+1","Barrage"],"picked":"SKIP","floor":27.0},{"not_picked":["Armaments+1","Pommel Strike"],"picked":"BootSequence+1","floor":30.0},{"not_picked":["Twin Strike","Leap+1","Rage+1"],"picked":"SKIP","floor":31.0},{"not_picked":["True Grit+1","Leap+1"],"picked":"Flex+1","floor":35},{"not_picked":["Armaments+1","Perfected Strike+1","Clash+1"],"picked":"SKIP","floor":36},{"not_picked":["Clothesline","Reprogram+1","Sword Boomerang"],"picked":"SKIP","floor":38},{"not_picked":["Conserve Battery+1","Cleave+1","Limit Break+1"],"picked":"SKIP","floor":41},{"not_picked":["Compile Driver+1","Self Repair+1","Wild Strike+1"],"picked":"SKIP","floor":46},{"not_picked":["Compile Driver+1","Streamline+1","All For One"],"picked":"SKIP","floor":48}],"player_experience":3249446,"relics_obtained":[{"floor":7.0,"key":"StoneCalendar"},{"floor":9.0,"key":"Toxic Egg 2"},{"floor":11.0,"key":"Lantern"},{"floor":23.0,"key":"Toy Ornithopter"},{"floor":25.0,"key":"Centennial Puzzle"},{"floor":26.0,"key":"White Beast Statue"},{"floor":39,"key":"Du-Vu Doll"},{"floor":41,"key":"Torii"},{"floor":42,"key":"Strawberry"},{"floor":43,"key":"StrikeDummy"},{"floor":45,"key":"Gremlin Horn"},{"floor":48,"key":"Oddly Smooth Stone"}],"event_choices":[{"damage_healed":0.0,"max_hp_gain":0.0,"max_hp_loss":0.0,"gold_gain":0.0,"event_name":"Living Wall","player_choice":"Grow","floor":4.0,"gold_loss":0.0,"damage_taken":0.0,"cards_upgraded":["Body Slam"]},{"damage_healed":0.0,"max_hp_gain":0.0,"max_hp_loss":0.0,"gold_gain":0.0,"event_name":"The Cleric","player_choice":"Leave","floor":13.0,"gold_loss":0.0,"damage_taken":0.0},{"damage_healed":0,"gold_gain":0,"player_choice":"Fight","damage_taken":0,"max_hp_gain":0,"max_hp_loss":0,"event_name":"MindBloom","floor":39,"gold_loss":0},{"damage_healed":0,"gold_gain":0,"player_choice":"Paid","damage_taken":0,"relics_obtained":["Red Mask"],"max_hp_gain":0,"max_hp_loss":0,"event_name":"Tomb of Lord Red Mask","floor":44,"gold_loss":154},{"damage_healed":0,"gold_gain":0,"player_choice":"Ignored","damage_taken":0,"max_hp_gain":0,"max_hp_loss":0,"event_name":"Transmorgrifier","floor":47,"gold_loss":0}],"is_beta":false,"boss_relics":[{"not_picked":["SacredBark","Velvet Choker"],"picked":"Nuclear Battery"},{"not_picked":["Sozu","Cursed Key","Runic Pyramid"]}],"items_purged_floors":[28],"is_endless":false,"potions_floor_spawned":[2,5,14,27,30,31,33,35,36,38,39,41,46,48],"ascension_level":0}}