{"host":"xrbutm0tzv4qwo7u","time":1609991377,"event":{"mods":["AchievementEnabler","BaseMod","Colored Powertips","Hermit","Minty Spire (QoL Compilation)","StSLib","The Cursed","The Marked"],"gold_per_floor":[368,368,368,368,28,28,39,53,80,80,80,99,99,113,113,214,214,228,241,241,256,276,276,308,308,308,319,418,140,150,65,65,65,65],"floor_reached":33,"playtime":2030,"items_purged":["Decay"],"score":257,"play_id":"3b3efc24-3dc8-4ae2-b994-6ab64446b2b1","local_time":"20210106214937","is_ascension_mode":false,"campfire_choices":[{"data":"Bash","floor":6,"key":"SMITH"},{"data":"Heavy Blade","floor":11,"key":"SMITH"},{"data":"Inflame","floor":15,"key":"SMITH"},{"floor":23,"key":"REST"},{"floor":25,"key":"REST"},{"data":"Bludgeon","floor":32,"key":"SMITH"}],"circlet_count":0,"master_deck":["Strike_R","Strike_R","Strike_R","Strike_R","Strike_R+1","Defend_R+1","Defend_R","Defend_R","Defend_R","Bash+1","Inflame+1","Cleave","PanicButton","Heavy Blade+1","Heavy Blade","Pommel Strike","Bludgeon+1","Reaper","Spot Weakness+1","Flex","Perfected Strike","Rage","Uppercut+1","Iron Wave+1","Armaments+1","Good Instincts+1","Armaments+1"],"relics":["Burning Blood","Unceasing Top","Bronze Scales","Omamori","Calling Bell","Nunchaku","InkBottle","Bird Faced Urn","Boot","Toxic Egg 2","Lee\u0027s Waffle","WingedGreaves"],"acts_visited":["Exordium","TheCity"],"potions_floor_usage":[22,22,27,27,30],"damage_taken":[{"damage":0.0,"enemies":"2 Louse","floor":1.0,"turns":3.0},{"damage":0,"enemies":"Small Slimes","floor":7,"turns":2},{"damage":0,"enemies":"Cultist","floor":8,"turns":2},{"damage":4,"enemies":"Large Slime","floor":12,"turns":6},{"damage":0,"enemies":"3 Louse","floor":14,"turns":2},{"damage":37,"enemies":"Slime Boss","floor":16,"turns":11},{"damage":0,"enemies":"Chosen","floor":18,"turns":4},{"damage":26,"enemies":"2 Thieves","floor":19,"turns":4},{"damage":49,"enemies":"Sentry and Sphere","floor":21,"turns":6},{"damage":44,"enemies":"Centurion and Healer","floor":22,"turns":6},{"damage":53,"enemies":"Book of Stabbing","floor":24,"turns":5},{"damage":15,"enemies":"Snake Plant","floor":27,"turns":4},{"damage":18,"enemies":"Chosen and Byrds","floor":30,"turns":5},{"damage":88,"enemies":"Champ","floor":33,"turns":14}],"seed_played":"1564258041440135964","potions_obtained":[{"floor":1.0,"key":"ColorlessPotion"},{"floor":12,"key":"Block Potion"},{"floor":19,"key":"Regen Potion"},{"floor":24,"key":"GamblersBrew"},{"floor":27,"key":"Fruit Juice"}],"is_trial":false,"path_per_floor":["M","?","?","?","$","R","M","M","T","?","R","M","?","M","R","B",null,"M","M","?","M","M","R","E","R","T","M","?","$","M","?","R","B"],"character_chosen":"IRONCLAD","items_purchased":["Bronze Scales","Cleave","PanicButton","Armaments+1","Lee\u0027s Waffle","Good Instincts+1"],"campfire_rested":2,"item_purchase_floors":[5,5,5,29,29,29],"current_hp_per_floor":[80,80,80,80,80,80,80,80,80,64,64,66,66,72,72,41,80,80,62,62,25,19,43,9,33,33,39,39,92,80,80,80,0,0],"gold":65,"neow_bonus":"TWO_FIFTY_GOLD","is_daily":false,"chose_seed":false,"campfire_upgraded":4,"win_rate":0.0,"timestamp":1609991377,"path_taken":["M","?","?","?","$","R","M","?","T","?","R","M","?","M","R","BOSS","M","?","?","?","?","R","E","R","T","M","?","$","M","?","R","BOSS"],"items_purchased_type":["Relic","Card","Card","Card","Relic","Card"],"build_version":"2020-12-22","purchased_purges":1,"victory":false,"max_hp_per_floor":[80,80,80,80,80,80,80,80,80,80,80,80,80,80,80,80,80,80,80,80,80,80,80,80,80,80,85,85,92,92,92,92,92,92],"card_choices":[{"not_picked":["Anger","Perfected Strike"],"picked":"Inflame","floor":1.0},{"not_picked":["Pommel Strike","Armaments"],"picked":"Heavy Blade","floor":7},{"not_picked":["Dropkick","Thunderclap"],"picked":"Heavy Blade","floor":8},{"not_picked":["Shockwave","True Grit"],"picked":"Pommel Strike","floor":12},{"not_picked":["Clash","Feel No Pain"],"picked":"Bludgeon","floor":14},{"not_picked":["Juggernaut","Offering"],"picked":"Reaper","floor":16},{"not_picked":["Warcry","Flame Barrier"],"picked":"Spot Weakness+1","floor":18},{"not_picked":["Spot Weakness","Carnage"],"picked":"Flex","floor":19},{"not_picked":["True Grit","Flex"],"picked":"Perfected Strike","floor":21},{"not_picked":["Clothesline+1","Body Slam"],"picked":"Rage","floor":22},{"not_picked":["Pommel Strike","Warcry"],"picked":"Uppercut+1","floor":24},{"not_picked":["Sever Soul","True Grit+1"],"picked":"Iron Wave+1","floor":27},{"not_picked":["Sword Boomerang+1","True Grit+1"],"picked":"Armaments+1","floor":30}],"player_experience":18580,"relics_obtained":[{"floor":9,"key":"Omamori"},{"floor":17,"key":"Nunchaku"},{"floor":17,"key":"InkBottle"},{"floor":17,"key":"Bird Faced Urn"},{"floor":24,"key":"Boot"},{"floor":26,"key":"Toxic Egg 2"}],"event_choices":[{"damage_healed":0.0,"max_hp_gain":0.0,"max_hp_loss":0.0,"gold_gain":0.0,"event_name":"Big Fish","player_choice":"Box","floor":2.0,"gold_loss":0.0,"damage_taken":0.0,"relics_obtained":["Unceasing Top"],"cards_obtained":["Regret"]},{"cards_removed":["Regret"],"damage_healed":0,"gold_gain":0,"player_choice":"Forget","damage_taken":0,"max_hp_gain":0,"max_hp_loss":0,"event_name":"Living Wall","floor":3,"gold_loss":0},{"damage_healed":0,"gold_gain":0,"player_choice":"1 cards matched","damage_taken":0,"max_hp_gain":0,"max_hp_loss":0,"event_name":"Match and Keep!","floor":4,"gold_loss":0,"cards_obtained":["True Grit"]},{"damage_healed":0,"gold_gain":0,"player_choice":"Entered Light","damage_taken":16,"max_hp_gain":0,"max_hp_loss":0,"event_name":"Shining Light","floor":10,"gold_loss":0,"cards_upgraded":["Defend_R","Strike_R"]},{"cards_removed":["True Grit"],"damage_healed":0,"gold_gain":0,"player_choice":"Purged","damage_taken":0,"max_hp_gain":0,"max_hp_loss":0,"event_name":"Purifier","floor":13,"gold_loss":0},{"damage_healed":0,"gold_gain":0,"player_choice":"Bought 0 Potions","damage_taken":0,"max_hp_gain":0,"max_hp_loss":0,"event_name":"The Woman in Blue","floor":20,"gold_loss":0},{"damage_healed":0,"gold_gain":99,"player_choice":"Stole From Cult","damage_taken":0,"max_hp_gain":0,"max_hp_loss":0,"event_name":"Nest","floor":28,"gold_loss":0},{"damage_healed":0,"gold_gain":0,"player_choice":"Obtained Relic","damage_taken":0,"relics_obtained":["WingedGreaves"],"max_hp_gain":0,"max_hp_loss":0,"event_name":"Addict","floor":31,"gold_loss":85}],"is_beta":false,"boss_relics":[{"not_picked":["Tiny House","Black Blood"],"picked":"Calling Bell"}],"items_purged_floors":[5],"is_endless":false,"potions_floor_spawned":[1,12,19,24,27],"killed_by":"Champ","ascension_level":0}}