{"host":"ikjt6v4q6zrcj3if","time":1609984654,"event":{"mods":["BaseMod","CapriCore","Colored Map","Downfall","Duelist Mod","Luminous","Minty Spire (QoL Compilation)","Permanent Neow","Quick Restart","Replay The Spire","Robot Space Explorer","Somnambulant","StSLib","SuperFastMode","The Construct","The Exalted","The Marked","The Necromancer","The Runesmith"],"gold_per_floor":[144,144,155,74,84,111,111,111,111,111,137,153,153,166,196,212,212,314,314,327,346,346,445,19,19,33,33,59,93,93,43,57,68,68,164,164,182,182,195,195,195,195,18,28,28,81,81,101,101,101,101,101],"floor_reached":53,"playtime":3748,"items_purged":["theDuelist:CastleWalls","theDuelist:CurseAging"],"score":710,"play_id":"a0620855-b25c-4dba-8297-572d8a8a8fe1","local_time":"20210107105734","is_ascension_mode":false,"campfire_choices":[{"data":"theDuelist:ImperialOrder","floor":7,"key":"SMITH"},{"data":"theDuelist:Sparks","floor":13,"key":"SMITH"},{"data":"theDuelist:MagnumShield+1","floor":17,"key":"SMITH"},{"data":"theDuelist:FinalFlame","floor":25,"key":"SMITH"},{"data":"theDuelist:Wiretap","floor":27,"key":"SMITH"},{"data":"theDuelist:GridRod","floor":30,"key":"SMITH"},{"data":"theDuelist:BerserkerCrush+1","floor":34,"key":"SMITH"},{"data":"theDuelist:BerserkerCrush+2","floor":42,"key":"SMITH"},{"data":"theDuelist:WhiteHowling","floor":49,"key":"SMITH"},{"data":"theDuelist:BerserkerCrush+3","floor":51,"key":"SMITH"}],"circlet_count":0,"master_deck":["theDuelist:BeaverWarrior","theDuelist:BeaverWarrior","theDuelist:FinalFlame+1","theDuelist:GiantSoldier","theDuelist:GiantSoldier","theDuelist:ScrapFactory","theDuelist:Sparks","theDuelist:Sparks","theDuelist:AmuletAmbition","theDuelist:Tuningware","theDuelist:MagnumShield+2","theDuelist:ImperialOrder+1","theDuelist:Tuningware","theDuelist:BerserkerCrush","theDuelist:Eva","theDuelist:FusionWeapon","theDuelist:GridRod+1","theDuelist:BlockGolem+1","theDuelist:ElectromagneticShield+1","theDuelist:Wiretap+1","theDuelist:BerserkerCrush+4","theDuelist:KamionTimelord","theDuelist:ElectromagneticShield+1","theDuelist:WhiteHowling+1","theDuelist:MillenniumShield","theDuelist:FusionWeapon"],"relics":["theDuelist:MillenniumPuzzle","theDuelist:CardPoolRelic","theDuelist:CardPoolBasicRelic","theDuelist:BoosterPackPoolRelic","theDuelist:CardPoolAddRelic","theDuelist:CardPoolMinusRelic","theDuelist:CardPoolSaveRelic","theDuelist:CardPoolOptionsRelic","Replay:Mystery Machine","Simple Rune","StoneCalendar","Inserter","theDuelist:ZoneToken","theDuelist:ElectricToken","Bronze Scales","MealTicket","HoveringKite","theDuelist:MillenniumPrayerbook","theDuelist:BoosterBetterBoostersRelic","Replay:Byrd Feeder","Byrd Skull","Counterbalance","Mercury Hourglass"],"acts_visited":["Exordium","TheCity","TheBeyond"],"potions_floor_usage":[15,15,18],"damage_taken":[{"damage":1,"enemies":"Small Slimes","floor":1,"turns":5},{"damage":0,"enemies":"Cultist","floor":3,"turns":4},{"damage":0,"enemies":"Jaw Worm","floor":5,"turns":4},{"damage":9,"enemies":"Lagavulin","floor":6,"turns":8},{"damage":0,"enemies":"Red Slaver","floor":12,"turns":3},{"damage":0,"enemies":"2 Fungi Beasts","floor":14,"turns":3},{"damage":7,"enemies":"Gremlin Nob","floor":15,"turns":6},{"damage":0,"enemies":"Large Slime","floor":16,"turns":5},{"damage":8,"enemies":"Slime Boss","floor":18,"turns":9},{"damage":0,"enemies":"Spheric Guardian","floor":20,"turns":6},{"damage":0,"enemies":"Shell Parasite","floor":21,"turns":7},{"damage":0,"enemies":"Shelled Parasite and Fungi","floor":26,"turns":5},{"damage":0,"enemies":"Book of Stabbing","floor":29,"turns":4},{"damage":0,"enemies":"Snake Plant","floor":32,"turns":3},{"damage":0,"enemies":"Snecko","floor":33,"turns":4},{"damage":0,"enemies":"Collector","floor":35,"turns":9},{"damage":0,"enemies":"3 Shapes","floor":37,"turns":4},{"damage":0,"enemies":"3 Darklings","floor":39,"turns":4},{"damage":0,"enemies":"4 Shapes","floor":44,"turns":3},{"damage":0,"enemies":"4 Shapes","floor":46,"turns":6},{"damage":0,"enemies":"Writhing Mass","floor":48,"turns":7},{"damage":8,"enemies":"Donu and Deca","floor":52,"turns":7}],"seed_played":"-2818431829953871496","potions_obtained":[{"floor":3,"key":"theDuelist:GiftPotion"},{"floor":5,"key":"theDuelist:EarthBottle"},{"floor":12,"key":"Fruit Juice"},{"floor":15,"key":"theDuelist:SealedPack"},{"floor":16,"key":"GamblersBrew"},{"floor":18,"key":"Milkshake"}],"is_trial":false,"path_per_floor":["M","?","M","$","M","E","R","?","PTL","PTL","T","M","R","M","E","M","R","B",null,"M","M","?","?","$","R","M","R","T","E","R","?","M","M","R","B",null,"M","?","M","?","?","R","$","M","T","?","?","M","R","T","R","B",null],"character_chosen":"THE_DUELIST","items_purchased":["theDuelist:ImperialOrder","theDuelist:ElectromagneticShield+1","theDuelist:ElectricToken","theDuelist:WhiteHowling"],"campfire_rested":0,"item_purchase_floors":[4,24,24,43],"current_hp_per_floor":[79,79,79,79,79,70,70,70,70,70,70,70,70,70,68,68,68,74,85,85,85,79,79,79,79,79,79,79,79,79,79,79,79,79,79,85,85,85,85,85,85,85,85,85,85,85,85,85,85,85,85,77],"gold":101,"neow_bonus":"ONE_RANDOM_RARE_CARD","is_daily":false,"chose_seed":false,"campfire_upgraded":10,"win_rate":0.0,"timestamp":1609984654,"path_taken":["M","?","M","$","?","E","R","?","PTL","PTL","T","M","R","?","E","M","R","BOSS","M","M","?","?","$","R","M","R","T","E","R","?","?","M","R","BOSS","M","?","M","?","?","R","$","M","T","?","?","M","R","?","R","BOSS"],"items_purchased_type":["Card","Card","Card","Card"],"build_version":"2020-12-22","purchased_purges":2,"victory":true,"max_hp_per_floor":[80,80,80,80,80,80,80,80,80,80,80,80,80,80,85,85,85,85,85,85,85,85,85,85,85,85,85,85,85,85,85,85,85,85,85,85,85,85,85,85,85,85,85,85,85,85,85,85,85,85,85,85],"card_choices":[{"not_picked":["theDuelist:DoubleTool","theDuelist:RainbowNeos","theDuelist:AfterTheStorm","theDuelist:Reinforcements"],"picked":"theDuelist:Tuningware","floor":1},{"not_picked":["theDuelist:VenomShot+1","theDuelist:Hinotama+1","theDuelist:FuryFire+1","theDuelist:CoreBlaster+1"],"picked":"theDuelist:MagnumShield+1","floor":3},{"not_picked":["theDuelist:MeteorDestruction","theDuelist:RainbowNeos","theDuelist:DarkBurningAttack","theDuelist:PowerWall","theDuelist:Predaponics"],"picked":"SKIP","floor":5},{"not_picked":["theDuelist:CombinationAttack","theDuelist:WhiteMagicalHat","theDuelist:ScrapFactory","theDuelist:SpiritHarp"],"picked":"theDuelist:Tuningware","floor":6},{"not_picked":["theDuelist:BigFire","theDuelist:WhiteMagicalHat","theDuelist:WormApocalypse","theDuelist:CoreBlaster","theDuelist:SparkBlaster"],"picked":"SKIP","floor":12},{"not_picked":["theDuelist:InfernoFireBlast","theDuelist:AncientGearFist","theDuelist:DarkBurningAttack","theDuelist:BlackPendant"],"picked":"theDuelist:BerserkerCrush","floor":14},{"not_picked":["theDuelist:RainbowNeos","theDuelist:BlueBloodedOni","theDuelist:RainbowOverdragon","theDuelist:RedHeadedOni"],"picked":"theDuelist:Eva","floor":15},{"not_picked":["theDuelist:DoubleTool","theDuelist:PowerKaishin","theDuelist:Tuningware","theDuelist:SpellShatteringArrow"],"picked":"theDuelist:FusionWeapon","floor":16},{"not_picked":["theDuelist:LightningBlade","theDuelist:LightLaser","theDuelist:InstantFusion","theDuelist:GravityLash"],"picked":"theDuelist:GridRod","floor":18},{"not_picked":["theDuelist:GraniteLoyalist+1","theDuelist:GiantSoldierSteel","theDuelist:DarklordSuperbia","theDuelist:Hinotama"],"picked":"theDuelist:BlockGolem+1","floor":20},{"not_picked":["theDuelist:RainbowNeos","theDuelist:AfterTheStorm","theDuelist:SpiritHarp","theDuelist:MagnumShield","theDuelist:MeteorDestruction"],"picked":"SKIP","floor":21},{"not_picked":["theDuelist:FusionFire","theDuelist:FluteKuriboh","theDuelist:PreventRat","theDuelist:GiantTrunade"],"picked":"theDuelist:Wiretap","floor":26},{"not_picked":["theDuelist:Wiretap+1","theDuelist:InfernoFireBlast+1","theDuelist:CoreBlaster+1","theDuelist:AncientGearFist+1"],"picked":"theDuelist:BerserkerCrush+1","floor":29},{"not_picked":["theDuelist:DoubleTool","theDuelist:PowerWall","theDuelist:Tuningware","theDuelist:BigFire","theDuelist:GiantTrunade"],"picked":"SKIP","floor":32},{"not_picked":["theDuelist:SpellShatteringArrow","theDuelist:MeteorDestruction","theDuelist:DoubleTool+1","theDuelist:CoreBlaster+1","theDuelist:Sangan"],"picked":"SKIP","floor":33},{"not_picked":["theDuelist:SevenCompleted","theDuelist:Raigeki","theDuelist:ForbiddenLance","theDuelist:AmuletAmbition"],"picked":"theDuelist:KamionTimelord","floor":35},{"not_picked":["theDuelist:MythicalBeast+1","theDuelist:InfernoFireBlast+1","theDuelist:KamionTimelord+1"],"picked":"SKIP","floor":37},{"not_picked":["theDuelist:PowerGiant+1","theDuelist:ScrapFactory+1","theDuelist:WeepingIdol+1","theDuelist:DianKeto","theDuelist:StrayLambs"],"picked":"SKIP","floor":39},{"not_picked":["theDuelist:CombinationAttack+1","theDuelist:PotDuality+1","theDuelist:GravityAxe+1","theDuelist:LightningVortex+1"],"picked":"theDuelist:ElectromagneticShield+1","floor":40},{"not_picked":["theDuelist:VendreadCharge+1","theDuelist:Tuningware","theDuelist:MythicalBeast+1","theDuelist:LegendarySword+1","theDuelist:BerserkerCrush"],"picked":"SKIP","floor":44},{"not_picked":["theDuelist:SwordsRevealing","theDuelist:SevenCompleted"],"picked":"theDuelist:MillenniumShield","floor":46},{"not_picked":["theDuelist:CombinationAttack","theDuelist:StarBlast","theDuelist:GravityBlaster","theDuelist:Wildfire+2"],"picked":"theDuelist:FusionWeapon","floor":48}],"player_experience":382255,"relics_obtained":[{"floor":6,"key":"Replay:Mystery Machine"},{"floor":11,"key":"Simple Rune"},{"floor":15,"key":"StoneCalendar"},{"floor":28,"key":"Bronze Scales"},{"floor":29,"key":"MealTicket"},{"floor":45,"key":"theDuelist:BoosterBetterBoostersRelic"},{"floor":46,"key":"Replay:Byrd Feeder"},{"floor":46,"key":"Byrd Skull"},{"floor":46,"key":"Counterbalance"},{"floor":50,"key":"Mercury Hourglass"}],"event_choices":[{"cards_removed":["theDuelist:CastleWalls"],"damage_healed":0,"gold_gain":0,"player_choice":"Card Removal","damage_taken":0,"max_hp_gain":0,"max_hp_loss":0,"event_name":"Wheel of Change","floor":2,"gold_loss":0},{"damage_healed":0,"gold_gain":0,"player_choice":"0 cards matched","damage_taken":0,"max_hp_gain":0,"max_hp_loss":0,"event_name":"Match and Keep!","floor":8,"gold_loss":0,"cards_obtained":[]},{"damage_healed":0,"gold_gain":0,"player_choice":"Dig - random Duelist relic","duelist":true,"damage_taken":0,"max_hp_gain":0,"max_hp_loss":0,"event_name":"Aknamkanon\u0027s Tomb","floor":22,"gold_loss":0},{"damage_healed":0,"gold_gain":99,"player_choice":"Stole From Cult","damage_taken":0,"max_hp_gain":0,"max_hp_loss":0,"event_name":"Nest","floor":23,"gold_loss":0},{"damage_healed":0,"gold_gain":0,"player_choice":"Bet on Owner","damage_taken":0,"max_hp_gain":0,"max_hp_loss":0,"event_name":"The Joust","floor":31,"gold_loss":50},{"total_magic_score":93,"gold_gain":0,"duelist":true,"damage_taken":0,"relics_obtained":[],"points":3,"max_hp_gain":0,"max_hp_loss":0,"spent_points":{"magic":1,"greed":0,"war":0,"power":1,"hunger":1},"event_name":"Nameless Tomb","floor":38,"gold_loss":0,"cards_obtained":[]},{"damage_healed":0,"gold_gain":0,"player_choice":"Memory 1","damage_taken":0,"max_hp_gain":0,"max_hp_loss":0,"event_name":"SensoryStone","floor":40,"gold_loss":0},{"damage_healed":0,"gold_gain":0,"player_choice":"Took item - Received: Millennium Prayerbook","duelist":true,"damage_taken":0,"max_hp_gain":0,"max_hp_loss":0,"event_name":"Millennium Items","floor":41,"gold_loss":0},{"damage_healed":0,"gold_gain":0,"player_choice":"Fight","duelist":true,"damage_taken":0,"max_hp_gain":0,"max_hp_loss":0,"event_name":"Battle City","floor":46,"gold_loss":0},{"damage_healed":0,"gold_gain":0,"player_choice":"Leave","duelist":true,"damage_taken":0,"max_hp_gain":0,"max_hp_loss":0,"event_name":"Egyptian Village","floor":47,"gold_loss":0}],"is_beta":false,"boss_relics":[{"not_picked":["ReplayTheSpireMod:DimensionalGlitch","Replay:Drink Me"],"picked":"Inserter"},{"not_picked":["theDuelist:HauntedRelic","Snecko Eye"],"picked":"HoveringKite"}],"items_purged_floors":[24,43],"is_endless":false,"potions_floor_spawned":[3,5,12,15,16,18,26,33,35,37,44,48],"ascension_level":0}}