{"host":"q0qnzbgdx8oqogg9","time":1609993417,"event":{"mods":["BaseMod","Minty Spire (QoL Compilation)","Slay-I","StSLib"],"gold_per_floor":[110,129,139,158,158,187,204,219,219,247,247,282,295,310,310,310,310],"floor_reached":16,"playtime":734,"items_purged":[],"score":189,"play_id":"49954401-4533-4c77-a38a-cd7006518632","local_time":"20210106232337","is_ascension_mode":true,"campfire_choices":[{"data":"Neutralize","floor":15,"key":"SMITH"}],"circlet_count":0,"master_deck":["AscendersBane","Strike_G","Strike_G","Strike_G","Strike_G","Strike_G","Defend_G","Defend_G","Defend_G","Defend_G","Defend_G","Survivor","Neutralize+1","Deadly Poison","Dagger Throw","Skewer","Poisoned Stab","Footwork","Cloak And Dagger","Venomology","Dodge and Roll"],"relics":["Ring of the Snake","Toy Ornithopter","PreservedInsect","Lantern","Strawberry"],"acts_visited":["Exordium"],"potions_floor_usage":[7,10,10,12,13,14],"damage_taken":[{"damage":0,"enemies":"Jaw Worm","floor":1,"turns":4},{"damage":0,"enemies":"Cultist","floor":2,"turns":3},{"damage":2,"enemies":"Small Slimes","floor":3,"turns":3},{"damage":9,"enemies":"3 Louse","floor":4,"turns":4},{"damage":32,"enemies":"Lagavulin","floor":6,"turns":7},{"damage":8,"enemies":"Exordium Wildlife","floor":7,"turns":4},{"damage":13,"enemies":"Blue Slaver","floor":8,"turns":4},{"damage":6,"enemies":"Gremlin Nob","floor":10,"turns":3},{"damage":16,"enemies":"Lagavulin","floor":12,"turns":8},{"damage":19,"enemies":"Large Slime","floor":13,"turns":8},{"damage":0,"enemies":"Lots of Slimes","floor":14,"turns":2},{"damage":32,"enemies":"Hexaghost","floor":16,"turns":12}],"seed_played":"-3964350588589985867","potions_obtained":[{"floor":6,"key":"Energy Potion"},{"floor":7,"key":"Block Potion"},{"floor":8,"key":"Energy Potion"},{"floor":10,"key":"LiquidMemories"},{"floor":11,"key":"Fire Potion"},{"floor":11,"key":"Dexterity Potion"},{"floor":11,"key":"EssenceOfSteel"},{"floor":12,"key":"Regen Potion"}],"is_trial":false,"path_per_floor":["M","M","M","M","?","E","M","M","T","E","?","E","M","M","R","B"],"character_chosen":"THE_SILENT","items_purchased":[],"campfire_rested":0,"item_purchase_floors":[],"current_hp_per_floor":[63,63,61,52,70,38,35,22,22,26,26,22,23,28,28,0,0],"gold":310,"neow_bonus":"THREE_CARDS","is_daily":false,"chose_seed":false,"campfire_upgraded":1,"win_rate":0.0,"timestamp":1609993417,"path_taken":["M","M","M","M","?","E","M","M","T","E","?","E","M","M","R","BOSS"],"items_purchased_type":[],"build_version":"2020-12-22","purchased_purges":0,"victory":false,"max_hp_per_floor":[70,70,70,70,70,70,70,70,70,70,70,77,77,77,77,77,77],"card_choices":[{"not_picked":["Slice","Riddle With Holes"],"picked":"Deadly Poison","floor":0},{"not_picked":["Deflect","Deadly Poison"],"picked":"Dagger Throw","floor":1},{"not_picked":["Riddle With Holes","Choke","Flying Knee"],"picked":"SKIP","floor":2},{"not_picked":["Masterful Stab","Acrobatics"],"picked":"Skewer","floor":3},{"not_picked":["Accuracy","Prepared"],"picked":"Poisoned Stab","floor":4},{"not_picked":["Quick Slash","Terror"],"picked":"Footwork","floor":6},{"not_picked":["Calculated Gamble","Outmaneuver"],"picked":"Cloak And Dagger","floor":7},{"not_picked":["Deflect","Dodge and Roll"],"picked":"Venomology","floor":8},{"not_picked":["Outmaneuver","Deflect"],"picked":"Dodge and Roll","floor":10},{"not_picked":["Masterful Stab","Acrobatics","Poisoned Stab"],"picked":"SKIP","floor":12},{"not_picked":["Blur","Blade Dance","All Out Attack"],"picked":"SKIP","floor":13},{"not_picked":["Underhanded Strike","Eviscerate","Sucker Punch"],"picked":"SKIP","floor":14}],"player_experience":196375,"relics_obtained":[{"floor":6,"key":"Toy Ornithopter"},{"floor":9,"key":"PreservedInsect"},{"floor":10,"key":"Lantern"},{"floor":12,"key":"Strawberry"}],"event_choices":[{"damage_healed":23,"gold_gain":0,"player_choice":"Banana","damage_taken":0,"max_hp_gain":0,"max_hp_loss":0,"event_name":"Big Fish","floor":5,"gold_loss":0},{"damage_healed":0,"gold_gain":0,"player_choice":"Got Potions","damage_taken":0,"max_hp_gain":0,"max_hp_loss":0,"event_name":"Lab","floor":11,"gold_loss":0}],"is_beta":false,"boss_relics":[],"items_purged_floors":[],"is_endless":false,"potions_floor_spawned":[6,7,8,10,12],"killed_by":"Hexaghost","ascension_level":10}}