{"host":"oy4pyvr762z5n0bb","time":1609992248,"event":{"mods":["AchievementEnabler","BaseMod","Colored Map","Colored Powertips","Googly Eyes","Key Reminder","Minty Spire (QoL Compilation)","Quick Restart","Relic Sorter","StSLib","SuperFastMode","Unceasing Turn Reminder","slay the spire mod where everything is the same but ironclad has a cowboy hat"],"gold_per_floor":[115,132,82,94,94,94,113,113,113,148,167,194,194,227,227,227,227],"floor_reached":16,"playtime":319,"items_purged":[],"score":189,"play_id":"775faa97-743b-4ab4-af9a-d0f2c61fa11a","local_time":"20210106200408","is_ascension_mode":true,"campfire_choices":[{"data":"Combust","floor":6,"key":"SMITH"},{"data":"Hemokinesis","floor":8,"key":"SMITH"},{"data":"Pommel Strike","floor":13,"key":"SMITH"},{"data":"Inflame","floor":15,"key":"SMITH"}],"circlet_count":0,"master_deck":["Strike_R","Strike_R","Strike_R","Strike_R","Defend_R","Defend_R","Defend_R","Defend_R","Bash","Headbutt","Pommel Strike+1","Combust+1","Hemokinesis+1","Headbutt","Warcry","Sever Soul","Inflame+1"],"relics":["Burning Blood","NeowsBlessing","Peace Pipe","HornCleat","keyreminder:keyreminder","Sundial","Tiny Chest"],"acts_visited":["Exordium"],"potions_floor_usage":[7,10,12,14,14,16],"damage_taken":[{"damage":0,"enemies":"Jaw Worm","floor":1,"turns":1},{"damage":0,"enemies":"2 Louse","floor":2,"turns":1},{"damage":0,"enemies":"Cultist","floor":4,"turns":1},{"damage":9,"enemies":"Lots of Slimes","floor":7,"turns":2},{"damage":48,"enemies":"Lagavulin","floor":10,"turns":5},{"damage":12,"enemies":"Blue Slaver","floor":11,"turns":2},{"damage":2,"enemies":"Gremlin Nob","floor":12,"turns":2},{"damage":10,"enemies":"Lagavulin","floor":14,"turns":3},{"damage":33,"enemies":"Hexaghost","floor":16,"turns":9}],"seed_played":"-6068907329116789733","potions_obtained":[{"floor":2,"key":"Swift Potion"},{"floor":5,"key":"LiquidMemories"},{"floor":5,"key":"EntropicBrew"},{"floor":7,"key":"Ancient Potion"},{"floor":10,"key":"DistilledChaos"}],"is_trial":false,"path_per_floor":["M","M","?","M","?","R","M","R","T","E","M","E","R","E","R","B"],"character_chosen":"IRONCLAD","items_purchased":[],"campfire_rested":0,"item_purchase_floors":[],"current_hp_per_floor":[78,80,80,80,80,80,77,77,77,35,29,33,33,29,29,0,0],"gold":227,"neow_bonus":"THREE_ENEMY_KILL","is_daily":false,"chose_seed":false,"campfire_upgraded":4,"win_rate":0.0,"timestamp":1609992248,"path_taken":["M","M","?","M","?","R","?","R","T","E","?","E","R","E","R","BOSS"],"items_purchased_type":[],"build_version":"2020-12-22","purchased_purges":0,"victory":false,"max_hp_per_floor":[80,80,80,80,80,80,80,80,80,80,80,80,80,80,80,80,80],"card_choices":[{"not_picked":["Clash","Thunderclap"],"picked":"Headbutt","floor":1},{"not_picked":["Fire Breathing","Twin Strike"],"picked":"Pommel Strike","floor":2},{"not_picked":["Searing Blow","Clothesline"],"picked":"Combust","floor":4},{"not_picked":["Dual Wield","Sword Boomerang"],"picked":"Hemokinesis","floor":7},{"not_picked":["Perfected Strike","Twin Strike"],"picked":"Headbutt","floor":10},{"not_picked":["Wild Strike","Rampage"],"picked":"Warcry","floor":11},{"not_picked":["Clash","Seeing Red"],"picked":"Sever Soul","floor":12},{"not_picked":["Bloodletting","Heavy Blade"],"picked":"Inflame","floor":14}],"player_experience":714059,"relics_obtained":[{"floor":9,"key":"Peace Pipe"},{"floor":10,"key":"HornCleat"},{"floor":12,"key":"Sundial"},{"floor":14,"key":"Tiny Chest"}],"event_choices":[{"cards_removed":["Strike_R"],"damage_healed":0,"gold_gain":0,"player_choice":"Card Removal","damage_taken":0,"max_hp_gain":0,"max_hp_loss":0,"event_name":"The Cleric","floor":3,"gold_loss":50},{"damage_healed":0,"gold_gain":0,"player_choice":"Got Potions","damage_taken":0,"max_hp_gain":0,"max_hp_loss":0,"event_name":"Lab","floor":5,"gold_loss":0}],"is_beta":false,"boss_relics":[],"items_purged_floors":[],"is_endless":false,"potions_floor_spawned":[2,7,10],"killed_by":"Hexaghost","ascension_level":6}}