{"host":"vddkjx04kiwje1tk","time":1609993640,"event":{"mods":["AchievementEnabler","BaseMod","Colored Map","Minty Spire (QoL Compilation)","Quick Restart","SuperFastMode"],"gold_per_floor":[118,118,118,67,90,124,124,162,162,193,228,252,270,350,350,480,480,500,500,500,514,514,548,548,564,617,652,679,693,693,693],"floor_reached":30,"playtime":644,"items_purged":[],"score":420,"play_id":"74bd5aaf-b55b-4390-b535-e8e2dc6c4cc8","local_time":"20210107132720","is_ascension_mode":true,"campfire_choices":[{"data":"Perfected Strike","floor":7,"key":"SMITH"},{"data":"Bash","floor":15,"key":"SMITH"},{"floor":24,"key":"REST"}],"circlet_count":0,"master_deck":["Strike_R+1","Strike_R+1","Strike_R+1","Strike_R+1","Strike_R+1","Defend_R+1","Defend_R+1","Defend_R+1","Defend_R+1","Bash+1","Twin Strike","Pommel Strike","Warcry","Perfected Strike+1","Perfected Strike+1","Wild Strike+1","Headbutt+1","Pommel Strike+1","Headbutt+1","Battle Trance"],"relics":["Burning Blood","NeowsBlessing","Golden Idol","Eternal Feather","Matryoshka","Turnip","Pear","Molten Egg 2","Paper Frog","Odd Mushroom","Kunai","Black Star","Torii","Prayer Wheel","Ancient Tea Set","Art of War","Anchor","Singing Bowl","Bag of Preparation"],"acts_visited":["Exordium","TheCity"],"potions_floor_usage":[14,23,23,27,27,30],"damage_taken":[{"damage":0,"enemies":"2 Louse","floor":1,"turns":1},{"damage":0,"enemies":"Jaw Worm","floor":5,"turns":1},{"damage":0,"enemies":"Gremlin Nob","floor":6,"turns":1},{"damage":35,"enemies":"Lagavulin","floor":8,"turns":5},{"damage":8,"enemies":"Gremlin Nob","floor":10,"turns":3},{"damage":9,"enemies":"The Mushroom Lair","floor":11,"turns":3},{"damage":5,"enemies":"Small Slimes","floor":12,"turns":2},{"damage":8,"enemies":"Blue Slaver","floor":13,"turns":2},{"damage":4,"enemies":"Gremlin Nob","floor":14,"turns":3},{"damage":46,"enemies":"The Guardian","floor":16,"turns":7},{"damage":0,"enemies":"Spheric Guardian","floor":18,"turns":2},{"damage":43,"enemies":"3 Byrds","floor":21,"turns":5},{"damage":37,"enemies":"Slavers","floor":23,"turns":6},{"damage":30,"enemies":"Cultist and Chosen","floor":25,"turns":5},{"damage":9,"enemies":"Gremlin Leader","floor":27,"turns":5},{"damage":0,"enemies":"Snake Plant","floor":29,"turns":2},{"damage":30,"enemies":"Centurion and Healer","floor":30,"turns":4}],"seed_played":"7351199527424794229","potions_obtained":[{"floor":8,"key":"Block Potion"},{"floor":10,"key":"SteroidPotion"},{"floor":11,"key":"LiquidBronze"},{"floor":21,"key":"Swift Potion"},{"floor":23,"key":"GamblersBrew"},{"floor":25,"key":"HeartOfIron"}],"is_trial":false,"path_per_floor":["M","?","?","$","M","E","R","E","T","E","?","M","M","?","R","B",null,"M","?","?","M","?","E","R","M","T","E","T","M","M"],"character_chosen":"IRONCLAD","items_purchased":["Pommel Strike"],"campfire_rested":1,"item_purchase_floors":[4],"current_hp_per_floor":[78,58,51,51,57,63,69,40,50,48,45,46,44,46,55,15,71,77,77,77,40,40,9,45,21,21,20,20,28,0,0],"gold":693,"neow_bonus":"THREE_ENEMY_KILL","is_daily":false,"chose_seed":false,"campfire_upgraded":2,"win_rate":0.0,"timestamp":1609993640,"path_taken":["M","?","?","?","M","E","R","E","T","E","?","?","M","?","R","BOSS","M","?","?","M","?","E","R","?","T","E","?","M","M"],"items_purchased_type":["Card"],"build_version":"2020-12-22","purchased_purges":0,"victory":false,"max_hp_per_floor":[80,80,80,80,80,80,80,80,90,90,90,90,90,90,90,90,90,90,90,90,90,90,90,90,90,90,92,92,94,94,94],"card_choices":[{"not_picked":["True Grit","Body Slam"],"picked":"Twin Strike","floor":1},{"not_picked":["Cleave","Metallicize"],"picked":"Warcry","floor":5},{"not_picked":["Dual Wield","Cleave"],"picked":"Perfected Strike","floor":6},{"not_picked":["Anger","Inflame","Feel No Pain"],"picked":"SKIP","floor":8},{"not_picked":["Exhume","Iron Wave+1"],"picked":"Perfected Strike+1","floor":10},{"not_picked":["Carnage+1","Uppercut+1"],"picked":"Wild Strike+1","floor":11},{"not_picked":["Body Slam+1","Entrench","Rampage+1"],"picked":"SKIP","floor":12},{"not_picked":["Entrench","True Grit","Thunderclap+1"],"picked":"SKIP","floor":13},{"not_picked":["Clothesline+1","Sword Boomerang+1"],"picked":"Headbutt+1","floor":14},{"not_picked":["Cleave+1","Shockwave"],"picked":"Pommel Strike+1","floor":18},{"not_picked":["Carnage+1","Flame Barrier","Shrug It Off"],"picked":"SKIP","floor":21},{"not_picked":["Body Slam+1","Shrug It Off","Rampage+1"],"picked":"SKIP","floor":23},{"not_picked":["Armaments","Flex"],"picked":"Headbutt+1","floor":25},{"not_picked":["Rupture","Cleave+1","Battle Trance+1"],"picked":"SKIP","floor":25},{"not_picked":["Body Slam+1","Bloodletting","Warcry"],"picked":"Singing Bowl","floor":27},{"not_picked":["Fire Breathing","Uppercut+1"],"picked":"Battle Trance","floor":29},{"not_picked":["Juggernaut","Spot Weakness","Clothesline+1"],"picked":"Singing Bowl","floor":29}],"player_experience":245972,"relics_obtained":[{"floor":6,"key":"Matryoshka"},{"floor":8,"key":"Turnip"},{"floor":9,"key":"Pear"},{"floor":9,"key":"Molten Egg 2"},{"floor":10,"key":"Paper Frog"},{"floor":11,"key":"Odd Mushroom"},{"floor":14,"key":"Kunai"},{"floor":23,"key":"Torii"},{"floor":23,"key":"Prayer Wheel"},{"floor":26,"key":"Ancient Tea Set"},{"floor":26,"key":"Art of War"},{"floor":27,"key":"Anchor"},{"floor":27,"key":"Singing Bowl"},{"floor":28,"key":"Bag of Preparation"}],"event_choices":[{"damage_healed":0,"gold_gain":0,"player_choice":"Take Damage","damage_taken":20,"relics_obtained":["Golden Idol"],"max_hp_gain":0,"max_hp_loss":0,"event_name":"Golden Idol","floor":2,"gold_loss":0},{"damage_healed":0,"gold_gain":0,"player_choice":"Success","damage_taken":7,"relics_obtained":["Eternal Feather"],"max_hp_gain":0,"max_hp_loss":0,"event_name":"Scrap Ooze","floor":3,"gold_loss":0},{"damage_healed":0,"gold_gain":0,"player_choice":"Fought Mushrooms","damage_taken":0,"max_hp_gain":0,"max_hp_loss":0,"event_name":"Mushrooms","floor":11,"gold_loss":0},{"damage_healed":0,"gold_gain":0,"player_choice":"Searched \u00271\u0027 times","damage_taken":0,"max_hp_gain":0,"max_hp_loss":0,"event_name":"Dead Adventurer","floor":14,"gold_loss":0},{"damage_healed":0,"gold_gain":0,"player_choice":"Ignored","damage_taken":0,"max_hp_gain":0,"max_hp_loss":0,"event_name":"Vampires","floor":19,"gold_loss":0},{"damage_healed":0,"gold_gain":0,"player_choice":"Ignored","damage_taken":0,"max_hp_gain":0,"max_hp_loss":0,"event_name":"Ghosts","floor":20,"gold_loss":0},{"damage_healed":0,"gold_gain":0,"player_choice":"Simplicity","damage_taken":0,"max_hp_gain":0,"max_hp_loss":0,"event_name":"Back to Basics","floor":22,"gold_loss":0,"cards_upgraded":["Strike_R","Strike_R","Strike_R","Strike_R","Strike_R","Defend_R","Defend_R","Defend_R","Defend_R"]}],"is_beta":false,"boss_relics":[{"not_picked":["Cursed Key","SacredBark"],"picked":"Black Star"}],"items_purged_floors":[],"is_endless":false,"potions_floor_spawned":[8,10,11,12,21,23,25],"killed_by":"Centurion and Healer","ascension_level":7}}