{"host":"65bhxfoqsqjg61le","time":1609994089,"event":{"mods":["2.2 Compatiblity","AchievementEnabler","BaseMod","Better Third Choice","Colored Map","Colored Powertips","Conspire","Curses Come First","DeckTracker","Downfall","Energized Spire","Evolution","GifTheSpireLib","Googly Eyes","Hubris","Infinite Spire","Minty Spire (QoL Compilation)","Quick Restart","RRrroohrrRGHHhhh!!","Random Character Button","Rare Cards Sparkle","Replay The Spire","Shade Mod","StSLib","Stuff the Spire","The IronCluck","The Jungle","Wandering Minibosses","egg","everything is the same but u backflip on backflip","slay the spire mod where everything is the same but ironclad has a cowboy hat","thorton"],"gold_per_floor":[118,70,90,103,103,103,103,137,157,187,187,217,217,182,182,182,182,280,280,300,343,79,90,104,135,148,148,148,148,148,148],"floor_reached":30,"playtime":1590,"items_purged":["Strike_R"],"score":460,"play_id":"f2950458-ecf1-4a64-b880-9c3481c2956e","local_time":"20210106233449","is_ascension_mode":true,"campfire_choices":[{"floor":13,"key":"REST"},{"data":"Flex","floor":15,"key":"SMITH"},{"data":"infinitespire:SevenWalls","floor":17,"key":"SMITH"},{"data":"Mayhem","floor":27,"key":"SMITH"},{"floor":29,"key":"REST"}],"circlet_count":0,"master_deck":["Twin Strike","Strike_R","Strike_R","Strike_R","Defend_R","Defend_R","Defend_R+1","Defend_R+1","Bash","Flex+1","Juggernaut","Mayhem+1","infinitespire:SevenWalls+1"],"relics":["Burning Blood","EVO:Axolotl","NeowsBlessing","betterThird:SlimedRelic","Replay:Wax Seal","War Paint","Thread and Needle","infinitespire:Lucky Rock","Black Star","Iron Hammer","Potion Belt","StuffTheSpire:Mouthbags","Golden Egg"],"acts_visited":["Exordium","TheCity"],"potions_floor_usage":[8,12,12,21,30],"damage_taken":[{"damage":0,"enemies":"2 Louse","floor":1,"turns":1},{"damage":3,"enemies":"conspire:RoseBush","floor":3,"turns":1},{"damage":0,"enemies":"Small Slimes","floor":4,"turns":1},{"damage":20,"enemies":"Replay:BlueRogue","floor":8,"turns":8},{"damage":19,"enemies":"Blue Slaver","floor":9,"turns":4},{"damage":18,"enemies":"Gremlin Nob","floor":10,"turns":5},{"damage":14,"enemies":"3 Sentries","floor":12,"turns":11},{"damage":0,"enemies":"Slime Boss","floor":18,"turns":12},{"damage":7,"enemies":"3 Byrds","floor":20,"turns":7},{"damage":49,"enemies":"conspire:MimicChest","floor":21,"turns":8},{"damage":0,"enemies":"Spheric Guardian","floor":23,"turns":4},{"damage":4,"enemies":"conspire:HollyBat","floor":24,"turns":6},{"damage":0,"enemies":"Nightmare","floor":25,"turns":9},{"damage":9,"enemies":"Snecko","floor":26,"turns":5},{"damage":70,"enemies":"Slavers","floor":30,"turns":5}],"seed_played":"-1779094701940819103","potions_obtained":[{"floor":4,"key":"ColorlessPotion"},{"floor":9,"key":"Dexterity Potion"},{"floor":10,"key":"Energy Potion"},{"floor":20,"key":"Explosive Potion"},{"floor":25,"key":"BlessingOfTheForge"}],"is_trial":false,"path_per_floor":["M","?","M","M","PTL","PTL","$","E","M","E","T","E","R","?","R","?","R","B",null,"M","?","$","M","M","NM","M","R","T","R","E"],"character_chosen":"IRONCLAD","items_purchased":["Mayhem"],"campfire_rested":2,"item_purchase_floors":[22],"current_hp_per_floor":[78,67,70,76,76,76,76,62,49,37,37,29,53,73,73,53,53,59,75,74,31,31,37,39,45,42,42,42,66,0,0],"gold":148,"neow_bonus":"THREE_ENEMY_KILL","is_daily":false,"chose_seed":false,"campfire_upgraded":3,"win_rate":0.0,"timestamp":1609994089,"path_taken":["M","?","M","M","PTL","PTL","$","E","M","E","T","E","R","?","R","?","R","BOSS","M","?","?","M","M","NM","?","R","T","R","E"],"items_purchased_type":["Card"],"build_version":"2020-12-22","purchased_purges":1,"victory":false,"max_hp_per_floor":[80,80,80,80,80,80,80,80,80,80,80,80,80,80,80,80,80,80,80,80,80,80,80,80,80,80,80,80,80,80,80],"card_choices":[{"not_picked":["Run Through","conspire:ExplosiveBarrier","Clash"],"picked":"SKIP","floor":1},{"not_picked":["Pommel Strike","Run Through","ReplayTheSpireMod:Strike From Hell"],"picked":"SKIP","floor":3},{"not_picked":["ReplayTheSpireMod:Strike From Hell","Clothesline","conspire:ExplosiveBarrier"],"picked":"SKIP","floor":4},{"not_picked":["Sword Boomerang","Cleave","infinitespire:OneForAll"],"picked":"SKIP","floor":8},{"not_picked":["Run Through","Pummel","Sword Boomerang"],"picked":"SKIP","floor":9},{"not_picked":["StuffTheSpire:Incineration","Rage"],"picked":"Flex","floor":10},{"not_picked":["Cleave","Carnage"],"picked":"Juggernaut","floor":12},{"not_picked":["infinitespire:Oblivion","infinitespire:NeuralNetwork"],"picked":"infinitespire:SevenWalls","floor":16},{"not_picked":["Twin Strike","Pommel Strike+1","StuffTheSpire:Incineration"],"picked":"SKIP","floor":20},{"not_picked":["Rampage","Iron Wave","Anger"],"picked":"SKIP","floor":23},{"not_picked":["Havoc+1","Replay:Many Hands","ReplayTheSpireMod:Strike From Hell"],"picked":"SKIP","floor":24},{"not_picked":["Havoc","Run Through","Carnage"],"picked":"SKIP","floor":25},{"not_picked":["Defy Death","Clothesline","StuffTheSpire:Incineration+1"],"picked":"SKIP","floor":26}],"player_experience":1082716,"relics_obtained":[{"floor":8,"key":"Replay:Wax Seal"},{"floor":10,"key":"War Paint"},{"floor":11,"key":"Thread and Needle"},{"floor":12,"key":"infinitespire:Lucky Rock"},{"floor":21,"key":"Iron Hammer"},{"floor":25,"key":"Potion Belt"},{"floor":25,"key":"StuffTheSpire:Mouthbags"},{"floor":28,"key":"Golden Egg"}],"event_choices":[{"damage_healed":0,"gold_gain":0,"player_choice":"Slimed","damage_taken":11,"max_hp_gain":0,"max_hp_loss":0,"event_name":"betterThird:BetterGoop","floor":2,"gold_loss":48},{"damage_healed":20,"gold_gain":0,"player_choice":"Healed","damage_taken":0,"max_hp_gain":0,"max_hp_loss":0,"event_name":"The Cleric","floor":14,"gold_loss":35}],"is_beta":false,"boss_relics":[{"not_picked":["Electric Blood","StuffTheSpire:RunicHypercube"],"picked":"Black Star"}],"items_purged_floors":[22],"is_endless":false,"potions_floor_spawned":[4,9,10,20,25],"killed_by":"Slavers","ascension_level":7}}