{"host":"xrbutm0tzv4qwo7u","time":1609980717,"event":{"mods":["AchievementEnabler","BaseMod","Colored Powertips","DeckTracker","Downfall","Hermit","Minty Spire (QoL Compilation)","Replay The Spire","StSLib","Td1madao Mod","The Cursed","The Jungle","The Marked"],"gold_per_floor":[118,138,138,138,138,154,172,172,202,215,215,215,235,235,235,235,235,330,330,343,358,103,103,23,54,54,54,77,77,92,162,162,177,177,273,273,289,289,289],"floor_reached":38,"playtime":1260,"items_purged":["Regret"],"score":439,"play_id":"d139ce68-50e2-4590-b55a-7d7d17254cae","local_time":"20210106185157","is_ascension_mode":true,"campfire_choices":[{"data":"Dualcast","floor":8,"key":"SMITH"},{"floor":15,"key":"REST"},{"floor":17,"key":"REST"},{"floor":27,"key":"DIG"},{"floor":32,"key":"REST"},{"floor":34,"key":"REST"}],"circlet_count":0,"master_deck":["Strike_B","Strike_B","Strike_B","Strike_B","Defend_B","Defend_B","Defend_B","Defend_B+1","Rebound","Undo","BootSequence","Barrage","Ball Lightning","Beam Cell","Ball Lightning","Delirium","Beam Cell","Vigilance+1","Eruption","Leap","Mirror Shield","Rebound+1","Ball Lightning+1","Amplify","Go for the Eyes","Replay:SS_fish_2","Writhe","ReplayTheSpireMod:GoodbyeWorld","Hologram+1","Shame","Barrage","Heatsinks+1","Aggregate+1","Defragment","Cold Snap+1","Capacitor","FIFO Queue+1","Fission+1","Barrage+1","Panic Button+1"],"relics":["Cracked Core","NeowsBlessing","White Beast Statue","Dream Catcher","Pen Nib","Ring of Fury","Ring of Hypnosis","Painkiller Herb","Membership Card","Replay:Wax Seal","Shovel","Toxic Egg 2","theJungle:SneckoAutograph","Prayer Wheel","Bag of Preparation","Juzu Bracelet","Philosopher\u0027s Stone"],"acts_visited":["Exordium","theJungle:Jungle","TheBeyond"],"potions_floor_usage":[25],"damage_taken":[{"damage":0,"enemies":"Cultist","floor":1,"turns":1},{"damage":0,"enemies":"2 Louse","floor":2,"turns":1},{"damage":0,"enemies":"Jaw Worm","floor":6,"turns":1},{"damage":3,"enemies":"3 Louse","floor":7,"turns":3},{"damage":29,"enemies":"3 Sentries","floor":9,"turns":8},{"damage":3,"enemies":"Large Slime","floor":10,"turns":4},{"damage":9,"enemies":"Blue Slaver","floor":13,"turns":3},{"damage":30,"enemies":"Slime Boss","floor":18,"turns":5},{"damage":5,"enemies":"Shell Parasite","floor":20,"turns":3},{"damage":6,"enemies":"theJungle:GiantWrat","floor":21,"turns":3},{"damage":16,"enemies":"theJungle:Snecko_Cultist_And_Trap","floor":24,"turns":5},{"damage":13,"enemies":"theJungle:Cassacara","floor":25,"turns":4},{"damage":17,"enemies":"theJungle:Lyon","floor":30,"turns":4},{"damage":16,"enemies":"theJungle:SlimyTreeVines","floor":33,"turns":5},{"damage":3,"enemies":"theJungle:QueenSpyder","floor":35,"turns":7},{"damage":21,"enemies":"3 Shapes","floor":37,"turns":3},{"damage":70,"enemies":"3 Darklings","floor":38,"turns":4}],"seed_played":"-5069342578986326512","potions_obtained":[{"floor":6,"key":"Death Potion"},{"floor":7,"key":"Block Potion"},{"floor":9,"key":"SpeedPotion"},{"floor":10,"key":"EssenceOfDarkness"},{"floor":18,"key":"Reflective Coating"},{"floor":21,"key":"Swift Potion"},{"floor":31,"key":"Regen Potion"}],"is_trial":false,"path_per_floor":["M","M","?","PTL","PTL","M","M","R","E","M","T","?","M","?","R","?","R","B",null,"?","?","T","?","?","E","?","T","T","?","?","?","T","?","T","B",null,"?","?"],"character_chosen":"DEFECT","items_purchased":["Membership Card","Replay:Wax Seal","Amplify","Go for the Eyes","Replay:SS_fish_2"],"campfire_rested":4,"item_purchase_floors":[22,22,22,22,22],"current_hp_per_floor":[75,75,75,75,75,75,72,72,43,40,40,40,31,31,53,53,75,45,75,70,64,64,64,48,43,43,43,43,53,36,36,58,48,70,67,75,54,0,0],"gold":289,"neow_bonus":"THREE_ENEMY_KILL","is_daily":false,"chose_seed":false,"campfire_upgraded":1,"win_rate":0.0,"timestamp":1609980717,"path_taken":["M","?","?","PTL","PTL","M","M","R","E","M","T","?","M","?","R","?","R","BOSS","?","?","T","?","?","E","?","T","T","?","?","?","T","?","T","BOSS","?","?"],"items_purchased_type":["Relic","Relic","Card","Card","Card"],"build_version":"2020-12-22","purchased_purges":1,"victory":false,"max_hp_per_floor":[75,75,75,75,75,75,75,75,75,75,75,75,75,75,75,75,75,75,75,75,75,75,75,75,75,75,75,75,75,75,75,75,75,75,75,75,75,75,75],"card_choices":[{"not_picked":["ReplayTheSpireMod:Reroute Power","Stack"],"picked":"Rebound","floor":1},{"not_picked":["Steam Power","ReplayTheSpireMod:Repulse"],"picked":"Undo","floor":2},{"not_picked":["Melter","Leap"],"picked":"BootSequence","floor":6},{"not_picked":["Aggregate","Undo"],"picked":"Barrage","floor":7},{"not_picked":["FIFO Queue","Gash"],"picked":"Ball Lightning","floor":9},{"not_picked":["Compile Driver","ReplayTheSpireMod:System Scan"],"picked":"Beam Cell","floor":10},{"not_picked":["BasicCrystalCard","Panic Button"],"picked":"Ball Lightning","floor":13},{"not_picked":["BasicCrystalCard","Panic Button"],"picked":"Beam Cell","floor":15},{"not_picked":["Lockon","Redo"],"picked":"Leap","floor":17},{"not_picked":["Machine Learning","Reboot"],"picked":"Mirror Shield","floor":18},{"not_picked":["BasicCrystalCard","Scrape"],"picked":"Rebound+1","floor":20},{"not_picked":["Coolheaded+1","ReplayTheSpireMod:System Scan"],"picked":"Ball Lightning+1","floor":21},{"not_picked":["Stack","BasicCrystalCard"],"picked":"ReplayTheSpireMod:GoodbyeWorld","floor":24},{"not_picked":["Time Bomb+1","Melter"],"picked":"Hologram+1","floor":25},{"not_picked":["Steam+1","Loop+1"],"picked":"Barrage","floor":30},{"not_picked":["Steam+1","Leap+1"],"picked":"Heatsinks+1","floor":30},{"not_picked":["Turbo+1","Go for the Eyes"],"picked":"Aggregate+1","floor":31},{"not_picked":["Doom and Gloom","Reinforced Body+1"],"picked":"Defragment","floor":32},{"not_picked":["Ball Lightning","Seek+1"],"picked":"Cold Snap+1","floor":33},{"not_picked":["Stack+1","ReplayGash"],"picked":"Capacitor","floor":33},{"not_picked":["Static Discharge+1","Force Field+1"],"picked":"FIFO Queue+1","floor":34},{"not_picked":["Biased Cognition","ReplayTheSpireMod:Fabricate Wheel+1"],"picked":"Fission+1","floor":35},{"not_picked":["Gash","BasicCrystalCard+1"],"picked":"Barrage+1","floor":37},{"not_picked":["Steam+1","Self Repair+1"],"picked":"Panic Button+1","floor":37}],"player_experience":17335,"relics_obtained":[{"floor":9,"key":"Dream Catcher"},{"floor":11,"key":"Pen Nib"},{"floor":14,"key":"Ring of Fury"},{"floor":14,"key":"Ring of Hypnosis"},{"floor":25,"key":"Toxic Egg 2"},{"floor":27,"key":"Prayer Wheel"},{"floor":28,"key":"Bag of Preparation"},{"floor":31,"key":"Juzu Bracelet"}],"event_choices":[{"damage_healed":0,"gold_gain":0,"player_choice":"Box","damage_taken":0,"relics_obtained":["White Beast Statue"],"max_hp_gain":0,"max_hp_loss":0,"event_name":"Big Fish","floor":3,"gold_loss":0,"cards_obtained":["Regret"]}],"is_beta":false,"boss_relics":[{"not_picked":["Replay:Fungal Core","SacredBark"],"picked":"Painkiller Herb"},{"not_picked":["Honey Jar","Velvet Choker"],"picked":"Philosopher\u0027s Stone"}],"items_purged_floors":[22],"is_endless":false,"potions_floor_spawned":[6,7,9,10,13,18,20,21,24,25,30,33,35,37],"killed_by":"3 Darklings","ascension_level":1}}