{"host":"d8hh7rr4yzitjeuj","time":1609980927,"event":{"mods":["2.2 Compatiblity","AchievementEnabler","Act Like it!","BaseMod","Colored Map","Colored Powertips","Highlight Path","Keyboard Shortcuts","Minty Spire (QoL Compilation)","Permanent Neow","Quick Restart","StSLib","SuperFastMode"],"gold_per_floor":[110,120,134,134,134,134,147,43,43,43,67,106,126,2,2,95,95,114,158,171,171,171,171,171,171],"floor_reached":24,"playtime":918,"items_purged":[],"score":392,"play_id":"331f15d3-df8e-4657-8a9e-74cf072a9b03","local_time":"20210107095527","is_ascension_mode":true,"campfire_choices":[{"floor":6.0,"key":"REST"},{"floor":10.0,"key":"REST"},{"floor":15,"key":"REST"},{"floor":23,"key":"REST"}],"circlet_count":0,"master_deck":["AscendersBane","Strike_B","Strike_B","Strike_B","Strike_B","Defend_B","Defend_B","Defend_B","Defend_B","Zap","Dualcast","Magnetism+1","Turbo","Fusion","All For One","Hologram","Reprogram","Gash","Sweeping Beam","Turbo","Reinforced Body","Leap","Madness","Seek","Self Repair+1"],"relics":["Cracked Core","Golden Idol","Dead Branch","Lizard Tail","Philosopher\u0027s Stone","Red Mask"],"acts_visited":["Exordium","TheCity"],"potions_floor_usage":[13,19,20],"damage_taken":[{"damage":14.0,"enemies":"Jaw Worm","floor":1.0,"turns":4.0},{"damage":6.0,"enemies":"2 Louse","floor":2.0,"turns":3.0},{"damage":0.0,"enemies":"Cultist","floor":3.0,"turns":3.0},{"damage":18.0,"enemies":"Large Slime","floor":7.0,"turns":4.0},{"damage":14,"enemies":"Blue Slaver","floor":11,"turns":4},{"damage":3,"enemies":"Lagavulin","floor":12,"turns":6},{"damage":10,"enemies":"Lots of Slimes","floor":13,"turns":3},{"damage":16,"enemies":"Slime Boss","floor":16,"turns":9},{"damage":16,"enemies":"Chosen","floor":18,"turns":6},{"damage":66,"enemies":"Masked Bandits","floor":19,"turns":6},{"damage":15,"enemies":"3 Byrds","floor":20,"turns":4},{"damage":23,"enemies":"Snake Plant","floor":24,"turns":6}],"seed_played":"-3703973930313034319","potions_obtained":[{"floor":2.0,"key":"FocusPotion"},{"floor":11,"key":"FearPotion"},{"floor":16,"key":"DuplicationPotion"}],"is_trial":false,"path_per_floor":["M","M","M","?","?","R","M","$","T","R","M","E","M","$","R","B",null,"M","?","M","?","$","R","M"],"character_chosen":"DEFECT","items_purchased":["Reprogram","Gash","Leap","Madness"],"campfire_rested":4,"item_purchase_floors":[8,8,14,14],"current_hp_per_floor":[32,26,26,26,26,45,27,27,27,46,32,29,19,19,38,22,54,38,19,4,4,4,23,0,0],"gold":171,"neow_bonus":"RANDOM_COLORLESS_2","is_daily":false,"chose_seed":false,"campfire_upgraded":0,"win_rate":0.0,"timestamp":1609980927,"path_taken":["M","M","M","?","?","R","M","?","T","R","M","E","?","$","R","BOSS","M","?","M","?","$","R","M"],"items_purchased_type":["Card","Card","Card","Card"],"build_version":"2020-12-22","purchased_purges":0,"victory":false,"max_hp_per_floor":[71,71,71,71,64,64,64,64,64,64,64,64,64,64,64,64,64,64,64,64,64,64,64,64,64],"card_choices":[{"not_picked":["Metamorphosis","Master of Strategy"],"picked":"Magnetism","floor":0.0},{"not_picked":["Hologram","Streamline"],"picked":"Turbo","floor":1.0},{"not_picked":["Redo","Turbo"],"picked":"Fusion","floor":2.0},{"not_picked":["Steam","Ball Lightning"],"picked":"All For One","floor":3.0},{"not_picked":["Steam","Turbo"],"picked":"Hologram","floor":7.0},{"not_picked":["Glacier","Rip and Tear"],"picked":"Sweeping Beam","floor":11},{"not_picked":["Skim","Chaos"],"picked":"Turbo","floor":12},{"not_picked":["Darkness","Consume"],"picked":"Reinforced Body","floor":13},{"not_picked":["Machine Learning","Hyperbeam"],"picked":"Seek","floor":16},{"not_picked":["Leap","Compile Driver"],"picked":"Self Repair+1","floor":18},{"not_picked":["Streamline","Beam Cell","Rebound"],"picked":"SKIP","floor":20}],"player_experience":1418254,"relics_obtained":[{"floor":9.0,"key":"Dead Branch"},{"floor":12,"key":"Lizard Tail"},{"floor":19,"key":"Red Mask"}],"event_choices":[{"damage_healed":0.0,"max_hp_gain":0.0,"max_hp_loss":0.0,"gold_gain":0.0,"event_name":"Living Wall","player_choice":"Grow","floor":4.0,"gold_loss":0.0,"damage_taken":0.0,"cards_upgraded":["Magnetism"]},{"damage_healed":0.0,"max_hp_gain":0.0,"max_hp_loss":7.0,"gold_gain":0.0,"event_name":"Golden Idol","player_choice":"Lose Max HP","floor":5.0,"gold_loss":0.0,"damage_taken":0.0,"relics_obtained":["Golden Idol"]},{"damage_healed":0,"gold_gain":0,"player_choice":"Fought Bandits","damage_taken":0,"max_hp_gain":0,"max_hp_loss":0,"event_name":"Masked Bandits","floor":19,"gold_loss":0},{"damage_healed":0,"gold_gain":0,"player_choice":"Ignored","damage_taken":0,"max_hp_gain":0,"max_hp_loss":0,"event_name":"Ghosts","floor":21,"gold_loss":0}],"is_beta":false,"boss_relics":[{"not_picked":["SlaversCollar","Inserter"],"picked":"Philosopher\u0027s Stone"}],"items_purged_floors":[],"is_endless":false,"potions_floor_spawned":[2,11,16,18],"killed_by":"Snake Plant","ascension_level":20}}