{"host":"z5afp8vgpmbzr0p8","time":1609987424,"event":{"mods":["BaseMod","Marisa????????","Minty Spire (QoL Compilation)","Quick Restart","Robot Space Explorer","Shop Mod","StSLib","The Bug Knight"],"gold_per_floor":[109,123,51,51,70,70,101,101,101,29,29,8,28,28,28,124,124,138,237,251,251,32,32,49,49,75,29,29,40,50,61,61,160,160,171,122,122,138,138,138,138,0,0,0,0,15,15,70,70,70,70,70,70,99,99,99],"floor_reached":55,"playtime":1187,"items_purged":["Defend_B"],"score":636,"play_id":"d1350d69-677b-4f86-98c0-1b1c3b2980f1","local_time":"20210107134344","is_ascension_mode":false,"campfire_choices":[{"data":"Static Discharge","floor":6.0,"key":"SMITH"},{"floor":8.0,"key":"REST"},{"data":"Static Discharge","floor":11.0,"key":"SMITH"},{"floor":15.0,"key":"RECALL"},{"floor":23,"key":"REST"},{"floor":25,"key":"REST"},{"floor":28,"key":"REST"},{"floor":32,"key":"REST"},{"floor":40,"key":"REST"},{"floor":44,"key":"REST"},{"data":"Capacitor","floor":49,"key":"SMITH"},{"data":"Thunder Strike","floor":52,"key":"SMITH"}],"circlet_count":0,"master_deck":["Defend_B","Defend_B","Defend_B+1","Zap","Dualcast","Static Discharge+1","Tempest","Storm","Gash","Gash","Static Discharge+1","Rainbow","Thunder Strike+1","Gash","Capacitor+1","Conserve Battery+1","Ball Lightning","Electrodynamics","Gash+1","Self Repair+1","Writhe","Ball Lightning","Gash"],"relics":["Cracked Core","Question Card","PreservedInsect","Kunai","SacredBark","Bronze Scales","Empty Cage","Red Mask","HornCleat","CatCart","War Paint"],"acts_visited":["TheCity","TheBeyond","TheEnding"],"potions_floor_usage":[16,33,33,46,48,48,48,50],"damage_taken":[{"damage":12.0,"enemies":"Small Slimes","floor":1.0,"turns":3.0},{"damage":5.0,"enemies":"Cultist","floor":2.0,"turns":3.0},{"damage":3.0,"enemies":"Jaw Worm","floor":5.0,"turns":4.0},{"damage":21.0,"enemies":"3 Sentries","floor":7.0,"turns":4.0},{"damage":6.0,"enemies":"Red Slaver","floor":13.0,"turns":2.0},{"damage":10,"enemies":"Slime Boss","floor":16,"turns":7},{"damage":10,"enemies":"Chosen","floor":18,"turns":3},{"damage":20,"enemies":"2 Thieves","floor":20,"turns":2},{"damage":30,"enemies":"Snecko","floor":24,"turns":4},{"damage":14,"enemies":"Snake Plant","floor":29,"turns":2},{"damage":12,"enemies":"Chosen and Byrds","floor":30,"turns":4},{"damage":33,"enemies":"Centurion and Healer","floor":31,"turns":4},{"damage":8,"enemies":"Automaton","floor":33,"turns":6},{"damage":38,"enemies":"3 Darklings","floor":35,"turns":3},{"damage":9,"enemies":"3 Shapes","floor":38,"turns":2},{"damage":13,"enemies":"Sphere and 2 Shapes","floor":46,"turns":3},{"damage":0,"enemies":"Orin","floor":48,"turns":9},{"damage":50,"enemies":"Donu and Deca","floor":50,"turns":4},{"damage":44,"enemies":"Shield and Spear","floor":54,"turns":4},{"damage":81,"enemies":"The Heart","floor":55,"turns":3}],"seed_played":"-8400824157215352089","potions_obtained":[{"floor":1.0,"key":"Swift Potion"},{"floor":5.0,"key":"FocusPotion"},{"floor":7.0,"key":"LiquidMemories"},{"floor":20,"key":"FocusPotion"},{"floor":24,"key":"SkillPotion"},{"floor":31,"key":"Weak Potion"},{"floor":35,"key":"Block Potion"},{"floor":46,"key":"ColorlessPotion"},{"floor":48,"key":"AttackPotion"}],"is_trial":false,"path_per_floor":["M","M","$","?","M","R","E","R","T","$","R","?","M","$","R","B",null,"M","?","M","?","$","R","M","R","T","$","R","M","M","M","R","B",null,"M","$","?","M","?","R","?","?","T","R","$","M","?","?","R","B",null,"R","$","E","B"],"character_chosen":"DEFECT","items_purchased":["Storm","Static Discharge","Bronze Scales","Conserve Battery","Fire Potion"],"campfire_rested":7,"item_purchase_floors":[3,10,22,27,36],"current_hp_per_floor":[63,58,58,58,55,55,34,56,56,56,56,56,50,50,50,40,75,65,65,45,45,45,67,37,59,59,59,75,61,49,16,38,30,75,37,37,37,28,28,50,50,50,50,72,72,59,75,75,75,25,75,75,75,31,0,0],"gold":99,"neow_bonus":"REMOVE_CARD","is_daily":false,"chose_seed":false,"campfire_upgraded":4,"win_rate":0.0,"timestamp":1609987424,"path_taken":["M","M","$","?","M","R","E","R","T","?","R","?","M","$","R","BOSS","M","?","M","?","$","R","M","R","T","$","R","M","M","?","R","BOSS","M","$","?","M","?","R","?","?","T","R","$","M","?","?","R","BOSS","R","$","E","BOSS"],"items_purchased_type":["Card","Card","Relic","Card","Potion"],"build_version":"2020-12-22","purchased_purges":1,"victory":false,"max_hp_per_floor":[75,75,75,75,75,75,75,75,75,75,75,75,75,75,75,75,75,75,75,75,75,75,75,75,75,75,75,75,75,75,75,75,75,75,75,75,75,75,75,75,75,75,75,75,75,75,75,75,75,75,75,75,75,75,75,75],"card_choices":[{"not_picked":["Glacier","Streamline"],"picked":"Static Discharge","floor":1.0},{"not_picked":["Streamline","Stack"],"picked":"Tempest","floor":2.0},{"not_picked":["Redo","Steam","Leap"],"picked":"Gash","floor":5.0},{"not_picked":["Stack","Tempest","Fusion"],"picked":"Gash","floor":7.0},{"not_picked":["Fusion","Cold Snap","White Noise"],"picked":"Rainbow","floor":13.0},{"not_picked":["Rainbow","Creative AI","Hyperbeam"],"picked":"Thunder Strike","floor":16},{"not_picked":["Chill","Undo","Reinforced Body"],"picked":"Gash","floor":18},{"not_picked":["Stack","Beam Cell","Aggregate+1","Coolheaded+1"],"picked":"SKIP","floor":20},{"not_picked":["Redo","Rebound","Reprogram"],"picked":"Capacitor","floor":24},{"not_picked":["Sweeping Beam","Tempest","Leap+1","Go for the Eyes"],"picked":"SKIP","floor":29},{"not_picked":["Rebound","Leap","Force Field","Stack+1"],"picked":"SKIP","floor":30},{"not_picked":["Scrape","Barrage","Doom and Gloom"],"picked":"Ball Lightning","floor":31},{"not_picked":["Core Surge","Machine Learning","Amplify"],"picked":"Electrodynamics","floor":33},{"not_picked":["Double Energy","FTL+1","Turbo","Hologram"],"picked":"SKIP","floor":35},{"not_picked":["Leap+1","Chill+1","Blizzard+1"],"picked":"Gash+1","floor":38},{"not_picked":["Steam","Skim+1","Redo+1"],"picked":"Self Repair+1","floor":46},{"not_picked":["Scrape","Rip and Tear","Hologram"],"picked":"Ball Lightning","floor":48},{"not_picked":["Beam Cell+1","Self Repair+1","Steam"],"picked":"Gash","floor":54}],"player_experience":498690,"relics_obtained":[{"floor":7.0,"key":"PreservedInsect"},{"floor":9.0,"key":"Kunai"},{"floor":43,"key":"HornCleat"},{"floor":48,"key":"CatCart"},{"floor":54,"key":"War Paint"}],"event_choices":[{"damage_healed":0.0,"max_hp_gain":0.0,"max_hp_loss":0.0,"gold_gain":0.0,"event_name":"WeMeetAgain","player_choice":"Gave Potion","floor":4.0,"gold_loss":0.0,"damage_taken":0.0,"relics_obtained":["Question Card"]},{"damage_healed":0.0,"max_hp_gain":0.0,"max_hp_loss":0.0,"gold_gain":0.0,"event_name":"World of Goop","player_choice":"Left Gold","floor":12.0,"gold_loss":21.0,"damage_taken":0.0},{"damage_healed":0,"gold_gain":99,"player_choice":"Stole From Cult","damage_taken":0,"max_hp_gain":0,"max_hp_loss":0,"event_name":"Nest","floor":19,"gold_loss":0},{"cards_removed":["Strike_B"],"damage_healed":0,"gold_gain":0,"player_choice":"Purged","damage_taken":0,"max_hp_gain":0,"max_hp_loss":0,"event_name":"Purifier","floor":21,"gold_loss":0},{"damage_healed":0,"gold_gain":0,"player_choice":"Memory 1","damage_taken":0,"max_hp_gain":0,"max_hp_loss":0,"event_name":"SensoryStone","floor":37,"gold_loss":0},{"damage_healed":0,"gold_gain":0,"player_choice":"Ignored","damage_taken":0,"max_hp_gain":0,"max_hp_loss":0,"event_name":"The Moai Head","floor":39,"gold_loss":0},{"damage_healed":0,"gold_gain":0,"player_choice":"Ignored","damage_taken":0,"max_hp_gain":0,"max_hp_loss":0,"event_name":"Mysterious Sphere","floor":41,"gold_loss":0},{"damage_healed":0,"gold_gain":0,"player_choice":"Paid","damage_taken":0,"relics_obtained":["Red Mask"],"max_hp_gain":0,"max_hp_loss":0,"event_name":"Tomb of Lord Red Mask","floor":42,"gold_loss":138},{"damage_healed":19,"gold_gain":0,"player_choice":"Writhe","damage_taken":0,"max_hp_gain":0,"max_hp_loss":0,"event_name":"Winding Halls","floor":47,"gold_loss":0,"cards_obtained":["Writhe"]},{"damage_healed":0,"gold_gain":0,"player_choice":"Fight","damage_taken":0,"max_hp_gain":0,"max_hp_loss":0,"event_name":"OrinTheCat","floor":48,"gold_loss":0}],"is_beta":false,"boss_relics":[{"not_picked":["Astrolabe","Runic Dome"],"picked":"SacredBark"},{"not_picked":["Busted Crown","Cursed Key"],"picked":"Empty Cage"}],"items_purged_floors":[22],"is_endless":false,"potions_floor_spawned":[1,5,7,20,24,31,35,46,48],"killed_by":"The Heart","ascension_level":0}}