{"host":"ng8aq1q5gznbd93k","time":1609997777,"event":{"mods":["AchievementEnabler","BaseMod","Downfall","Duelist Mod","GifTheSpireLib","Googly Eyes","Minty Spire (QoL Compilation)","StSLib","SuperFastMode"],"gold_per_floor":[119,119,119,137,137,137,165,165,165,184,197,260,260,275,275,371,371,383,383,383,413,42,42,73,26,96,107,107,121,121,133,133,133,133],"floor_reached":33,"playtime":1196,"items_purged":["Writhe"],"score":302,"play_id":"38a1b4c6-2784-4d7c-8f42-6e43c0c34e2e","local_time":"20210106233617","is_ascension_mode":true,"campfire_choices":[{"data":"Melter","floor":6,"key":"SMITH"},{"data":"Leap","floor":8,"key":"SMITH"},{"floor":13,"key":"REST"},{"data":"Melter","floor":15,"key":"SMITH"},{"floor":23,"key":"REST"},{"floor":28,"key":"REST"},{"data":"Tempest","floor":30,"key":"SMITH"},{"data":"Electrodynamics","floor":32,"key":"SMITH"}],"circlet_count":0,"master_deck":["Strike_B+1","Strike_B+1","Strike_B+1","Strike_B+1","Defend_B+1","Defend_B+1","Defend_B+1","Defend_B+1","Zap+1","Dualcast","Melter+1","Leap+1","Steam","Meteor Strike","Stack","Melter+1","Beam Cell","Electrodynamics+1","CurseOfTheBell","Loop+1","Tempest+1","Ball Lightning","Lockon","Leap+1","Turbo","Gash+1","Sweeping Beam+1","Gash","Gash"],"relics":["Cracked Core","NeowsBlessing","Pocketwatch","Sundial","DataDisk","Calling Bell","Orichalcum","Ornamental Fan","Unceasing Top","Dream Catcher","Red Mask","Toolbox","Vajra","Question Card"],"acts_visited":["Exordium","TheCity"],"potions_floor_usage":[14,14,16,21,21,24,27,33,33],"damage_taken":[{"damage":0,"enemies":"Small Slimes","floor":1,"turns":1},{"damage":0,"enemies":"Jaw Worm","floor":4,"turns":1},{"damage":0,"enemies":"Lagavulin","floor":7,"turns":1},{"damage":0,"enemies":"Cultist","floor":10,"turns":3},{"damage":7,"enemies":"3 Louse","floor":11,"turns":4},{"damage":31,"enemies":"Lagavulin Event","floor":12,"turns":6},{"damage":12,"enemies":"Exordium Thugs","floor":14,"turns":4},{"damage":22,"enemies":"The Guardian","floor":16,"turns":9},{"damage":15,"enemies":"2 Thieves","floor":18,"turns":3},{"damage":17,"enemies":"Masked Bandits","floor":21,"turns":4},{"damage":4,"enemies":"Book of Stabbing","floor":24,"turns":3},{"damage":4,"enemies":"Shell Parasite","floor":27,"turns":3},{"damage":14,"enemies":"Centurion and Healer","floor":29,"turns":4},{"damage":0,"enemies":"Cultist and Chosen","floor":31,"turns":5},{"damage":72,"enemies":"Champ","floor":33,"turns":8}],"seed_played":"-8227758815556438132","potions_obtained":[{"floor":1,"key":"Fire Potion"},{"floor":11,"key":"SkillPotion"},{"floor":12,"key":"FearPotion"},{"floor":16,"key":"Weak Potion"},{"floor":18,"key":"EssenceOfSteel"},{"floor":21,"key":"SneckoOil"},{"floor":29,"key":"ColorlessPotion"}],"is_trial":false,"path_per_floor":["M","?","?","M","?","R","E","R","T","M","M","?","R","M","R","B",null,"M","?","?","?","$","R","E","$","T","M","R","M","R","M","R","B"],"character_chosen":"DEFECT","items_purchased":["Toolbox","Ball Lightning","BlessingOfTheForge","FearPotion","Turbo"],"campfire_rested":3,"item_purchase_floors":[22,22,22,22,25],"current_hp_per_floor":[75,75,75,75,68,68,68,68,68,68,61,30,52,40,40,18,75,60,60,60,43,43,65,61,61,61,57,75,61,61,61,61,0,0],"gold":133,"neow_bonus":"THREE_ENEMY_KILL","is_daily":false,"chose_seed":false,"campfire_upgraded":5,"win_rate":0.0,"timestamp":1609997777,"path_taken":["M","?","?","M","?","R","E","R","T","M","?","?","R","M","R","BOSS","M","?","?","?","?","R","E","?","T","M","R","M","R","?","R","BOSS"],"items_purchased_type":["Relic","Card","Potion","Potion","Card"],"build_version":"2020-12-22","purchased_purges":1,"victory":false,"max_hp_per_floor":[75,75,75,75,75,75,75,75,75,75,75,75,75,75,75,75,75,75,75,75,75,75,75,75,75,75,75,75,75,75,75,75,75,75],"card_choices":[{"not_picked":["Beam Cell","Go for the Eyes"],"picked":"Melter","floor":1},{"not_picked":["Conserve Battery","Compile Driver"],"picked":"Leap","floor":4},{"not_picked":["Barrage","Heatsinks"],"picked":"Steam","floor":7},{"not_picked":["Rebound","Stack"],"picked":"Meteor Strike","floor":10},{"not_picked":["Go for the Eyes","Glacier"],"picked":"Stack","floor":11},{"not_picked":["Cold Snap","FTL"],"picked":"Melter","floor":12},{"not_picked":["Steam","Cold Snap"],"picked":"Beam Cell","floor":14},{"not_picked":["Creative AI","Biased Cognition"],"picked":"Electrodynamics","floor":16},{"not_picked":["Cold Snap","Beam Cell"],"picked":"Loop+1","floor":18},{"not_picked":["Stack","Ball Lightning"],"picked":"Tempest","floor":21},{"not_picked":["Recycle","Rebound"],"picked":"Lockon","floor":23},{"not_picked":["Go for the Eyes","Compile Driver"],"picked":"Leap+1","floor":24},{"not_picked":["Coolheaded+1","Undo","Rebound"],"picked":"Gash+1","floor":27},{"not_picked":["Glacier+1","Stack","Amplify"],"picked":"Sweeping Beam+1","floor":28},{"not_picked":["Doom and Gloom+1","Hologram","Ball Lightning+1"],"picked":"Gash","floor":29},{"not_picked":["Chill","Turbo","Go for the Eyes"],"picked":"Gash","floor":31}],"player_experience":117146,"relics_obtained":[{"floor":7,"key":"Pocketwatch"},{"floor":9,"key":"Sundial"},{"floor":12,"key":"DataDisk"},{"floor":17,"key":"Orichalcum"},{"floor":17,"key":"Ornamental Fan"},{"floor":17,"key":"Unceasing Top"},{"floor":21,"key":"Red Mask"},{"floor":24,"key":"Vajra"},{"floor":26,"key":"Question Card"}],"event_choices":[{"damage_healed":0,"gold_gain":0,"player_choice":"Grow","damage_taken":0,"max_hp_gain":0,"max_hp_loss":0,"event_name":"Living Wall","floor":2,"gold_loss":0,"cards_upgraded":["Zap"]},{"damage_healed":0,"gold_gain":0,"player_choice":"Leave","damage_taken":0,"max_hp_gain":0,"max_hp_loss":0,"event_name":"The Cleric","floor":3,"gold_loss":0},{"damage_healed":0,"gold_gain":0,"player_choice":"Damaged","damage_taken":7,"max_hp_gain":0,"max_hp_loss":0,"event_name":"Wheel of Change","floor":5,"gold_loss":0},{"damage_healed":0,"gold_gain":30,"player_choice":"Searched \u00272\u0027 times","damage_taken":0,"max_hp_gain":0,"max_hp_loss":0,"event_name":"Dead Adventurer","floor":12,"gold_loss":0},{"damage_healed":0,"gold_gain":0,"player_choice":"Simplicity","damage_taken":0,"max_hp_gain":0,"max_hp_loss":0,"event_name":"Back to Basics","floor":19,"gold_loss":0,"cards_upgraded":["Strike_B","Strike_B","Strike_B","Strike_B","Defend_B","Defend_B","Defend_B","Defend_B"]},{"damage_healed":0,"gold_gain":0,"player_choice":"Opened","damage_taken":0,"relics_obtained":["Dream Catcher"],"max_hp_gain":0,"max_hp_loss":0,"event_name":"The Mausoleum","floor":20,"gold_loss":0,"cards_obtained":["Writhe"]},{"damage_healed":0,"gold_gain":0,"player_choice":"Fought Bandits","damage_taken":0,"max_hp_gain":0,"max_hp_loss":0,"event_name":"Masked Bandits","floor":21,"gold_loss":0}],"is_beta":false,"boss_relics":[{"not_picked":["Velvet Choker","Nuclear Battery"],"picked":"Calling Bell"}],"items_purged_floors":[22],"is_endless":false,"potions_floor_spawned":[1,11,12,16,18,21,29],"killed_by":"Champ","ascension_level":1}}