{"host":"a2lvm7nbw6nkrc91","time":1609986200,"event":{"mods":["BaseMod","Friendly Minions","Hermit","Lobotomy","Minty Spire (QoL Compilation)","Replay The Spire","StSLib"],"gold_per_floor":[116,127,127,127,137,137,155,155,181,193,193],"floor_reached":10,"playtime":243,"items_purged":[],"score":58,"play_id":"40b14ee4-0cb0-4371-941d-f6634ad7d0ae","local_time":"20210107112320","is_ascension_mode":false,"campfire_choices":[{"data":"hermit:CursedWeapon","floor":6,"key":"SMITH"},{"data":"hermit:TakeAim","floor":8,"key":"SMITH"}],"circlet_count":0,"master_deck":["hermit:Strike_Hermit","hermit:Strike_Hermit","hermit:Strike_Hermit","hermit:Strike_Hermit","hermit:Defend_Hermit","hermit:Defend_Hermit","hermit:Defend_Hermit","hermit:Defend_Hermit","hermit:Snapshot","hermit:Covet","hermit:Manifest","MeatLantern","hermit:CursedWeapon+1","hermit:TakeAim+1","hermit:Misfire"],"relics":["hermit:Momento","CogitoBucket","RabbitCall","Oddly Smooth Stone","MawBank"],"acts_visited":["Exordium"],"potions_floor_usage":[10],"damage_taken":[{"damage":7,"enemies":"Small Slimes","floor":1,"turns":3},{"damage":3,"enemies":"Jaw Worm","floor":2,"turns":6},{"damage":2,"enemies":"Cultist","floor":5,"turns":3},{"damage":6,"enemies":"Gremlin Gang","floor":7,"turns":4},{"damage":52,"enemies":"Lagavulin","floor":10,"turns":3}],"seed_played":"6915087433409774092","potions_obtained":[{"floor":7,"key":"SteroidPotion"}],"is_trial":false,"path_per_floor":["M","M","?","?","M","R","M","R","T","E"],"character_chosen":"HERMIT","items_purchased":[],"campfire_rested":0,"item_purchase_floors":[],"current_hp_per_floor":[68,65,58,58,56,56,50,50,50,0,0],"gold":193,"neow_bonus":"","is_daily":false,"chose_seed":false,"campfire_upgraded":2,"win_rate":0.0,"timestamp":1609986200,"path_taken":["M","M","?","?","?","R","M","R","T","E"],"items_purchased_type":[],"build_version":"2020-12-22","purchased_purges":0,"victory":false,"max_hp_per_floor":[75,75,75,75,75,75,75,75,75,75,75],"card_choices":[{"not_picked":["VoidDream","UniverseFragment","BeautyBeast"],"picked":"Singing Bowl","floor":1},{"not_picked":["hermit:CalledShot","hermit:Coalescence"],"picked":"hermit:Manifest","floor":1},{"not_picked":["Scorched","OSAHOGD"],"picked":"MeatLantern","floor":2},{"not_picked":["hermit:Glare","hermit:SprayPray"],"picked":"hermit:CursedWeapon","floor":2},{"not_picked":["hermit:Dive","hermit:Manifest"],"picked":"hermit:TakeAim","floor":5},{"not_picked":["OldLady","BeautyBeast","SpiderBud"],"picked":"Singing Bowl","floor":7},{"not_picked":["hermit:Coalescence","hermit:LuckOfTheDraw"],"picked":"hermit:Misfire","floor":7}],"player_experience":497603,"relics_obtained":[{"floor":9,"key":"MawBank"}],"event_choices":[{"damage_healed":0,"gold_gain":0,"player_choice":"Success","damage_taken":7,"relics_obtained":["Oddly Smooth Stone"],"max_hp_gain":0,"max_hp_loss":0,"event_name":"Scrap Ooze","floor":3,"gold_loss":0},{"damage_healed":0,"gold_gain":0,"player_choice":"Ignored","damage_taken":0,"max_hp_gain":0,"max_hp_loss":0,"event_name":"NoteForYourself","floor":4,"gold_loss":0}],"is_beta":false,"boss_relics":[],"items_purged_floors":[],"is_endless":false,"potions_floor_spawned":[7],"killed_by":"Lagavulin","ascension_level":0}}