{"host":"szp1d6dso4pv7ddl","time":1609991833,"event":{"mods":["AchievementEnabler","Alarm Clock","BaseMod","Bestiary","Block Reminder","Colored Map","Colored Powertips","Curses Come First","Displayed Cursed Tome","Highlight Path","Minty Spire (QoL Compilation)","Permanent Neow","Quick Restart","Relic Sorter","Relic Stats","StSLib","Synergy Search"],"gold_per_floor":[118,43,143,157,107,107,107,118,118,130,130,155,77,87,87,164,164,175,60,79,92,112,112,112,112,139,157,157,157,157,157,157,157,157],"floor_reached":33,"playtime":1488,"items_purged":["Strike_R"],"score":502,"play_id":"19032a59-cf14-4020-b435-282c260981b0","local_time":"20210106195713","is_ascension_mode":true,"campfire_choices":[{"data":"Evolve","floor":6,"key":"SMITH"},{"data":"Shrug It Off","floor":11,"key":"SMITH"},{"data":"Bash","floor":15,"key":"SMITH"},{"floor":23,"key":"REST"},{"data":"True Grit","floor":25,"key":"SMITH"},{"data":"Fire Breathing","floor":28,"key":"SMITH"},{"floor":32,"key":"REST"}],"circlet_count":0,"master_deck":["AscendersBane","Strike_R","Defend_R","Defend_R","Defend_R","Bash+1","Wild Strike","Evolve+1","Wild Strike","Sever Soul","Twin Strike","Shrug It Off+1","Uppercut+1","Dropkick+1","Sentinel","Demon Form","Ghostly Armor","Feel No Pain","Sentinel","Flame Barrier","True Grit+1","Anger+1","True Grit","Fire Breathing+1","Writhe"],"relics":["Burning Blood","Molten Egg 2","Letter Opener","Mark of Pain","Oddly Smooth Stone","StrikeDummy","Darkstone Periapt"],"acts_visited":["Exordium","TheCity"],"potions_floor_usage":[16,27,29],"damage_taken":[{"damage":18,"enemies":"Jaw Worm","floor":1,"turns":5},{"damage":6,"enemies":"Cultist","floor":4,"turns":3},{"damage":0,"enemies":"Small Slimes","floor":8,"turns":4},{"damage":8,"enemies":"Exordium Wildlife","floor":10,"turns":4},{"damage":8,"enemies":"Gremlin Nob","floor":12,"turns":3},{"damage":17,"enemies":"3 Louse","floor":14,"turns":3},{"damage":0,"enemies":"Slime Boss","floor":16,"turns":5},{"damage":27,"enemies":"Shell Parasite","floor":18,"turns":4},{"damage":0,"enemies":"Chosen","floor":20,"turns":4},{"damage":23,"enemies":"Shelled Parasite and Fungi","floor":21,"turns":8},{"damage":7,"enemies":"Centurion and Healer","floor":22,"turns":6},{"damage":18,"enemies":"Snake Plant","floor":27,"turns":2},{"damage":16,"enemies":"Colosseum Slavers","floor":29,"turns":4},{"damage":68,"enemies":"Collector","floor":33,"turns":5}],"seed_played":"4583451755502314299","potions_obtained":[{"floor":10,"key":"LiquidBronze"},{"floor":12,"key":"Energy Potion"},{"floor":14,"key":"Fire Potion"},{"floor":18,"key":"Energy Potion"},{"floor":27,"key":"GamblersBrew"}],"is_trial":false,"path_per_floor":["M","$","?","M","?","R","?","M","T","M","R","E","$","M","R","B",null,"M","$","M","M","M","R","?","R","T","M","R","?","?","T","R","B"],"character_chosen":"IRONCLAD","items_purchased":["Dropkick+1","Feel No Pain","Sentinel"],"campfire_rested":2,"item_purchase_floors":[13,19,19],"current_hp_per_floor":[56,56,56,56,56,56,56,62,62,60,60,58,58,47,47,53,64,43,43,49,32,31,51,51,51,51,39,39,29,29,29,49,0,0],"gold":157,"neow_bonus":"TRANSFORM_TWO_CARDS","is_daily":false,"chose_seed":false,"campfire_upgraded":5,"win_rate":0.0,"timestamp":1609991833,"path_taken":["M","$","?","?","?","R","?","M","T","M","R","E","?","M","R","BOSS","M","$","M","M","M","R","?","R","T","M","R","?","?","?","R","BOSS"],"items_purchased_type":["Card","Card","Card"],"build_version":"2020-12-22","purchased_purges":1,"victory":false,"max_hp_per_floor":[68,68,68,68,68,68,68,68,68,68,68,68,68,68,68,68,68,68,68,68,68,68,68,68,68,68,68,68,68,68,68,68,68,68],"relic_stats":{"Darkstone Periapt":0,"counters":[14,60],"Letter Opener":[25],"obtain_stats":[{"Darkstone Periapt":31,"Oddly Smooth Stone":26,"Molten Egg 2":9,"Mark of Pain":17,"Letter Opener":12,"StrikeDummy":30,"Burning Blood":0},{"Darkstone Periapt":13,"Oddly Smooth Stone":11,"Molten Egg 2":3,"Mark of Pain":7,"Letter Opener":5,"StrikeDummy":13,"Burning Blood":0},{"Darkstone Periapt":55,"Oddly Smooth Stone":49,"Molten Egg 2":12,"Mark of Pain":27,"Letter Opener":19,"StrikeDummy":55,"Burning Blood":0}],"Burning Blood":78},"card_choices":[{"not_picked":["Shrug It Off","Reckless Charge"],"picked":"Wild Strike","floor":1},{"not_picked":["True Grit","Hemokinesis"],"picked":"Sever Soul","floor":4},{"not_picked":["Metallicize","Bloodletting"],"picked":"Twin Strike","floor":8},{"not_picked":["Rupture","Anger+1"],"picked":"Shrug It Off","floor":10},{"not_picked":["Inflame","Body Slam+1"],"picked":"Uppercut+1","floor":12},{"not_picked":["Perfected Strike+1","Sword Boomerang+1"],"picked":"Sentinel","floor":14},{"not_picked":["Corruption","Barricade"],"picked":"Demon Form","floor":16},{"not_picked":["Perfected Strike+1","Bloodletting"],"picked":"Ghostly Armor","floor":18},{"not_picked":["Perfected Strike+1","Second Wind"],"picked":"Flame Barrier","floor":20},{"not_picked":["Pummel+1","Metallicize"],"picked":"True Grit","floor":21},{"not_picked":["Headbutt+1","Blood for Blood+1"],"picked":"Anger+1","floor":22},{"not_picked":["Armaments","Iron Wave+1"],"picked":"Fire Breathing","floor":27}],"player_experience":1136978,"relics_obtained":[{"floor":9,"key":"Molten Egg 2"},{"floor":12,"key":"Letter Opener"},{"floor":26,"key":"Oddly Smooth Stone"},{"floor":31,"key":"Darkstone Periapt"}],"event_choices":[{"damage_healed":0,"gold_gain":100,"player_choice":"Pray","damage_taken":0,"max_hp_gain":0,"max_hp_loss":0,"event_name":"Golden Shrine","floor":3,"gold_loss":0},{"cards_removed":["Strike_R"],"damage_healed":0,"gold_gain":0,"player_choice":"Card Removal","damage_taken":0,"max_hp_gain":0,"max_hp_loss":0,"event_name":"The Cleric","floor":5,"gold_loss":50},{"cards_removed":["Strike_R"],"damage_healed":0,"gold_gain":0,"player_choice":"Forget","damage_taken":0,"max_hp_gain":0,"max_hp_loss":0,"event_name":"Living Wall","floor":7,"gold_loss":0},{"damage_healed":0,"gold_gain":0,"player_choice":"Read","damage_taken":0,"max_hp_gain":0,"max_hp_loss":0,"event_name":"The Library","floor":24,"gold_loss":0,"cards_obtained":["True Grit"]},{"damage_healed":0,"gold_gain":0,"player_choice":"Fight","damage_taken":0,"max_hp_gain":0,"max_hp_loss":0,"event_name":"Colosseum","floor":29,"gold_loss":0},{"damage_healed":0,"gold_gain":0,"player_choice":"Fled From Nobs","damage_taken":0,"max_hp_gain":0,"max_hp_loss":0,"event_name":"Colosseum","floor":29,"gold_loss":0},{"damage_healed":0,"gold_gain":0,"player_choice":"Opened","damage_taken":0,"relics_obtained":["StrikeDummy"],"max_hp_gain":0,"max_hp_loss":0,"event_name":"The Mausoleum","floor":30,"gold_loss":0,"cards_obtained":["Writhe"]}],"is_beta":false,"boss_relics":[{"not_picked":["Velvet Choker","Tiny House"],"picked":"Mark of Pain"}],"items_purged_floors":[2],"is_endless":false,"potions_floor_spawned":[10,12,14,18,21,27],"killed_by":"Collector","ascension_level":14}}