{"host":"hn9kwncajibu2nw8","time":1609983379,"event":{"mods":["AchievementEnabler","BaseMod","Block Reminder","Colored Powertips","DeckTracker","Highlight Path","KOR Keyword Fix","Minty Spire (QoL Compilation)","Quick Restart","Rare Cards Sparkle"],"gold_per_floor":[362,362,376,9,23,49,62,62,62,88,88,88,88,121,121,246,246,271,290,308,308,308,339,360,360,407,407,430,105,118,138,138,266,266,285,303,50,64,82,123,123,123,123,123,157,182,225,245,245,245,245,245,7,43,43],"floor_reached":56,"playtime":2844,"items_purged":["Strike_R","Flex","Defend_R"],"score":1776,"play_id":"8770e77b-3483-4f85-98a3-13ca08fce1ea","local_time":"20210107103619","is_ascension_mode":true,"campfire_choices":[{"data":"Bludgeon","floor":8.0,"key":"SMITH"},{"data":"Entrench","floor":11.0,"key":"SMITH"},{"data":"Second Wind","floor":15.0,"key":"SMITH"},{"data":"Barricade","floor":25.0,"key":"SMITH"},{"data":"Evolve","floor":32,"key":"SMITH"},{"floor":44,"key":"RECALL"},{"floor":49,"key":"REST"},{"floor":52,"key":"REST"}],"circlet_count":0,"master_deck":["Defend_R","Defend_R","Defend_R","Bash+1","Hemokinesis","Second Wind+1","Power Through","Wild Strike","Sentinel","Bludgeon+1","Shrug It Off","Entrench+1","Thunderclap","Barricade+1","Power Through+1","Clothesline+1","Evolve+1","Exhume","True Grit+1","Juggernaut","Power Through","Feel No Pain","Thinking Ahead","Feel No Pain","Entrench+1","Corruption","Body Slam+1","Dark Embrace","Body Slam","Feel No Pain","Disarm"],"relics":["Burning Blood","Gremlin Horn","Happy Flower","Omamori","Shuriken","Golden Idol","Anchor","Mark of Pain","Pantograph","Fusion Hammer","Lantern","PreservedInsect","Darkstone Periapt","Letter Opener","Smiling Mask","Bronze Scales","Pear"],"acts_visited":["Exordium","TheCity","TheBeyond","TheEnding"],"potions_floor_usage":[36,45,50,54,55,55],"damage_taken":[{"damage":11.0,"enemies":"Jaw Worm","floor":1.0,"turns":4.0},{"damage":2.0,"enemies":"Cultist","floor":3.0,"turns":3.0},{"damage":7.0,"enemies":"Small Slimes","floor":5.0,"turns":4.0},{"damage":34.0,"enemies":"Gremlin Nob","floor":6.0,"turns":4.0},{"damage":7.0,"enemies":"Gremlin Gang","floor":7.0,"turns":4.0},{"damage":2.0,"enemies":"Lagavulin","floor":10.0,"turns":3.0},{"damage":14.0,"enemies":"3 Sentries","floor":14.0,"turns":8.0},{"damage":15.0,"enemies":"The Guardian","floor":16.0,"turns":9.0},{"damage":0.0,"enemies":"Spheric Guardian","floor":18.0,"turns":6.0},{"damage":5.0,"enemies":"3 Byrds","floor":19.0,"turns":7.0},{"damage":5.0,"enemies":"Snecko","floor":20.0,"turns":7.0},{"damage":13.0,"enemies":"Book of Stabbing","floor":23.0,"turns":10.0},{"damage":31.0,"enemies":"Shelled Parasite and Fungi","floor":24.0,"turns":9.0},{"damage":26.0,"enemies":"Snake Plant","floor":28.0,"turns":6.0},{"damage":8.0,"enemies":"Cultist and Chosen","floor":30.0,"turns":6.0},{"damage":0.0,"enemies":"Sentry and Sphere","floor":31.0,"turns":6.0},{"damage":11,"enemies":"Automaton","floor":33,"turns":14},{"damage":0,"enemies":"Orb Walker","floor":35,"turns":5},{"damage":0,"enemies":"3 Shapes","floor":36,"turns":4},{"damage":0,"enemies":"Writhing Mass","floor":38,"turns":4},{"damage":12,"enemies":"Sphere and 2 Shapes","floor":39,"turns":4},{"damage":28,"enemies":"Nemesis","floor":40,"turns":7},{"damage":19,"enemies":"Reptomancer","floor":45,"turns":4},{"damage":0,"enemies":"Maw","floor":46,"turns":4},{"damage":3,"enemies":"Giant Head","floor":47,"turns":6},{"damage":0,"enemies":"Jaw Worm Horde","floor":48,"turns":3},{"damage":5,"enemies":"Time Eater","floor":50,"turns":6},{"damage":41,"enemies":"Shield and Spear","floor":54,"turns":4},{"damage":86,"enemies":"The Heart","floor":55,"turns":9}],"seed_played":"3428935960244565143","potions_obtained":[{"floor":1.0,"key":"Dexterity Potion"},{"floor":6.0,"key":"ColorlessPotion"},{"floor":10.0,"key":"Weak Potion"},{"floor":16.0,"key":"HeartOfIron"},{"floor":20.0,"key":"Swift Potion"},{"floor":24.0,"key":"ElixirPotion"},{"floor":28.0,"key":"ColorlessPotion"},{"floor":33,"key":"PowerPotion"},{"floor":39,"key":"Ancient Potion"},{"floor":45,"key":"BloodPotion"},{"floor":47,"key":"BloodPotion"},{"floor":54,"key":"Block Potion"}],"is_trial":false,"path_per_floor":["M","?","M","$","M","E","M","R","T","E","R","?","?","E","R","B",null,"M","M","M","?","?","E","M","R","T","?","M","$","M","M","R","B",null,"M","M","$","M","M","E","?","T","T","R","E","M","E","M","R","B",null,"R","$","E","B",null],"character_chosen":"IRONCLAD","items_purchased":["Power Through","Gremlin Horn","Wild Strike","Feel No Pain","Thinking Ahead","Lantern","FairyPotion","Swift Potion","Disarm"],"campfire_rested":2,"item_purchase_floors":[4,4,4,29,29,37,53,53,53],"current_hp_per_floor":[67,67,71,71,70,42,41,41,41,45,45,45,45,37,37,28,61,67,68,69,69,69,62,37,37,37,37,17,17,15,21,21,41,64,70,72,72,72,66,44,62,62,62,62,63,69,72,72,72,72,72,72,72,47,16],"gold":43,"neow_bonus":"TWO_FIFTY_GOLD","is_daily":false,"chose_seed":false,"campfire_upgraded":5,"win_rate":0.0,"timestamp":1609983379,"path_taken":["M","?","M","$","?","E","M","R","T","E","R","?","?","E","R","BOSS","M","M","?","?","?","E","M","R","T","?","M","$","M","M","R","BOSS","M","M","$","M","M","E","?","?","T","R","E","?","E","M","R","BOSS","R","$","E","BOSS"],"items_purchased_type":["Card","Relic","Card","Card","Card","Relic","Potion","Potion","Card"],"build_version":"2020-12-22","purchased_purges":3,"victory":true,"max_hp_per_floor":[72,72,72,72,72,72,72,72,72,72,72,72,72,72,72,72,72,72,72,72,72,72,72,72,72,72,72,72,72,72,72,72,72,72,72,72,72,72,72,72,72,72,72,72,72,72,72,72,72,72,72,72,72,82,82],"card_choices":[{"not_picked":["Havoc","True Grit"],"picked":"Hemokinesis","floor":1.0},{"not_picked":["Warcry","Pommel Strike"],"picked":"Second Wind","floor":3.0},{"not_picked":["Perfected Strike","Cleave"],"picked":"Sentinel","floor":5.0},{"not_picked":["Disarm","Pommel Strike"],"picked":"Bludgeon","floor":6.0},{"not_picked":["Shockwave","Carnage"],"picked":"Shrug It Off","floor":7.0},{"not_picked":["Iron Wave","Metallicize"],"picked":"Entrench","floor":10.0},{"not_picked":["Anger","Havoc","Clash"],"picked":"SKIP","floor":14.0},{"not_picked":["Demon Form","Bludgeon"],"picked":"Barricade","floor":16.0},{"not_picked":["Thunderclap","Heavy Blade"],"picked":"Power Through+1","floor":18.0},{"not_picked":["Cleave","Iron Wave"],"picked":"Clothesline+1","floor":19.0},{"not_picked":["Feel No Pain","Headbutt"],"picked":"Evolve","floor":20.0},{"not_picked":["Cleave","Second Wind"],"picked":"True Grit+1","floor":23.0},{"not_picked":["Heavy Blade+1","Combust"],"picked":"Juggernaut","floor":24.0},{"not_picked":["Ghostly Armor+1","True Grit"],"picked":"Power Through","floor":28.0},{"not_picked":["Twin Strike","Heavy Blade"],"picked":"Feel No Pain","floor":30.0},{"not_picked":["Fire Breathing","Inflame+1"],"picked":"Entrench+1","floor":31.0},{"not_picked":["Bludgeon","Berserk"],"picked":"Corruption","floor":33},{"not_picked":["Iron Wave","Sword Boomerang+1"],"picked":"Body Slam+1","floor":35},{"not_picked":["Thunderclap+1","Inflame+1"],"picked":"Dark Embrace","floor":36},{"not_picked":["Clothesline","Whirlwind"],"picked":"Body Slam","floor":38},{"not_picked":["Pommel Strike","Rampage+1","Heavy Blade"],"picked":"SKIP","floor":39},{"not_picked":["Headbutt","Flame Barrier","Heavy Blade+1"],"picked":"SKIP","floor":40},{"not_picked":["Uppercut+1","Dual Wield","Double Tap"],"picked":"SKIP","floor":45},{"not_picked":["Ghostly Armor","Sword Boomerang"],"picked":"Feel No Pain","floor":46},{"not_picked":["Twin Strike","Clothesline","Cleave+1"],"picked":"SKIP","floor":47},{"not_picked":["Headbutt+1","Cleave","Perfected Strike"],"picked":"SKIP","floor":48},{"not_picked":["Rampage+1","Bloodletting","Searing Blow"],"picked":"SKIP","floor":54}],"player_experience":476737,"relics_obtained":[{"floor":6.0,"key":"Happy Flower"},{"floor":9.0,"key":"Omamori"},{"floor":10.0,"key":"Shuriken"},{"floor":14.0,"key":"Anchor"},{"floor":23.0,"key":"Pantograph"},{"floor":40,"key":"PreservedInsect"},{"floor":42,"key":"Darkstone Periapt"},{"floor":43,"key":"Letter Opener"},{"floor":45,"key":"Smiling Mask"},{"floor":47,"key":"Bronze Scales"},{"floor":54,"key":"Pear"}],"event_choices":[{"damage_healed":0.0,"max_hp_gain":0.0,"max_hp_loss":0.0,"gold_gain":0.0,"event_name":"Upgrade Shrine","player_choice":"Upgraded","floor":2.0,"gold_loss":0.0,"damage_taken":0.0,"cards_upgraded":["Bash"]},{"damage_healed":0.0,"max_hp_gain":0.0,"max_hp_loss":0.0,"gold_gain":0.0,"event_name":"Golden Idol","player_choice":"Take Wound","floor":12.0,"gold_loss":0.0,"damage_taken":0.0,"relics_obtained":["Golden Idol"],"cards_obtained":["Injury"]},{"damage_healed":0.0,"max_hp_gain":0.0,"max_hp_loss":0.0,"gold_gain":0.0,"cards_transformed":["Strike_R"],"event_name":"Transmorgrifier","player_choice":"Transformed","floor":13.0,"gold_loss":0.0,"damage_taken":0.0,"cards_obtained":["Thunderclap"]},{"damage_healed":0.0,"max_hp_gain":0.0,"max_hp_loss":0.0,"gold_gain":0.0,"cards_transformed":["Strike_R","Strike_R"],"event_name":"Drug Dealer","player_choice":"Became Test Subject","floor":21.0,"gold_loss":0.0,"damage_taken":0.0,"cards_obtained":["Exhume","Flex"]},{"cards_removed":["Strike_R"],"damage_healed":0.0,"max_hp_gain":0.0,"max_hp_loss":0.0,"gold_gain":0.0,"event_name":"Back to Basics","player_choice":"Elegance","floor":22.0,"gold_loss":0.0,"damage_taken":0.0},{"damage_healed":0.0,"max_hp_gain":0.0,"max_hp_loss":0.0,"gold_gain":0.0,"event_name":"Vampires","player_choice":"Ignored","floor":27.0,"gold_loss":0.0,"damage_taken":0.0},{"damage_healed":18,"gold_gain":0,"player_choice":"Writhe","damage_taken":0,"max_hp_gain":0,"max_hp_loss":0,"event_name":"Winding Halls","floor":41,"gold_loss":0,"cards_obtained":["Writhe"]}],"is_beta":false,"boss_relics":[{"not_picked":["Runic Dome","Coffee Dripper"],"picked":"Mark of Pain"},{"not_picked":["Velvet Choker","Black Blood"],"picked":"Fusion Hammer"}],"items_purged_floors":[29,37,53],"is_endless":false,"potions_floor_spawned":[1,6,10,16,20,24,28,33,39,45,47,54],"ascension_level":8}}