{"host":"wy5pcbg592uilh9l","time":1609985607,"event":{"mods":["AchievementEnabler","BaseMod","BetterRewards","Hubris","Infinite Spire","Minty Spire (QoL Compilation)","Permanent Neow","Replay The Spire","StSLib"],"gold_per_floor":[109,120,395,51,62,95,111,18,18,18,18,30,30,60,60,60,60],"floor_reached":16,"playtime":712,"items_purged":["Strike_R","Strike_R"],"score":192,"play_id":"96c1bd98-281b-4080-baa9-71b9068290a3","local_time":"20210106201327","is_ascension_mode":true,"campfire_choices":[{"floor":11,"key":"REST"},{"floor":13,"key":"REST"},{"floor":15,"key":"REST"}],"circlet_count":0,"master_deck":["Strike_R","Strike_R","Strike_R","Defend_R","Defend_R","Defend_R","Defend_R","Bash","Cleave","Regret","Thunderclap","ReplayTheSpireMod:Strike From Hell","True Grit","Replay:BasicMightCard","Searing Blow"],"relics":["Burning Blood","Bag of Marbles","hubris:Metronome","InkBottle","Regal Pillow"],"acts_visited":["Exordium"],"potions_floor_usage":[14,14],"damage_taken":[{"damage":0,"enemies":"Cultist","floor":1,"turns":2},{"damage":4,"enemies":"Jaw Worm","floor":2,"turns":5},{"damage":2,"enemies":"2 Louse","floor":5,"turns":2},{"damage":56,"enemies":"3 Sentries","floor":6,"turns":9},{"damage":15,"enemies":"Blue Slaver","floor":7,"turns":2},{"damage":13,"enemies":"Exordium Thugs","floor":12,"turns":4},{"damage":12,"enemies":"Gremlin Nob","floor":14,"turns":3},{"damage":39,"enemies":"The Guardian","floor":16,"turns":3}],"seed_played":"4599021012669965602","potions_obtained":[{"floor":2,"key":"Milkshake"},{"floor":7,"key":"FearPotion"},{"floor":12,"key":"HeartOfIron"}],"is_trial":false,"path_per_floor":["M","M","?","$","M","E","M","$","T","$","R","M","R","E","R","B"],"character_chosen":"IRONCLAD","items_purchased":["Bag of Marbles","hubris:Metronome","Replay:BasicMightCard"],"campfire_rested":3,"item_purchase_floors":[0,4,8],"current_hp_per_floor":[79,80,80,80,80,30,21,21,21,21,45,38,62,56,80,41,41],"gold":60,"neow_bonus":"","is_daily":false,"chose_seed":false,"campfire_upgraded":0,"win_rate":0.0,"timestamp":1609985607,"path_taken":["M","?","?","$","?","E","M","$","T","?","R","M","R","E","R","BOSS"],"items_purchased_type":["Relic","Relic","Card"],"build_version":"2020-12-22","purchased_purges":2,"victory":false,"max_hp_per_floor":[80,80,80,80,80,80,80,80,80,80,80,80,80,80,80,80,80],"card_choices":[{"not_picked":["Reckless Charge","ReplayReversal","Rupture"],"picked":"SKIP","floor":1},{"not_picked":["Ghostly Armor","Warcry"],"picked":"Cleave","floor":2},{"not_picked":["True Grit","Massacre"],"picked":"Thunderclap","floor":5},{"not_picked":["Life Link","Shockwave"],"picked":"ReplayTheSpireMod:Strike From Hell","floor":6},{"not_picked":["Run Through","Infernal Blade"],"picked":"True Grit","floor":7},{"not_picked":["ReplayTheSpireMod:Strike From Hell","Feel No Pain"],"picked":"Searing Blow","floor":12},{"not_picked":["Offering","Brutality","Entrench"],"picked":"SKIP","floor":14}],"player_experience":219231,"relics_obtained":[{"floor":6,"key":"InkBottle"},{"floor":14,"key":"Regal Pillow"}],"event_choices":[{"damage_healed":0,"gold_gain":275,"player_choice":"Desecrate","damage_taken":0,"max_hp_gain":0,"max_hp_loss":0,"event_name":"Golden Shrine","floor":3,"gold_loss":0,"cards_obtained":["Regret"]}],"is_beta":false,"boss_relics":[],"items_purged_floors":[0,4],"is_endless":false,"potions_floor_spawned":[2,7,12],"killed_by":"The Guardian","ascension_level":4}}