{"host":"qkbnayyek6fga752","time":1609991059,"event":{"mods":["100% Spire Juice","2.2 Compatiblity","Arknights The Spire","Aspiration","Astrologer","BaseMod","Beaked The Cultist","Better Altar","Better Match","Better Note","Better Sensory Stone","Better Skull","Better Third Choice","CCEM","CapriCore","ChefMod","Clockwork Mod","Conspire","Ekko","Energized Spire","Evolution","Glutton Mod","Hermit","Hubris","Humility","Jedi Mod","Koishi","Mad Scientist","Marisa????????","Minty Spire (QoL Compilation)","Quarter Circle Forward PUNCH!","Random Character Mod","Replay The Spire","Robot Space Explorer","SIMod","Spicy Shops","StSLib","The Administrix","The Alterego","The Animator","The Blackbeard","The Blue Laboratory","The Bug Knight","The Construct","The Cursed","The Death Knight","The Disciple","The Druid","The Exalted","The Forsaken","The Gatherer","The Hayseed","The Hierophant","The Immortal","The Juggle","The Marked","The Necromancer","The Problem Sleuth","The Runesmith","The Sage","The Senshi","The Vixen","TheArtist","TheLocksmith","TheSwordswoman","TheVacant","TheVelvet","Trackpad","Yuri Mod","thorton","vexMod"],"gold_per_floor":[113,32,32,53,53,91,134,134,134,165,189,189,189,229,229,359,359,377,302,86,124,171,212,245,280,304,340,8,8,8,8,8,8,8,8,8,8,8,8,8,8,8,33,72,72,110,186,230,230,270],"floor_reached":51,"playtime":6248,"items_purged":["Glutton:Voracity"],"score":1193,"play_id":"cfe6a89b-c04e-4f86-a440-7fde5a2292ff","local_time":"20210106224419","daily_mods":["SealedDeck","Heirloom","Flight","DeadlyEvents","Elite Swarm"],"is_ascension_mode":false,"campfire_choices":[{"floor":8,"key":"REST"},{"floor":13,"key":"REST"},{"floor":15,"key":"DIG"},{"data":"Glutton:Revivification","floor":45,"key":"SMITH"},{"floor":49,"key":"DIG"}],"circlet_count":0,"master_deck":["Glutton:Throb","Glutton:Treat","Glutton:Chomp","Glutton:Bite","Glutton:BellySlam","Glutton:Revivification+1","Glutton:Masochism","Glutton:FeverVisions","Glutton:Thrombosis","Glutton:Rest","Glutton:EatAlive","Glutton:Retaliation","Glutton:Enfeeblement","Glutton:Salivate","hubris:DuctTapeCard","Glutton:Vitality","Glutton:Enfeeblement","Glutton:Scab","Glutton:GuardStance+1","Glutton:Bite","Glutton:Treat","Glutton:FeverVisions","Glutton:StarvationMode","Glutton:Vitality+1","Glutton:Megrim","Glutton:Hemophilia","Glutton:Hemophilia","Glutton:Revivification","Glutton:Chomp+1","Glutton:Scab","Glutton:Vitality","Glutton:EatAlive","Glutton:Hoard","Glutton:Toxicity","Glutton:Malignancy","Glutton:Malignancy","Glutton:Vitality","Glutton:Malignancy","Glutton:Enfeeblement","Glutton:Vitality"],"relics":["Glutton:EternalHunger","EVO:Axolotl","Replay:Towering Pillar of Hats","Golden Idol","hubris:Towel","Orichalcum","hubris:SphereOfDissonance","Replay:WaspNest","trackpad:FieryHotPepper","hubris:DuctTape","hubris:OldNail","aspiration:RitualDagger","vexMod:ScavengeHelm","trackpad:AdjectivePendant","vexMod:Dragonfruit","Runesmith:Locket","White Beast Statue","jedi:shrinkray","CCEMRelics:TechnogenicHelmet","jedi:ominousloannote","hubris:PeanutButter","hubris:FunFungus","conspire:InfiniteJournal","conspire:RunicOctahedron","conspire:GlowingRock","trackpad:RapidFire","aspiration:HatOfInfinitePower","Blood Vial","Replay:Bottled Snecko","Prayer Wheel","CCEMRelics:JestersCrown","trackpad:ByrdCharm","conspire:TopHat"],"acts_visited":["Exordium","TheCity","TheBeyond"],"potions_floor_usage":[7,14,18,27,30,38,44,50],"damage_taken":[{"damage":13,"enemies":"Small Slimes","floor":1,"turns":4},{"damage":15,"enemies":"Jaw Worm","floor":4,"turns":3},{"damage":129,"enemies":"3 Sentries","floor":6,"turns":10},{"damage":95,"enemies":"Lagavulin","floor":7,"turns":9},{"damage":77,"enemies":"3 Sentries","floor":10,"turns":6},{"damage":2,"enemies":"2 Louse","floor":11,"turns":2},{"damage":28,"enemies":"Gremlin Nob","floor":14,"turns":3},{"damage":46,"enemies":"Fading Forest","floor":16,"turns":11},{"damage":38,"enemies":"Shell Parasite","floor":18,"turns":4},{"damage":68,"enemies":"Slavers","floor":21,"turns":3},{"damage":43,"enemies":"Book of Stabbing","floor":23,"turns":4},{"damage":39,"enemies":"conspire:Head Lice","floor":24,"turns":5},{"damage":40,"enemies":"Slavers","floor":25,"turns":3},{"damage":29,"enemies":"Replay:Snechameleon","floor":27,"turns":3},{"damage":10,"enemies":"3 Byrds","floor":29,"turns":3},{"damage":56,"enemies":"Gremlin Leader","floor":30,"turns":4},{"damage":78,"enemies":"conspire:HollyBat","floor":31,"turns":9},{"damage":137,"enemies":"Automaton","floor":33,"turns":7},{"damage":21,"enemies":"Orb Walker","floor":35,"turns":3},{"damage":49,"enemies":"3 Shapes","floor":38,"turns":3},{"damage":84,"enemies":"Spire Growth","floor":39,"turns":5},{"damage":85,"enemies":"Giant Head","floor":40,"turns":6},{"damage":36,"enemies":"R_Hoarder","floor":41,"turns":7},{"damage":18,"enemies":"HollowMod:StalkingDevout","floor":42,"turns":4},{"damage":27,"enemies":"Reptomancer","floor":44,"turns":5},{"damage":74,"enemies":"Nemesis","floor":46,"turns":5},{"damage":18,"enemies":"beaked:SuperParasite","floor":47,"turns":5},{"damage":18,"enemies":"Nemesis","floor":48,"turns":6},{"damage":29,"enemies":"conspire:OrnateMirror","floor":50,"turns":6}],"seed_played":"2802503073777039038","potions_obtained":[{"floor":4,"key":"blueLaboratory:FruitPunch"},{"floor":6,"key":"Milkshake"},{"floor":10,"key":"Regen Potion"},{"floor":14,"key":"DeathKnight:RimePotion"},{"floor":16,"key":"blueLaboratory:EnragingPotion"},{"floor":27,"key":"blueLaboratory:BubblePotion"},{"floor":29,"key":"DistilledChaos"},{"floor":30,"key":"Strength Potion"},{"floor":35,"key":"jedi:tentaclejuice"},{"floor":38,"key":"Fire Potion"},{"floor":40,"key":"EntropicBrew"},{"floor":41,"key":"Block Potion"},{"floor":44,"key":"SpeedPotion"},{"floor":47,"key":"PowerPotion"}],"is_trial":true,"path_per_floor":["M","$","?","M","?","E","E","R","T","E","M","?","R","E","R","B",null,"M","?","$","E","T","E","E","E","T","E","$","M","E","M","R","B",null,"M","$","NS","M","M","E","E","E","T","E","R","E","E","E","R","B",null],"character_chosen":"GLUTTON","items_purchased":["Glutton:Voracity","Glutton:Bite","Glutton:Treat","Glutton:FeverVisions","Glutton:Revivification","jedi:ominousloannote","hubris:PeanutButter","hubris:FunFungus","Glutton:Chomp+1"],"campfire_rested":2,"item_purchase_floors":[2,20,20,20,28,28,28,28,28],"current_hp_per_floor":[115,115,85,78,78,24,12,49,49,16,20,20,59,57,57,132,144,135,135,135,91,91,80,79,82,82,82,82,91,134,158,158,139,189,183,183,183,166,145,213,249,252,252,264,264,265,275,273,273,281],"gold":270,"neow_bonus":"","is_daily":false,"chose_seed":false,"campfire_upgraded":1,"win_rate":0.0,"timestamp":1609991059,"path_taken":["M","$","?","M","?","E","?","R","T","E","?","?","R","E","R","BOSS","M","?","$","?","?","E","E","E","T","E","$","M","E","?","R","BOSS","M","$","NS","?","M","E","E","E","T","E","R","?","E","E","R","BOSS"],"items_purchased_type":["Card","Card","Card","Card","Card","Relic","Relic","Relic","Card"],"build_version":"2020-12-22","purchased_purges":1,"victory":true,"max_hp_per_floor":[120,120,120,120,120,122,124,124,124,131,131,131,131,131,131,144,144,159,159,159,159,159,177,177,177,177,177,177,177,189,189,189,189,189,189,189,189,198,209,231,252,252,252,264,264,275,275,276,276,293],"card_choices":[{"not_picked":["Glutton:SelfFlagellate","Glutton:Chomp"],"picked":"Glutton:Thrombosis","floor":1},{"not_picked":["Glutton:KneeJerk","Glutton:Salivate"],"picked":"Glutton:Rest","floor":4},{"not_picked":["Glutton:Inversion","Glutton:Fast"],"picked":"Glutton:EatAlive","floor":6},{"not_picked":["Glutton:FragileMight","Glutton:Excrescence"],"picked":"Glutton:Retaliation","floor":7},{"not_picked":["Glutton:FragileMight","Glutton:Fast"],"picked":"Glutton:Enfeeblement","floor":10},{"not_picked":["Glutton:Slam","Glutton:ShedFat"],"picked":"Glutton:Salivate","floor":11},{"not_picked":["Glutton:Retaliation","Glutton:Treasure"],"picked":"Glutton:Vitality","floor":14},{"not_picked":["Glutton:Malignancy","Glutton:Excrescence"],"picked":"Glutton:Enfeeblement","floor":16},{"not_picked":["Glutton:Borborygmi","Glutton:Demolish"],"picked":"Glutton:Scab","floor":18},{"not_picked":["Glutton:Borborygmi+1","Glutton:LashOut+1"],"picked":"Glutton:GuardStance+1","floor":19},{"not_picked":["Glutton:Fast","Glutton:Treasure"],"picked":"Glutton:StarvationMode","floor":21},{"not_picked":["Glutton:Avarice","Glutton:StarvationMode"],"picked":"Glutton:Vitality","floor":23},{"not_picked":["Glutton:Nostalgia","Glutton:StarvationMode"],"picked":"Glutton:Megrim","floor":24},{"not_picked":["Glutton:Inversion","Glutton:Avarice"],"picked":"Glutton:Hemophilia","floor":25},{"not_picked":["Glutton:Nostalgia","Glutton:Excrescence"],"picked":"Glutton:Hemophilia","floor":27},{"not_picked":["Glutton:GnawingHunger","Glutton:ShedFat+1"],"picked":"Glutton:Scab","floor":29},{"not_picked":["Glutton:Avarice","Glutton:EatAlive"],"picked":"Glutton:Vitality","floor":30},{"not_picked":["Glutton:ObsessiveGreed+1","Glutton:Rapacity+1","Glutton:Throb+1"],"picked":"SKIP","floor":31},{"not_picked":["Glutton:Avarice","Glutton:Excrescence"],"picked":"Glutton:EatAlive","floor":33},{"not_picked":["Glutton:Mug+1","Glutton:GnawingHunger+1"],"picked":"Glutton:Hoard","floor":35},{"not_picked":["Glutton:Feast","Glutton:Rapacity+1"],"picked":"Glutton:Toxicity","floor":38},{"not_picked":["Glutton:Fast","Glutton:Demolish+1","Glutton:PainMeditation"],"picked":"SKIP","floor":39},{"not_picked":["Glutton:EatAlive","Glutton:Inversion"],"picked":"Glutton:Malignancy","floor":40},{"not_picked":["Glutton:Megrim","Glutton:Treasure"],"picked":"Glutton:Malignancy","floor":41},{"not_picked":["Glutton:Reminisce","Glutton:Megrim"],"picked":"Glutton:Vitality","floor":42},{"not_picked":["Glutton:Retaliation","Glutton:Nostalgia"],"picked":"Glutton:Malignancy","floor":44},{"not_picked":["Glutton:Megrim","Glutton:Inversion"],"picked":"Glutton:Enfeeblement","floor":46},{"not_picked":["Glutton:Avarice","Glutton:Treasure","Glutton:EatAlive"],"picked":"SKIP","floor":47},{"not_picked":["Glutton:EatAlive","Glutton:Inversion"],"picked":"Glutton:Vitality","floor":48}],"player_experience":319832,"relics_obtained":[{"floor":6,"key":"Orichalcum"},{"floor":7,"key":"hubris:SphereOfDissonance"},{"floor":9,"key":"Replay:WaspNest"},{"floor":10,"key":"trackpad:FieryHotPepper"},{"floor":14,"key":"hubris:DuctTape"},{"floor":15,"key":"hubris:OldNail"},{"floor":21,"key":"vexMod:ScavengeHelm"},{"floor":22,"key":"trackpad:AdjectivePendant"},{"floor":23,"key":"vexMod:Dragonfruit"},{"floor":24,"key":"Runesmith:Locket"},{"floor":25,"key":"White Beast Statue"},{"floor":26,"key":"jedi:shrinkray"},{"floor":27,"key":"CCEMRelics:TechnogenicHelmet"},{"floor":30,"key":"conspire:InfiniteJournal"},{"floor":40,"key":"conspire:GlowingRock"},{"floor":41,"key":"trackpad:RapidFire"},{"floor":42,"key":"aspiration:HatOfInfinitePower"},{"floor":43,"key":"Blood Vial"},{"floor":44,"key":"Replay:Bottled Snecko"},{"floor":46,"key":"Prayer Wheel"},{"floor":47,"key":"CCEMRelics:JestersCrown"},{"floor":48,"key":"trackpad:ByrdCharm"},{"floor":49,"key":"conspire:TopHat"}],"event_choices":[{"damage_healed":0,"gold_gain":0,"player_choice":"Take Damage","damage_taken":30,"relics_obtained":["Golden Idol"],"max_hp_gain":0,"max_hp_loss":0,"event_name":"Golden Idol","floor":3,"gold_loss":0},{"damage_healed":0,"gold_gain":0,"player_choice":"Leave","damage_taken":0,"max_hp_gain":0,"max_hp_loss":0,"event_name":"conspire:Investor","floor":12,"gold_loss":0},{"damage_healed":0,"gold_gain":0,"player_choice":"2","damage_taken":0,"max_hp_gain":0,"max_hp_loss":0,"event_name":"betterMatch:BetterMatch","floor":19,"gold_loss":0,"cards_obtained":["betterMatch:CommonCard"]}],"is_beta":false,"boss_relics":[{"not_picked":["Astrolabe","energizedSpire:OgreHead"],"picked":"aspiration:RitualDagger"},{"not_picked":["Kintsugi","Replay:Ancient Bell"],"picked":"conspire:RunicOctahedron"}],"items_purged_floors":[28],"is_endless":false,"potions_floor_spawned":[4,6,10,14,16,27,29,30,31,33,35,38,39,40,41,42,44,46,47,48],"ascension_level":0}}