{"host":"ai2zab3l3qrfb1vu","time":1609981961,"event":{"mods":["2.2 Compatiblity","Act Like it!","BaseMod","Better Third Choice","BetterRewards","Friendly Minions","Gensokyo","GifTheSpireLib","Highlight Path","Hubris","Infinite Spire","Mimic Mod","Minty Spire (QoL Compilation)","Relic Filter","Replay The Spire","Shop Mod","StSLib","The Marked","Wandering Minibosses"],"gold_per_floor":[119,119,469,488,105,105,22,22,72,97,97,392,322,322,322,322,322],"floor_reached":16,"playtime":1178,"items_purged":["hubris:Disease"],"score":90,"play_id":"af21612e-1540-425a-9411-fe4b2a0aac2f","local_time":"20210106181241","is_ascension_mode":false,"campfire_choices":[{"floor":6,"key":"REST"},{"data":"theMarked:SoldierOfQuellstein","floor":6,"key":"SMITH"},{"floor":11,"key":"RECALL"},{"floor":15,"key":"REST"},{"data":"theMarked:Defy","floor":15,"key":"SMITH"}],"circlet_count":0,"master_deck":["theMarked:Strike","theMarked:Strike","theMarked:Strike","theMarked:Strike","theMarked:Strike+1","theMarked:Defend+1","theMarked:Defend","theMarked:Defend+1","theMarked:Defend+1","theMarked:SoldierOfQuellstein+1","hubris:Greed","hubris:Envy","Doubt","theMarked:Defy+1","Gensokyo:SummonFieryMouse"],"relics":["infinitespire:Magic Flask","Matryoshka","Ring of Greed","Ring of Fangs","Golden Idol","Old Coin","War Paint"],"acts_visited":["Gensokyo:Gensokyo"],"potions_floor_usage":[4,12],"damage_taken":[{"damage":0,"enemies":"Gensokyo:3_Fairies","floor":1,"turns":4},{"damage":0,"enemies":"Gensokyo:2_Kodama","floor":4,"turns":3},{"damage":3,"enemies":"Gensokyo:Gryphon","floor":10,"turns":5},{"damage":49,"enemies":"Gensokyo:3_Kodama","floor":12,"turns":10},{"damage":10,"enemies":"Gensokyo:2_Rabbits","floor":14,"turns":7},{"damage":25,"enemies":"Gensokyo:Reimu","floor":16,"turns":8}],"seed_played":"-4667759185905034349","potions_obtained":[{"floor":1,"key":"Fire Potion"},{"floor":10,"key":"Dexterity Potion"}],"is_trial":false,"path_per_floor":["M","?","?","M","$","R","COS","$","T","M","R","M","?","M","R","B"],"character_chosen":"THE_DEFAULT","items_purchased":["Thread and Needle"],"campfire_rested":2,"item_purchase_floors":[5],"current_hp_per_floor":[63,51,51,51,51,63,63,63,63,60,60,11,11,1,19,0,0],"gold":322,"neow_bonus":"ONE_RARE_RELIC","is_daily":false,"chose_seed":false,"campfire_upgraded":2,"win_rate":0.0,"timestamp":1609981961,"path_taken":["M","?","?","M","$","R","COS","?","T","M","R","M","?","?","R","BOSS"],"items_purchased_type":["Relic"],"build_version":"2020-12-22","purchased_purges":1,"victory":false,"max_hp_per_floor":[63,63,63,63,63,63,63,63,63,63,63,63,63,63,63,63,63],"card_choices":[{"not_picked":["theMarked:BanishingStrike","theMarked:HeightenedSenses","theMarked:TwofoldDefense"],"picked":"SKIP","floor":1},{"not_picked":["theMarked:Static","theMarked:ComboAttacks","theMarked:Improvise"],"picked":"SKIP","floor":4},{"not_picked":["theMarked:ElectricStrings","theMarked:LightningStrikesTwice","theMarked:WastefulAttack"],"picked":"SKIP","floor":10},{"not_picked":["theMarked:BanishingStrike","theMarked:Electrify","theMarked:ContemptForTheProud"],"picked":"SKIP","floor":12},{"not_picked":["theMarked:EnhanceMovement","theMarked:SelfDefenseTraining"],"picked":"theMarked:Defy","floor":14}],"player_experience":506177,"relics_obtained":[{"floor":3,"key":"Ring of Greed"},{"floor":3,"key":"Ring of Fangs"},{"floor":3,"key":"Golden Idol"},{"floor":3,"key":"Old Coin"},{"floor":9,"key":"War Paint"}],"event_choices":[],"is_beta":false,"boss_relics":[],"items_purged_floors":[5],"is_endless":false,"potions_floor_spawned":[1,10],"killed_by":"Gensokyo:Reimu","ascension_level":0}}