{"host":"0jile2yd1dg679g0","time":1609989903,"event":{"mods":["AchievementEnabler","Act Like it!","BaseMod","Better Third Choice","Colored Map","Colored Powertips","Gensokyo","Hermit","Luminous","Marisa????????","Minty Spire (QoL Compilation)","Random Character Button","Spicy Shops","StSLib","The Servant 0.9.4","Transform Curses","Waifu the Spire"],"gold_per_floor":[119,69,69,81,0,0,10,10,85,99,99,110,285,311,311,409,409,424,434,86,86,1,1,1,1,1,13,113,141,154,154,154],"floor_reached":31,"playtime":1675,"items_purged":["Doubt"],"score":307,"play_id":"a6af2229-df4b-4ff1-96e3-8e3c8f6c4caf","local_time":"20210106222503","is_ascension_mode":true,"campfire_choices":[{"data":"Dualcast","floor":6,"key":"SMITH"},{"data":"Streamline","floor":8,"key":"SMITH"},{"floor":15,"key":"REST"},{"data":"Redo","floor":23,"key":"SMITH"},{"data":"Glacier","floor":25,"key":"SMITH"}],"circlet_count":0,"master_deck":["Zap","Dualcast+1","Rebound","Gash","Streamline+1","Streamline+1","Hologram","Streamline+1","Cold Snap+1","Rainbow","Go for the Eyes+1","Redo+1","Glacier+1","Hologram","FTL+1","Rip and Tear+1","Streamline+1","Gash+1","Streamline+1","Steam+1","Stack+1","Beam Cell+1","Leap+1"],"relics":["Cracked Core","Boot","Thread and Needle","Molten Egg 2","Regal Pillow","Pandora\u0027s Box","Ice Cream","Medical Kit","Toxic Egg 2","Pen Nib","CaptainsWheel","HornCleat","Red Mask"],"acts_visited":["Exordium","TheCity"],"potions_floor_usage":[12,21,29,31],"damage_taken":[{"damage":2,"enemies":"2 Louse","floor":1,"turns":3},{"damage":7,"enemies":"Jaw Worm","floor":4,"turns":3},{"damage":4,"enemies":"Small Slimes","floor":7,"turns":2},{"damage":0,"enemies":"3 Louse","floor":10,"turns":2},{"damage":0,"enemies":"Blue Slaver","floor":12,"turns":1},{"damage":25,"enemies":"Lagavulin","floor":14,"turns":5},{"damage":50,"enemies":"Hexaghost","floor":16,"turns":7},{"damage":8,"enemies":"3 Byrds","floor":18,"turns":4},{"damage":0,"enemies":"Spheric Guardian","floor":19,"turns":2},{"damage":0,"enemies":"Snake Plant","floor":21,"turns":1},{"damage":15,"enemies":"Snecko","floor":27,"turns":4},{"damage":23,"enemies":"Colosseum Slavers","floor":28,"turns":3},{"damage":3,"enemies":"Colosseum Nobs","floor":28,"turns":4},{"damage":0,"enemies":"Masked Bandits","floor":29,"turns":3},{"damage":0,"enemies":"3 Cultists","floor":30,"turns":4},{"damage":30,"enemies":"Gremlin Leader","floor":31,"turns":4}],"seed_played":"6468541377721127916","potions_obtained":[{"floor":1,"key":"SneckoOil"},{"floor":4,"key":"AttackPotion"},{"floor":7,"key":"SmokeBomb"},{"floor":18,"key":"EssenceOfDarkness"},{"floor":28,"key":"Explosive Potion"},{"floor":30,"key":"Dexterity Potion"}],"is_trial":false,"path_per_floor":["M","?","?","M","$","R","M","R","T","M","?","M","?","E","R","B",null,"M","M","$","M","?","R","?","R","T","M","?","?","M","E"],"character_chosen":"DEFECT","items_purchased":["Thread and Needle","Ice Cream","Medical Kit","Streamline+1"],"campfire_rested":1,"item_purchase_floors":[5,20,20,20],"current_hp_per_floor":[73,73,73,66,66,66,62,62,62,62,62,62,62,37,74,24,75,67,67,67,67,67,67,67,67,67,52,26,26,26,0,0],"gold":154,"neow_bonus":"RANDOM_COMMON_RELIC","is_daily":false,"chose_seed":false,"campfire_upgraded":4,"win_rate":0.0,"timestamp":1609989903,"path_taken":["M","?","?","M","$","R","M","R","T","M","?","M","?","E","R","BOSS","M","M","$","M","?","R","?","R","T","M","?","?","M","E"],"items_purchased_type":["Relic","Relic","Relic","Card"],"build_version":"2020-12-22","purchased_purges":1,"victory":false,"max_hp_per_floor":[75,75,75,75,75,75,75,75,75,75,75,75,75,75,75,75,75,75,75,75,75,75,75,75,75,75,75,75,75,75,75,75],"card_choices":[{"not_picked":["Genetic Algorithm","Rip and Tear"],"picked":"Rebound","floor":1},{"not_picked":["Consume","Go for the Eyes"],"picked":"Gash","floor":4},{"not_picked":["Auto Shields","Blizzard"],"picked":"Streamline","floor":7},{"not_picked":["Rebound+1","Fusion"],"picked":"Streamline+1","floor":10},{"not_picked":["Steam Power","Ball Lightning+1"],"picked":"Streamline+1","floor":12},{"not_picked":["Defragment","Turbo"],"picked":"Cold Snap+1","floor":14},{"not_picked":["Fission","Multi-Cast"],"picked":"Rainbow","floor":16},{"not_picked":["Leap","Go for the Eyes+1"],"picked":"Streamline+1","floor":18},{"not_picked":["Undo","White Noise"],"picked":"Gash+1","floor":19},{"not_picked":["Electrodynamics","Go for the Eyes+1"],"picked":"Steam+1","floor":27},{"not_picked":["Fusion+1","Compile Driver+1"],"picked":"Stack+1","floor":28},{"not_picked":["Storm+1","Melter+1"],"picked":"Beam Cell+1","floor":29},{"not_picked":["Hologram+1","Sweeping Beam+1"],"picked":"Leap+1","floor":30}],"player_experience":259001,"relics_obtained":[{"floor":9,"key":"Molten Egg 2"},{"floor":14,"key":"Regal Pillow"},{"floor":26,"key":"Pen Nib"},{"floor":28,"key":"CaptainsWheel"},{"floor":28,"key":"HornCleat"},{"floor":29,"key":"Red Mask"}],"event_choices":[{"cards_removed":["Strike_B"],"damage_healed":0,"gold_gain":0,"player_choice":"Card Removal","damage_taken":0,"max_hp_gain":0,"max_hp_loss":0,"event_name":"The Cleric","floor":2,"gold_loss":50},{"damage_healed":0,"gold_gain":0,"player_choice":"Ignored","damage_taken":0,"max_hp_gain":0,"max_hp_loss":0,"event_name":"Golden Idol","floor":3,"gold_loss":0},{"damage_healed":0,"gold_gain":0,"cards_transformed":["Defend_B"],"player_choice":"Change","damage_taken":0,"max_hp_gain":0,"max_hp_loss":0,"event_name":"Living Wall","floor":11,"gold_loss":0,"cards_obtained":["Hologram"]},{"damage_healed":0,"gold_gain":175,"player_choice":"AGREE","damage_taken":110,"max_hp_gain":0,"max_hp_loss":0,"event_name":"betterThird:BetterSerpent","floor":13,"gold_loss":0},{"damage_healed":0,"gold_gain":0,"player_choice":"Obtained Relic","damage_taken":0,"relics_obtained":["Toxic Egg 2"],"max_hp_gain":0,"max_hp_loss":0,"event_name":"Addict","floor":22,"gold_loss":85},{"damage_healed":0,"gold_gain":0,"player_choice":"Ignored","damage_taken":0,"max_hp_gain":0,"max_hp_loss":0,"event_name":"Cursed Tome","floor":24,"gold_loss":0},{"damage_healed":0,"gold_gain":0,"player_choice":"Fight","damage_taken":0,"max_hp_gain":0,"max_hp_loss":0,"event_name":"Colosseum","floor":28,"gold_loss":0},{"damage_healed":0,"gold_gain":0,"player_choice":"Fought Nobs","damage_taken":0,"max_hp_gain":0,"max_hp_loss":0,"event_name":"Colosseum","floor":28,"gold_loss":0},{"damage_healed":0,"gold_gain":0,"player_choice":"Fought Bandits","damage_taken":0,"max_hp_gain":0,"max_hp_loss":0,"event_name":"Masked Bandits","floor":29,"gold_loss":0}],"is_beta":false,"boss_relics":[{"not_picked":["Tiny House","Fusion Hammer"],"picked":"Pandora\u0027s Box"}],"items_purged_floors":[20],"is_endless":false,"potions_floor_spawned":[1,4,7,18,28,28,30],"killed_by":"Gremlin Leader","ascension_level":4}}