{"host":"esx1hwjnbftf3eqj","time":1609990621,"event":{"mods":["BaseMod","Colored Map","Minty Spire (QoL Compilation)","StSLib","The Jungle"],"gold_per_floor":[110,110,127,52,62,62,96,96,96,96,96,127,52,87,87,166,166,177,187,198,98,128,128,153,153,153,153,188,188,188,205,205,280,280,291,291,316,333,333,333,362,362,371,371,20,50,50,68,68,68],"floor_reached":51,"playtime":3691,"items_purged":["Strike_R","Strike_R","Pain"],"score":1582,"play_id":"075bf4df-b142-4907-b25b-56e1889665d7","local_time":"20210106193701","is_ascension_mode":true,"campfire_choices":[{"data":"Defend_R","floor":6.0,"key":"SMITH"},{"data":"Berserk","floor":8.0,"key":"SMITH"},{"data":"Defend_R","floor":11.0,"key":"SMITH"},{"data":"Rage","floor":15.0,"key":"SMITH"},{"data":"Shockwave","floor":23.0,"key":"SMITH"},{"data":"Barricade","floor":25.0,"key":"SMITH"},{"data":"Entrench","floor":29.0,"key":"SMITH"},{"floor":32.0,"key":"REST"},{"data":"Offering","floor":40,"key":"SMITH"},{"data":"Impervious","floor":42,"key":"SMITH"},{"data":"Shrug It Off","floor":44,"key":"SMITH"},{"data":"Shrug It Off","floor":47,"key":"SMITH"},{"data":"Flash of Steel","floor":49,"key":"SMITH"}],"circlet_count":0,"master_deck":["AscendersBane","Defend_R+1","Defend_R+1","Defend_R+1","Defend_R+1","Bash+1","Headbutt","Headbutt","Berserk+1","Offering+1","Rage+1","Barricade+1","Body Slam+1","Shrug It Off+1","Shockwave+1","Shrug It Off+1","Entrench+1","Necronomicurse","Impervious+1","Clothesline+1","Flash of Steel+1"],"relics":["Burning Blood","Pocketwatch","Prayer Wheel","Lizard Tail","Bag of Marbles","Blood Vial","Cursed Key","Red Mask","Dream Catcher","Necronomicon","Matryoshka","Empty Cage","Du-Vu Doll","CeramicFish","Potion Belt","Charon\u0027s Ashes","ClockworkSouvenir","Ancient Tea Set"],"acts_visited":["Exordium","TheCity","TheBeyond"],"potions_floor_usage":[37,37,50,50,50],"damage_taken":[{"damage":5.0,"enemies":"Small Slimes","floor":1.0,"turns":4.0},{"damage":4.0,"enemies":"Jaw Worm","floor":3.0,"turns":3.0},{"damage":0.0,"enemies":"2 Louse","floor":5.0,"turns":3.0},{"damage":8.0,"enemies":"Gremlin Nob","floor":7.0,"turns":3.0},{"damage":20.0,"enemies":"3 Sentries","floor":12.0,"turns":8.0},{"damage":10.0,"enemies":"Lagavulin","floor":14.0,"turns":6.0},{"damage":27.0,"enemies":"Hexaghost","floor":16.0,"turns":11.0},{"damage":6.0,"enemies":"Spheric Guardian","floor":18.0,"turns":6.0},{"damage":6.0,"enemies":"2 Thieves","floor":19.0,"turns":4.0},{"damage":6.0,"enemies":"Snake Plant","floor":20.0,"turns":4.0},{"damage":33.0,"enemies":"Masked Bandits","floor":22.0,"turns":4.0},{"damage":6.0,"enemies":"Book of Stabbing","floor":24.0,"turns":5.0},{"damage":6.0,"enemies":"Gremlin Leader","floor":28.0,"turns":5.0},{"damage":23.0,"enemies":"Centurion and Healer","floor":31.0,"turns":4.0},{"damage":7.0,"enemies":"Champ","floor":33.0,"turns":7.0},{"damage":6,"enemies":"3 Darklings","floor":35,"turns":6},{"damage":1,"enemies":"Mind Bloom Boss Battle","floor":37,"turns":6},{"damage":0,"enemies":"Orb Walker","floor":38,"turns":4},{"damage":11,"enemies":"Nemesis","floor":41,"turns":7},{"damage":6,"enemies":"Giant Head","floor":46,"turns":5},{"damage":6,"enemies":"Maw","floor":48,"turns":4},{"damage":6,"enemies":"Donu and Deca","floor":50,"turns":5}],"seed_played":"-1672265048044415373","potions_obtained":[{"floor":1.0,"key":"Fire Potion"},{"floor":12.0,"key":"Explosive Potion"},{"floor":16.0,"key":"EssenceOfSteel"},{"floor":33.0,"key":"ElixirPotion"},{"floor":35,"key":"EntropicBrew"},{"floor":37,"key":"Fruit Juice"},{"floor":38,"key":"PowerPotion"}],"is_trial":false,"path_per_floor":["M","?","M","?","M","R","E","R","T","?","R","E","$","E","R","B",null,"M","M","M","$","?","R","E","R","T","?","E","R","?","M","R","B",null,"M","?","?","M","?","R","E","R","T","R","$","E","R","M","R","B",null],"character_chosen":"IRONCLAD","items_purchased":["ClockworkSouvenir","PowerPotion"],"campfire_rested":1,"item_purchase_floors":[45,45],"current_hp_per_floor":[69,46,48,48,54,54,52,52,52,47,47,33,33,29,29,10,59,61,63,65,65,40,40,42,42,42,21,23,23,23,8,30,31,64,66,66,76,76,76,76,71,71,71,71,71,73,73,75,75,76],"gold":68,"neow_bonus":"UPGRADE_CARD","is_daily":false,"chose_seed":false,"campfire_upgraded":12,"win_rate":0.0,"timestamp":1609990621,"path_taken":["M","?","M","?","M","R","E","R","T","?","R","E","$","E","R","BOSS","M","M","M","$","?","R","E","R","T","?","E","R","?","M","R","BOSS","M","?","?","M","?","R","E","R","T","R","$","E","R","M","R","BOSS"],"items_purchased_type":["Relic","Potion"],"build_version":"2020-12-22","purchased_purges":3,"victory":true,"max_hp_per_floor":[75,75,75,75,75,75,75,75,75,75,75,75,75,75,75,75,75,75,75,75,75,75,75,75,75,75,75,75,75,75,75,75,75,75,75,71,76,76,76,76,76,76,76,76,76,76,76,76,76,76],"card_choices":[{"not_picked":["Anger","Body Slam","Twin Strike"],"picked":"SKIP","floor":1.0},{"not_picked":["Warcry","True Grit"],"picked":"Headbutt","floor":3.0},{"not_picked":["Sword Boomerang","True Grit"],"picked":"Headbutt","floor":5.0},{"not_picked":["Combust","Pommel Strike"],"picked":"Berserk","floor":7.0},{"not_picked":["Twin Strike","Armaments"],"picked":"Offering","floor":12.0},{"not_picked":["Wild Strike","True Grit"],"picked":"Rage","floor":14.0},{"not_picked":["Demon Form","Double Tap"],"picked":"Barricade","floor":16.0},{"not_picked":["Wild Strike","Pommel Strike+1"],"picked":"Body Slam+1","floor":18.0},{"not_picked":["Cleave","Clothesline","Combust"],"picked":"SKIP","floor":18.0},{"not_picked":["Infernal Blade","Barricade"],"picked":"Shrug It Off","floor":19.0},{"not_picked":["Thunderclap","Clash+1","Dark Embrace"],"picked":"SKIP","floor":19.0},{"not_picked":["Cleave","Flex"],"picked":"Shockwave","floor":20.0},{"not_picked":["Clash+1","Heavy Blade"],"picked":"Shrug It Off","floor":20.0},{"not_picked":["Fire Breathing","Barricade"],"picked":"Entrench","floor":22.0},{"not_picked":["Spot Weakness+1","Sword Boomerang","Body Slam"],"picked":"SKIP","floor":24.0},{"not_picked":["Blood for Blood","Cleave","Hemokinesis"],"picked":"SKIP","floor":28.0},{"not_picked":["Searing Blow","Evolve","Cleave"],"picked":"SKIP","floor":31.0},{"not_picked":["Pommel Strike","Dark Embrace","Twin Strike"],"picked":"SKIP","floor":31.0},{"not_picked":["Brutality","Barricade"],"picked":"Impervious","floor":33.0},{"not_picked":["Rupture","Flame Barrier","Cleave+1"],"picked":"SKIP","floor":35},{"not_picked":["Bloodletting+1","Sword Boomerang","Heavy Blade+1"],"picked":"SKIP","floor":35},{"not_picked":["Ghostly Armor+1","Shrug It Off"],"picked":"Clothesline+1","floor":37},{"not_picked":["Power Through","Intimidate","Wild Strike+1"],"picked":"SKIP","floor":38},{"not_picked":["Wild Strike","Flex","Cleave"],"picked":"SKIP","floor":38},{"not_picked":["Discovery","Blind"],"picked":"Flash of Steel","floor":39},{"not_picked":["Cleave","Perfected Strike","Feed"],"picked":"SKIP","floor":41},{"not_picked":["Perfected Strike","Inflame","Sentinel"],"picked":"SKIP","floor":46},{"not_picked":["Body Slam","Armaments","Pommel Strike"],"picked":"SKIP","floor":48},{"not_picked":["True Grit","Clash","Sentinel"],"picked":"SKIP","floor":48}],"player_experience":683780,"relics_obtained":[{"floor":7.0,"key":"Pocketwatch"},{"floor":9.0,"key":"Prayer Wheel"},{"floor":12.0,"key":"Bag of Marbles"},{"floor":14.0,"key":"Blood Vial"},{"floor":22.0,"key":"Red Mask"},{"floor":24.0,"key":"Dream Catcher"},{"floor":27.0,"key":"Necronomicon"},{"floor":28.0,"key":"Matryoshka"},{"floor":37,"key":"Du-Vu Doll"},{"floor":41,"key":"CeramicFish"},{"floor":43,"key":"Potion Belt"},{"floor":43,"key":"Charon\u0027s Ashes"},{"floor":46,"key":"Ancient Tea Set"}],"event_choices":[{"damage_healed":0.0,"max_hp_gain":0.0,"max_hp_loss":0.0,"gold_gain":0.0,"event_name":"Shining Light","player_choice":"Entered Light","floor":2.0,"gold_loss":0.0,"damage_taken":23.0,"cards_upgraded":["Defend_R","Defend_R"]},{"cards_removed":["Strike_R"],"damage_healed":0.0,"max_hp_gain":0.0,"max_hp_loss":0.0,"gold_gain":0.0,"event_name":"The Cleric","player_choice":"Card Removal","floor":4.0,"gold_loss":75.0,"damage_taken":0.0},{"damage_healed":0.0,"max_hp_gain":0.0,"max_hp_loss":0.0,"gold_gain":0.0,"event_name":"Scrap Ooze","player_choice":"Success","floor":10.0,"gold_loss":0.0,"damage_taken":5.0,"relics_obtained":["Lizard Tail"]},{"damage_healed":0.0,"max_hp_gain":0.0,"max_hp_loss":0.0,"gold_gain":0.0,"event_name":"Masked Bandits","player_choice":"Fought Bandits","floor":22.0,"gold_loss":0.0,"damage_taken":0.0},{"damage_healed":0.0,"max_hp_gain":0.0,"max_hp_loss":0.0,"gold_gain":0.0,"event_name":"Cursed Tome","player_choice":"Obtained Book","floor":27.0,"gold_loss":0.0,"damage_taken":21.0},{"damage_healed":0.0,"max_hp_gain":0.0,"max_hp_loss":0.0,"gold_gain":0.0,"event_name":"Vampires","player_choice":"Ignored","floor":30.0,"gold_loss":0.0,"damage_taken":0.0},{"damage_healed":0,"gold_gain":0,"player_choice":"Max HP","damage_taken":0,"max_hp_gain":0,"max_hp_loss":4,"event_name":"Winding Halls","floor":36,"gold_loss":0},{"damage_healed":0,"gold_gain":0,"player_choice":"Fight","damage_taken":0,"max_hp_gain":0,"max_hp_loss":0,"event_name":"MindBloom","floor":37,"gold_loss":0},{"damage_healed":0,"gold_gain":0,"player_choice":"Memory 1","damage_taken":0,"max_hp_gain":0,"max_hp_loss":0,"event_name":"SensoryStone","floor":39,"gold_loss":0}],"is_beta":false,"boss_relics":[{"not_picked":["Busted Crown","Runic Cube"],"picked":"Cursed Key"},{"not_picked":["Black Blood","Fusion Hammer"],"picked":"Empty Cage"}],"items_purged_floors":[13,21,45],"is_endless":false,"potions_floor_spawned":[1,12,16,20,22,24,33,35,37,38,41],"ascension_level":17}}