{"host":"kdt6w7ix8lwe69i9","time":1609994898,"event":{"mods":["100% Spire Juice","Bartender","BaseMod","ChefMod","Downfall","Fiend Mod","Jorbs\u0027s Wanderer Trilogy","Minty Spire (QoL Compilation)","Reimu（博丽灵梦）","Robot Space Explorer","StSLib","The Caster","The Cursed","The Disciple","The Dragon Tamer","The Druid","The Elementalist","The Forsaken","The Gatherer","The Marked","TheBandit"],"gold_per_floor":[213,227,227,246,246,281,281,281,281,300,320,331,358,368,368,368,368],"floor_reached":16,"playtime":1740,"items_purged":[],"score":114,"play_id":"9cdd8284-a589-49bc-9de4-371818410757","local_time":"20210106234818","is_ascension_mode":false,"campfire_choices":[{"floor":7,"key":"REST"},{"floor":15,"key":"REST"}],"circlet_count":0,"master_deck":["caster:Meteor","caster:DivertFocus","caster:strike","caster:strike","caster:strike","caster:strike","caster:defend","caster:defend","caster:defend","caster:defend","caster:defend","caster:Fireball","caster:Incantation+1","caster:Conflagrate","caster:Focusyn","caster:Slick+1","caster:DiamondDust","caster:FrostDriver","caster:GlacialShield","caster:GlacialShield","caster:QuickCast"],"relics":["caster:MagicBook","Tea:ReiMu","Regal Pillow","Shuriken"],"acts_visited":["Exordium"],"potions_floor_usage":[13,13,16,16],"damage_taken":[{"damage":8,"enemies":"2 Louse","floor":1,"turns":3},{"damage":0,"enemies":"Cultist","floor":2,"turns":3},{"damage":5,"enemies":"Jaw Worm","floor":4,"turns":4},{"damage":35,"enemies":"Lagavulin","floor":6,"turns":9},{"damage":24,"enemies":"Exordium Thugs","floor":10,"turns":5},{"damage":0,"enemies":"2 Fungi Beasts","floor":11,"turns":5},{"damage":4,"enemies":"Looter","floor":12,"turns":4},{"damage":14,"enemies":"3 Sentries","floor":13,"turns":13},{"damage":2,"enemies":"Blue Slaver","floor":14,"turns":4},{"damage":45,"enemies":"Hexaghost","floor":16,"turns":16}],"seed_played":"-4531057301754507495","potions_obtained":[{"floor":2,"key":"GrandPatriotsElixir:ReiMu"},{"floor":10,"key":"EssenceOfSteel"},{"floor":12,"key":"champ:CounterPotion"},{"floor":13,"key":"ColorlessPotion"},{"floor":14,"key":"GamblersBrew"}],"is_trial":false,"path_per_floor":["M","M","?","M","?","E","R","?","T","M","M","M","E","M","R","B"],"character_chosen":"THE_CASTER","items_purchased":[],"campfire_rested":2,"item_purchase_floors":[],"current_hp_per_floor":[56,56,56,51,51,16,50,50,50,26,26,22,8,6,40,0,0],"gold":368,"neow_bonus":"HUNDRED_GOLD","is_daily":false,"chose_seed":false,"campfire_upgraded":0,"win_rate":0.0,"timestamp":1609994898,"path_taken":["M","M","?","?","?","E","R","?","T","M","?","M","E","M","R","BOSS"],"items_purchased_type":[],"build_version":"2020-12-22","purchased_purges":0,"victory":false,"max_hp_per_floor":[64,64,64,64,64,64,64,64,64,64,64,64,64,64,64,64,64],"card_choices":[{"not_picked":["caster:Enfeeble","caster:MagicWeapon"],"picked":"caster:Fireball","floor":1},{"not_picked":["caster:MagicBarrier","caster:DiablosFlame"],"picked":"caster:Incantation","floor":2},{"not_picked":["caster:Charge","caster:LAZER"],"picked":"caster:Conflagrate","floor":4},{"not_picked":["caster:Sandstorm","caster:Charge"],"picked":"caster:Focusyn","floor":6},{"not_picked":["caster:LightningBolt","caster:DiablosFlame"],"picked":"caster:DiamondDust","floor":10},{"not_picked":["caster:Incinerate","caster:Unearth"],"picked":"caster:FrostDriver","floor":11},{"not_picked":["caster:MagicBarrier","caster:Susanoo"],"picked":"caster:GlacialShield","floor":12},{"not_picked":["caster:Susanoo","caster:Fireball"],"picked":"caster:GlacialShield","floor":13},{"not_picked":["caster:BloodRitual","caster:Sultry"],"picked":"caster:QuickCast","floor":14}],"player_experience":1702210,"relics_obtained":[{"floor":6,"key":"Regal Pillow"},{"floor":13,"key":"Shuriken"}],"event_choices":[{"damage_healed":0,"gold_gain":0,"player_choice":"Gave Potion","damage_taken":0,"relics_obtained":["Tea:ReiMu"],"max_hp_gain":0,"max_hp_loss":0,"event_name":"WeMeetAgain","floor":3,"gold_loss":0},{"damage_healed":0,"gold_gain":0,"player_choice":"Upgraded","damage_taken":0,"max_hp_gain":0,"max_hp_loss":0,"event_name":"Upgrade Shrine","floor":5,"gold_loss":0,"cards_upgraded":["caster:Incantation"]}],"is_beta":false,"boss_relics":[],"items_purged_floors":[],"is_endless":false,"potions_floor_spawned":[2,10,12,13,14],"killed_by":"Hexaghost","ascension_level":0}}