{"host":"0v07cr0k93jhgkpm","time":1609989887,"event":{"mods":["BaseMod","Colored Map","DeckTracker","Minty Spire (QoL Compilation)","Quick Restart","SuperFastMode"],"gold_per_floor":[119,130,147,13,13,13,42,42,42,54,64,79,79,4,4,75,75,90,106,106,106,106],"floor_reached":21,"playtime":744,"items_purged":["Strike_R"],"score":362,"play_id":"1a160bf6-3412-46f6-9f7a-1142abfd627a","local_time":"20210107122447","is_ascension_mode":true,"campfire_choices":[{"data":"Inflame","floor":6.0,"key":"SMITH"},{"data":"Sword Boomerang","floor":8.0,"key":"SMITH"},{"data":"True Grit","floor":15.0,"key":"SMITH"}],"circlet_count":0,"master_deck":["AscendersBane","Strike_R","Strike_R","Strike_R","Strike_R","Defend_R","Defend_R","Defend_R","Defend_R","Bash","Evolve","Inflame+1","Shrug It Off","Sword Boomerang+1","Intimidate","True Grit+1","Flex","Double Tap","Thunderclap","Seeing Red"],"relics":["Burning Blood","Lizard Tail","Magic Flower","Busted Crown","Bottled Tornado"],"acts_visited":["Exordium","TheCity"],"potions_floor_usage":[21],"damage_taken":[{"damage":1.0,"enemies":"2 Louse","floor":1.0,"turns":3.0},{"damage":7.0,"enemies":"Cultist","floor":2.0,"turns":4.0},{"damage":16.0,"enemies":"Jaw Worm","floor":3.0,"turns":6.0},{"damage":50.0,"enemies":"Lagavulin","floor":7.0,"turns":8.0},{"damage":11.0,"enemies":"Looter","floor":10.0,"turns":2.0},{"damage":26.0,"enemies":"Lots of Slimes","floor":11.0,"turns":6.0},{"damage":9.0,"enemies":"Blue Slaver","floor":12.0,"turns":5.0},{"damage":79.0,"enemies":"The Guardian","floor":16.0,"turns":16.0},{"damage":46,"enemies":"Chosen","floor":18,"turns":5},{"damage":30,"enemies":"2 Thieves","floor":19,"turns":5},{"damage":23,"enemies":"Snecko","floor":21,"turns":4}],"seed_played":"3780631308150684446","potions_obtained":[{"floor":1.0,"key":"LiquidMemories"},{"floor":11.0,"key":"Regen Potion"},{"floor":12.0,"key":"Regen Potion"},{"floor":16.0,"key":"ElixirPotion"},{"floor":19,"key":"SteroidPotion"}],"is_trial":false,"path_per_floor":["M","M","M","$","?","R","E","R","T","M","M","M","$","$","R","B",null,"M","M","T","M"],"character_chosen":"IRONCLAD","items_purchased":["Inflame","Shrug It Off"],"campfire_rested":0,"item_purchase_floors":[4,4],"current_hp_per_floor":[80,79,69,69,82,82,38,38,38,36,19,41,41,41,41,59,76,39,18,18,0,0],"gold":106,"neow_bonus":"TEN_PERCENT_HP_BONUS","is_daily":false,"chose_seed":false,"campfire_upgraded":3,"win_rate":0.0,"timestamp":1609989887,"path_taken":["M","M","M","$","?","R","E","R","T","M","M","?","?","$","R","BOSS","M","M","?","M"],"items_purchased_type":["Card","Card"],"build_version":"2020-12-22","purchased_purges":1,"victory":false,"max_hp_per_floor":[82,82,82,82,82,82,82,82,82,82,82,82,82,82,82,82,82,82,82,82,82,82],"card_choices":[{"not_picked":["Warcry","Thunderclap"],"picked":"Evolve","floor":1.0},{"not_picked":["Headbutt","Cleave","Warcry"],"picked":"SKIP","floor":2.0},{"not_picked":["Sever Soul","Clothesline"],"picked":"Rampage","floor":3.0},{"not_picked":["Iron Wave","Second Wind"],"picked":"Sword Boomerang","floor":7.0},{"not_picked":["Rupture","Body Slam"],"picked":"Intimidate","floor":10.0},{"not_picked":["Dark Embrace","Armaments"],"picked":"True Grit","floor":11.0},{"not_picked":["Armaments","Cleave"],"picked":"Flex","floor":12.0},{"not_picked":["Immolate","Berserk"],"picked":"Double Tap","floor":16.0},{"not_picked":[],"picked":"Thunderclap","floor":18},{"not_picked":[],"picked":"Seeing Red","floor":19}],"player_experience":2481531,"relics_obtained":[{"floor":7.0,"key":"Lizard Tail"},{"floor":9.0,"key":"Magic Flower"},{"floor":20,"key":"Bottled Tornado"}],"event_choices":[{"cards_removed":["Rampage"],"damage_healed":13.0,"max_hp_gain":0.0,"max_hp_loss":0.0,"gold_gain":0.0,"event_name":"Bonfire Elementals","player_choice":"Offered Uncommon","floor":5.0,"gold_loss":0.0,"damage_taken":0.0}],"is_beta":false,"boss_relics":[{"not_picked":["Philosopher\u0027s Stone","Runic Dome"],"picked":"Busted Crown"}],"items_purged_floors":[14],"is_endless":false,"potions_floor_spawned":[1,11,12,16,19],"killed_by":"Snecko","ascension_level":20}}