{"host":"sygfylmorsvdndbx","time":1609980372,"event":{"mods":["AchievementEnabler","BaseMod","Minty Spire (QoL Compilation)","Relic Stats"],"gold_per_floor":[11,27,27,27,47,47,78,93,93,93,113,140,140,154,154,259,259,279,292,292,303,303,337,337,337,337,360,370,133,133,144,144,240,240,253,268,268,168,168,197,215,215,215,215,215,215],"floor_reached":45,"playtime":4179,"items_purged":["Regret","Parasite"],"score":498,"play_id":"7978e123-d69e-45f7-b220-46de5bfa120c","local_time":"20210106194612","is_ascension_mode":false,"campfire_choices":[{"data":"Metamorphosis","floor":6.0,"key":"SMITH"},{"data":"Armaments","floor":13.0,"key":"SMITH"},{"data":"Armaments","floor":15.0,"key":"SMITH"},{"data":"Flame Barrier","floor":25.0,"key":"SMITH"},{"data":"Bash","floor":32.0,"key":"SMITH"},{"floor":42.0,"key":"REST"},{"data":"Flame Barrier","floor":44.0,"key":"SMITH"}],"circlet_count":0,"master_deck":["Strike_R+1","Strike_R+1","Defend_R+1","Defend_R+1","Defend_R+1","Bash+1","Metamorphosis+1","Thunderclap","Headbutt","Armaments+1","Flame Barrier+1","Armaments+1","Rage","Shrug It Off+1","Impervious+1","Flame Barrier+1","True Grit+1","Offering","Hemokinesis+1","Reaper","Metallicize+1","Shrug It Off+1","Normality"],"relics":["Burning Blood","Bag of Preparation","Self Forming Clay","Singing Bowl","Cursed Key","Ornamental Fan","War Paint","SlaversCollar","Pen Nib","Mercury Hourglass"],"acts_visited":["Exordium","TheCity","TheBeyond"],"potions_floor_usage":[],"damage_taken":[{"damage":6.0,"enemies":"2 Louse","floor":1.0,"turns":4.0},{"damage":3.0,"enemies":"Small Slimes","floor":2.0,"turns":3.0},{"damage":6.0,"enemies":"Jaw Worm","floor":5.0,"turns":3.0},{"damage":8.0,"enemies":"Gremlin Nob","floor":7.0,"turns":3.0},{"damage":8.0,"enemies":"Gremlin Gang","floor":8.0,"turns":3.0},{"damage":1.0,"enemies":"3 Louse","floor":11.0,"turns":4.0},{"damage":18.0,"enemies":"Lagavulin","floor":12.0,"turns":7.0},{"damage":0.0,"enemies":"2 Fungi Beasts","floor":14.0,"turns":2.0},{"damage":27.0,"enemies":"The Guardian","floor":16.0,"turns":9.0},{"damage":5.0,"enemies":"2 Thieves","floor":18.0,"turns":4.0},{"damage":7.0,"enemies":"3 Byrds","floor":19.0,"turns":5.0},{"damage":8.0,"enemies":"Snecko","floor":21.0,"turns":5.0},{"damage":23.0,"enemies":"Book of Stabbing","floor":23.0,"turns":5.0},{"damage":7.0,"enemies":"Cultist and Chosen","floor":28.0,"turns":5.0},{"damage":6.0,"enemies":"Snake Plant","floor":31.0,"turns":5.0},{"damage":41.0,"enemies":"Collector","floor":33.0,"turns":9.0},{"damage":11.0,"enemies":"Orb Walker","floor":35.0,"turns":4.0},{"damage":20.0,"enemies":"3 Darklings","floor":36.0,"turns":7.0},{"damage":6.0,"enemies":"Reptomancer","floor":40.0,"turns":3.0},{"damage":54.0,"enemies":"Sphere and 2 Shapes","floor":41.0,"turns":6.0},{"damage":65,"enemies":"Giant Head","floor":45,"turns":9}],"seed_played":"7030804562424588658","potions_obtained":[{"floor":1.0,"key":"Explosive Potion"},{"floor":11.0,"key":"DistilledChaos"},{"floor":12.0,"key":"DistilledChaos"},{"floor":16.0,"key":"BloodPotion"},{"floor":21.0,"key":"DuplicationPotion"},{"floor":23.0,"key":"Swift Potion"},{"floor":36.0,"key":"ColorlessPotion"}],"is_trial":false,"path_per_floor":["M","M","?","?","M","R","E","M","T","?","M","E","R","M","R","B",null,"M","M","?","M","?","E","?","R","T","T","M","$","?","M","R","B",null,"M","M","?","$","?","E","M","R","T","R","E"],"character_chosen":"IRONCLAD","items_purchased":["Offering"],"campfire_rested":1,"item_purchase_floors":[29],"current_hp_per_floor":[80,80,80,80,80,80,78,76,76,69,74,62,62,68,68,47,80,80,81,81,79,79,64,48,48,48,48,49,49,49,66,66,31,86,81,77,77,77,77,77,31,57,57,57,0,0],"gold":215,"neow_bonus":"RANDOM_COLORLESS_2","is_daily":false,"chose_seed":false,"campfire_upgraded":6,"win_rate":0.0,"timestamp":1609980372,"path_taken":["M","M","?","?","M","R","E","M","T","?","M","E","R","M","R","BOSS","M","M","?","?","?","E","?","R","T","?","M","$","?","M","R","BOSS","M","M","?","$","?","E","M","R","T","R","E"],"items_purchased_type":["Card"],"build_version":"2020-12-22","purchased_purges":2,"victory":false,"max_hp_per_floor":[80,80,80,80,80,80,80,80,80,80,80,80,80,80,80,80,80,80,82,82,82,82,84,84,84,84,84,86,86,86,86,86,86,86,86,88,88,85,85,85,87,87,87,87,87,87],"relic_stats":{"Singing Bowl":10,"counters":[21,105],"Self Forming Clay":[150],"Ornamental Fan":[56],"Pen Nib":[3],"Bag of Preparation":[34],"War Paint":["Shrug It Off","Impervious"],"Cursed Key":3,"obtain_stats":[{"SlaversCollar":34,"Singing Bowl":12,"Self Forming Clay":9,"Ornamental Fan":23,"Pen Nib":40,"Bag of Preparation":7,"War Paint":27,"Cursed Key":17,"Burning Blood":0,"Mercury Hourglass":43},{"SlaversCollar":16,"Singing Bowl":7,"Self Forming Clay":5,"Ornamental Fan":13,"Pen Nib":19,"Bag of Preparation":4,"War Paint":13,"Cursed Key":9,"Burning Blood":0,"Mercury Hourglass":20},{"SlaversCollar":76,"Singing Bowl":27,"Self Forming Clay":16,"Ornamental Fan":57,"Pen Nib":90,"Bag of Preparation":13,"War Paint":57,"Cursed Key":38,"Burning Blood":0,"Mercury Hourglass":96}],"Burning Blood":116,"Mercury Hourglass":[27]},"card_choices":[{"not_picked":["Magnetism","Mayhem"],"picked":"Metamorphosis","floor":0.0},{"not_picked":["Wild Strike","Perfected Strike","Warcry"],"picked":"SKIP","floor":1.0},{"not_picked":["Heavy Blade","Rampage"],"picked":"Thunderclap","floor":2.0},{"not_picked":["Heavy Blade","Perfected Strike"],"picked":"Headbutt","floor":5.0},{"not_picked":["True Grit","Perfected Strike"],"picked":"Armaments","floor":7.0},{"not_picked":["Brutality","Fire Breathing"],"picked":"Flame Barrier","floor":8.0},{"not_picked":["Carnage","Disarm"],"picked":"Armaments","floor":11.0},{"not_picked":["Body Slam","Cleave"],"picked":"Rage","floor":12.0},{"not_picked":["Perfected Strike","Cleave"],"picked":"Shrug It Off","floor":14.0},{"not_picked":["Bludgeon","Barricade"],"picked":"Impervious","floor":16.0},{"not_picked":["Thunderclap","Bloodletting"],"picked":"Flame Barrier","floor":18.0},{"not_picked":["Perfected Strike","Flex","Pommel Strike"],"picked":"Singing Bowl","floor":19.0},{"not_picked":["Intimidate","Rampage+1"],"picked":"True Grit+1","floor":21.0},{"not_picked":["Rage","Flex","Anger+1"],"picked":"Singing Bowl","floor":23.0},{"not_picked":["Rupture","Disarm","Thunderclap"],"picked":"Singing Bowl","floor":28.0},{"not_picked":["Combust+1","Fiend Fire"],"picked":"Hemokinesis+1","floor":31.0},{"not_picked":["Fiend Fire","Berserk"],"picked":"Reaper","floor":33.0},{"not_picked":["Clash+1","Havoc"],"picked":"Metallicize+1","floor":35.0},{"not_picked":["Cleave+1","Clothesline+1","Warcry"],"picked":"Singing Bowl","floor":36.0},{"not_picked":["Wild Strike+1","Havoc"],"picked":"Shrug It Off+1","floor":40.0},{"not_picked":["Infernal Blade+1","Body Slam","Wild Strike+1"],"picked":"Singing Bowl","floor":41.0}],"player_experience":204607,"relics_obtained":[{"floor":7.0,"key":"Bag of Preparation"},{"floor":9.0,"key":"Self Forming Clay"},{"floor":12.0,"key":"Singing Bowl"},{"floor":23.0,"key":"Ornamental Fan"},{"floor":27.0,"key":"War Paint"},{"floor":40.0,"key":"Pen Nib"},{"floor":43.0,"key":"Mercury Hourglass"}],"event_choices":[{"cards_removed":["Strike_R"],"damage_healed":0.0,"max_hp_gain":0.0,"max_hp_loss":0.0,"gold_gain":0.0,"event_name":"Living Wall","player_choice":"Forget","floor":3.0,"gold_loss":0.0,"damage_taken":0.0},{"damage_healed":0.0,"max_hp_gain":0.0,"max_hp_loss":0.0,"gold_gain":0.0,"event_name":"Liars Game","player_choice":"Ignored","floor":4.0,"gold_loss":0.0,"damage_taken":0.0},{"cards_removed":["Strike_R"],"damage_healed":0.0,"max_hp_gain":0.0,"max_hp_loss":0.0,"gold_gain":0.0,"event_name":"Golden Wing","player_choice":"Card Removal","floor":10.0,"gold_loss":0.0,"damage_taken":7.0},{"cards_removed":["Defend_R"],"damage_healed":0.0,"max_hp_gain":0.0,"max_hp_loss":0.0,"gold_gain":0.0,"event_name":"Purifier","player_choice":"Purged","floor":20.0,"gold_loss":0.0,"damage_taken":0.0},{"damage_healed":0.0,"max_hp_gain":0.0,"max_hp_loss":0.0,"gold_gain":0.0,"event_name":"Back to Basics","player_choice":"Simplicity","floor":22.0,"gold_loss":0.0,"damage_taken":0.0,"cards_upgraded":["Strike_R","Strike_R","Strike_R","Defend_R","Defend_R","Defend_R"]},{"damage_healed":0.0,"max_hp_gain":0.0,"max_hp_loss":0.0,"gold_gain":0.0,"event_name":"Cursed Tome","player_choice":"Obtained Book","floor":24.0,"gold_loss":0.0,"damage_taken":16.0},{"damage_healed":0.0,"max_hp_gain":0.0,"max_hp_loss":0.0,"gold_gain":0.0,"event_name":"Vampires","player_choice":"Ignored","floor":30.0,"gold_loss":0.0,"damage_taken":0.0},{"damage_healed":0.0,"max_hp_gain":0.0,"max_hp_loss":0.0,"gold_gain":0.0,"event_name":"Tomb of Lord Red Mask","player_choice":"Ignored","floor":37.0,"gold_loss":0.0,"damage_taken":0.0},{"cards_removed":["Strike_R"],"damage_healed":0.0,"max_hp_gain":0.0,"max_hp_loss":0.0,"gold_gain":0.0,"event_name":"Falling","player_choice":"Removed Attack","floor":39.0,"gold_loss":0.0,"damage_taken":0.0}],"is_beta":false,"boss_relics":[{"not_picked":["Pandora\u0027s Box","Philosopher\u0027s Stone"],"picked":"Cursed Key"},{"not_picked":["Runic Dome","Snecko Eye"],"picked":"SlaversCollar"}],"items_purged_floors":[29,38],"is_endless":false,"potions_floor_spawned":[1,11,12,16,21,23,28,36],"killed_by":"Giant Head","ascension_level":0}}