{"host":"agbyy69nq62afhwx","time":1609981580,"event":{"mods":["BaseMod","Colored Map","DeckTracker","Highlight Path","Keyboard Shortcuts","Minty Spire (QoL Compilation)","Quick Restart","StSLib","SuperFastMode","everything is the same but u backflip on backflip"],"gold_per_floor":[117,136,61,111,129,129,146,41,87,87,105,125,140,140,140,140,140],"floor_reached":16,"playtime":448,"items_purged":["Defend_G"],"score":174,"play_id":"5cb98613-48ad-4a3a-89a0-6402c650e690","local_time":"20210107100620","is_ascension_mode":true,"campfire_choices":[{"data":"Prepared","floor":6.0,"key":"SMITH"},{"data":"Calculated Gamble","floor":15.0,"key":"SMITH"}],"circlet_count":0,"master_deck":["AscendersBane","Strike_G","Strike_G","Strike_G","Defend_G","Defend_G","Defend_G","Defend_G","Survivor","Neutralize","Cloak And Dagger","Prepared+1","Poisoned Stab","Acrobatics","Calculated Gamble+1","Acrobatics"],"relics":["Ring of the Snake","Regal Pillow","StrikeDummy"],"acts_visited":["Exordium"],"potions_floor_usage":[16,16],"damage_taken":[{"damage":1.0,"enemies":"Small Slimes","floor":1.0,"turns":4.0},{"damage":0.0,"enemies":"2 Louse","floor":2.0,"turns":4.0},{"damage":3.0,"enemies":"Cultist","floor":5.0,"turns":5.0},{"damage":1.0,"enemies":"2 Fungi Beasts","floor":7.0,"turns":4.0},{"damage":2.0,"enemies":"Blue Slaver","floor":11.0,"turns":4.0},{"damage":4.0,"enemies":"Exordium Wildlife","floor":12.0,"turns":3.0},{"damage":18.0,"enemies":"Lots of Slimes","floor":13.0,"turns":9.0},{"damage":14,"enemies":"Slime Boss","floor":16,"turns":6}],"seed_played":"4113256167294224530","potions_obtained":[{"floor":2.0,"key":"Poison Potion"},{"floor":5.0,"key":"Strength Potion"},{"floor":13.0,"key":"CunningPotion"}],"is_trial":false,"path_per_floor":["M","M","?","?","M","R","M","$","T","?","M","M","M","T","R","B"],"character_chosen":"THE_SILENT","items_purchased":["Acrobatics"],"campfire_rested":0,"item_purchase_floors":[8],"current_hp_per_floor":[64,64,64,57,54,54,53,53,53,46,44,40,22,22,22,8,8],"gold":140,"neow_bonus":"TEN_PERCENT_HP_BONUS","is_daily":false,"chose_seed":false,"campfire_upgraded":2,"win_rate":0.0,"timestamp":1609981580,"path_taken":["M","M","?","?","?","R","M","$","T","?","M","M","M","?","R","BOSS"],"items_purchased_type":["Card"],"build_version":"2020-12-22","purchased_purges":1,"victory":false,"max_hp_per_floor":[72,72,72,72,72,72,72,72,72,72,72,72,72,72,72,72,72],"card_choices":[{"not_picked":["Bane","Poisoned Stab"],"picked":"Cloak And Dagger","floor":1.0},{"not_picked":["Bane","Dodge and Roll"],"picked":"Prepared","floor":2.0},{"not_picked":["Dodge and Roll","Bane","Poisoned Stab"],"picked":"SKIP","floor":5.0},{"not_picked":["Slice","Deadly Poison"],"picked":"Poisoned Stab","floor":7.0},{"not_picked":["Leg Sweep","Underhanded Strike"],"picked":"Calculated Gamble","floor":11.0},{"not_picked":["Well Laid Plans","Slice"],"picked":"Acrobatics","floor":12.0},{"not_picked":["Deflect","Flying Knee","Sucker Punch"],"picked":"SKIP","floor":13.0}],"player_experience":400505,"relics_obtained":[{"floor":9.0,"key":"Regal Pillow"},{"floor":14.0,"key":"StrikeDummy"}],"event_choices":[{"cards_removed":["Strike_G"],"damage_healed":0.0,"max_hp_gain":0.0,"max_hp_loss":0.0,"gold_gain":0.0,"event_name":"The Cleric","player_choice":"Card Removal","floor":3.0,"gold_loss":75.0,"damage_taken":0.0},{"damage_healed":0.0,"max_hp_gain":0.0,"max_hp_loss":0.0,"gold_gain":50.0,"event_name":"FaceTrader","player_choice":"Touch","floor":4.0,"gold_loss":0.0,"damage_taken":7.0},{"cards_removed":["Strike_G"],"damage_healed":0.0,"max_hp_gain":0.0,"max_hp_loss":0.0,"gold_gain":0.0,"event_name":"Golden Wing","player_choice":"Card Removal","floor":10.0,"gold_loss":0.0,"damage_taken":7.0}],"is_beta":false,"boss_relics":[],"items_purged_floors":[8],"is_endless":false,"potions_floor_spawned":[2,5,13],"killed_by":"Slime Boss","ascension_level":17}}