{"host":"l84l8xigz5v5foa2","time":1609982826,"event":{"mods":["2.2 Compatiblity","AchievementEnabler","BaseMod","Better Note","Better Vampires","Card Filter","Colored Map","DeckTracker","Downfall","Gremlin Skip","Highlight Path","Keyboard Shortcuts","Minty Spire (QoL Compilation)","Permanent Neow","Quick Restart","Relic Filter","Relic Stats","StSLib","SuperFastMode","Transform Curses","Unknown Chances"],"gold_per_floor":[99,119,104,104,104,104,127,142,177,195,195,207,207,259,277,352,352,352,368,383,383,402,402,402,402,417,431,356,5,37,50,50,50,50],"floor_reached":32,"playtime":2544,"items_purged":["Guardian:Strike_Guardian"],"score":724,"play_id":"c18d1ee8-f406-498e-b3cd-148d137a34ef","local_time":"20210107102706","is_ascension_mode":true,"campfire_choices":[{"data":"Guardian:CurlUp","floor":1.0,"key":"SMITH"},{"data":"Guardian:StasisStrike","floor":6.0,"key":"SMITH"},{"data":"Guardian:Preprogram","floor":11.0,"key":"SMITH"},{"data":"Guardian:PrismaticBeam","floor":13.0,"key":"SMITH"},{"data":"Guardian:FuturePlans","floor":18.0,"key":"SMITH"},{"data":"Guardian:TemporalShield","floor":25.0,"key":"SMITH"},{"floor":28.0,"key":"REST"}],"circlet_count":0,"master_deck":["AscendersBane","Guardian:Strike_Guardian","Guardian:Strike_Guardian","Guardian:Defend_Guardian","Guardian:Defend_Guardian","Guardian:Defend_Guardian","Guardian:CurlUp+1","Guardian:TwinSlam","Guardian:BronzeArmor","Guardian:StasisStrike+1","Guardian:Preprogram+1","Guardian:TemporalShield+1","Guardian:BronzeOrb","Guardian:PrismaticBeam+1","Guardian:FuturePlans+1","Guardian:GemFinder","Guardian:Incinerate","Guardian:Gem_White","Guardian:TimeCapacitor","Guardian:Recover","Guardian:Gem_Cyan","Guardian:Gem_Cyan","Guardian:ShieldSpikes"],"relics":["Guardian:ModeShifter","Letter Opener","Orichalcum","Happy Flower","Cursed Key","downfall:HeartBlessingBlue","Oddly Smooth Stone","HornCleat"],"acts_visited":["TheCity"],"potions_floor_usage":[],"damage_taken":[{"damage":0.0,"enemies":"Cultist","floor":2.0,"turns":4.0},{"damage":0.0,"enemies":"downfall:FleeingMerchant","floor":3.0,"turns":4.0},{"damage":7.0,"enemies":"Small Slimes","floor":8.0,"turns":4.0},{"damage":19.0,"enemies":"3 Sentries","floor":9.0,"turns":7.0},{"damage":0.0,"enemies":"2 Louse","floor":10.0,"turns":2.0},{"damage":10.0,"enemies":"Red Slaver","floor":12.0,"turns":4.0},{"damage":0.0,"enemies":"Exordium Thugs","floor":15.0,"turns":4.0},{"damage":9.0,"enemies":"downfall:Silent","floor":16.0,"turns":16.0},{"damage":0.0,"enemies":"Spheric Guardian","floor":19.0,"turns":4.0},{"damage":12.0,"enemies":"Cultist and Chosen","floor":20.0,"turns":8.0},{"damage":28.0,"enemies":"Snecko","floor":22.0,"turns":9.0},{"damage":10.0,"enemies":"Snake Plant","floor":26.0,"turns":3.0},{"damage":6.0,"enemies":"Shelled Parasite and Fungi","floor":27.0,"turns":5.0},{"damage":0.0,"enemies":"downfall:FleeingMerchant","floor":29.0,"turns":4.0},{"damage":32.0,"enemies":"Gremlin Leader","floor":30.0,"turns":6.0},{"damage":0.0,"enemies":"Sentry and Sphere","floor":31.0,"turns":6.0},{"damage":0,"enemies":"Chosen and Byrds","floor":32,"turns":1}],"seed_played":"-7975771863031668520","potions_obtained":[{"floor":9.0,"key":"EntropicBrew"},{"floor":12.0,"key":"Slimebound:ThreeZeroPotion"},{"floor":16.0,"key":"Slimebound:ThreeZeroPotion"},{"floor":19.0,"key":"AttackPotion"},{"floor":22.0,"key":"Block Potion"},{"floor":23.0,"key":"Fruit Juice"},{"floor":23.0,"key":"Slimebound:ThreeZeroPotion"},{"floor":26.0,"key":"DuplicationPotion"},{"floor":30.0,"key":"Energy Potion"}],"is_trial":false,"path_per_floor":["R","M","$","?","?","R","T","M","E","M","R","M","R","T","M","B",null,"R","M","M","?","M","?","T","R","M","M","R","$","E","M","M"],"character_chosen":"GUARDIAN","items_purchased":["Guardian:TimeCapacitor","Oddly Smooth Stone","Guardian:Recover"],"campfire_rested":1,"item_purchase_floors":[29,29,29],"current_hp_per_floor":[65,65,65,65,65,65,65,58,39,39,39,29,29,29,29,20,54,54,54,42,42,14,19,19,19,9,3,37,37,5,5,5,5,5],"gold":50,"neow_bonus":"REMOVE_TWO","is_daily":false,"chose_seed":false,"campfire_upgraded":6,"win_rate":0.0,"timestamp":1609982826,"path_taken":["R","M","?","?","?","R","T","M","E","M","R","?","R","?","M","BOSS","R","M","M","?","M","?","T","R","M","?","R","$","E","M","M"],"items_purchased_type":["Card","Relic","Card"],"build_version":"2020-12-22","purchased_purges":1,"victory":false,"max_hp_per_floor":[65,65,65,65,65,65,65,65,65,65,65,65,65,65,65,65,65,65,65,65,65,65,70,70,70,70,70,80,80,80,80,80,80,80],"relic_stats":{"Happy Flower":[22],"counters":[17,91],"Letter Opener":[291],"Orichalcum":[6],"Cursed Key":0,"obtain_stats":[{"HornCleat":30,"Happy Flower":14,"downfall:HeartBlessingBlue":28,"Guardian:ModeShifter":0,"Oddly Smooth Stone":29,"Letter Opener":5,"Orichalcum":9,"Cursed Key":17},{"HornCleat":15,"Happy Flower":6,"downfall:HeartBlessingBlue":13,"Guardian:ModeShifter":0,"Oddly Smooth Stone":14,"Letter Opener":2,"Orichalcum":4,"Cursed Key":8},{"HornCleat":84,"Happy Flower":25,"downfall:HeartBlessingBlue":74,"Guardian:ModeShifter":0,"Oddly Smooth Stone":78,"Letter Opener":8,"Orichalcum":19,"Cursed Key":45}]},"card_choices":[{"not_picked":["Guardian:TemporalShield","Guardian:PrimingBeam"],"picked":"Guardian:BronzeArmor","floor":2.0},{"not_picked":["Guardian:PrimingBeam","Guardian:PiercingHide"],"picked":"Guardian:StasisStrike","floor":3.0},{"not_picked":["Guardian:CrystalBeam","Guardian:Gem_Red"],"picked":"Guardian:Preprogram","floor":8.0},{"not_picked":["Guardian:Gem_Purple","Guardian:RefractedBeam"],"picked":"Guardian:TemporalShield","floor":9.0},{"not_picked":["Guardian:Gem_Red","Guardian:RefractedBeam"],"picked":"Guardian:BronzeOrb","floor":10.0},{"not_picked":["Guardian:Repulse","Guardian:PolyBeam"],"picked":"Guardian:PrismaticBeam","floor":12.0},{"not_picked":["Guardian:PolyBeam","Guardian:Planning"],"picked":"Guardian:FuturePlans","floor":15.0},{"not_picked":["Guardian:HyperBeam_Guardian","Guardian:Gem_Orange"],"picked":"Guardian:GemFinder","floor":16.0},{"not_picked":["Guardian:Gem_Lightblue","Guardian:Gem_Red"],"picked":"Guardian:Gem_Cyan","floor":19.0},{"not_picked":["Guardian:ArmoredProtocol","Guardian:Repulse"],"picked":"Guardian:Incinerate","floor":19.0},{"not_picked":["Guardian:FloatingOrbs","Guardian:Reroute+1"],"picked":"Guardian:Gem_White","floor":20.0},{"not_picked":["Guardian:Gem_Red","Guardian:Gem_Green"],"picked":"Guardian:Gem_Cyan","floor":20.0},{"not_picked":["Guardian:Gem_Red","Guardian:Recover"],"picked":"Guardian:Gem_White","floor":22.0},{"not_picked":["Guardian:Gem_Red","Guardian:Gem_Lightblue"],"picked":"Guardian:Gem_Cyan","floor":22.0},{"not_picked":["Guardian:Gem_Lightblue","Guardian:Gem_Green"],"picked":"Guardian:Gem_Cyan","floor":26.0},{"not_picked":["Guardian:PolyBeam","Guardian:BronzeOrb","Guardian:CrystalBeam"],"picked":"SKIP","floor":26.0},{"not_picked":["Guardian:Gem_Red","Guardian:Gem_Lightblue"],"picked":"Guardian:Gem_Green","floor":27.0},{"not_picked":["Guardian:FierceBash","Guardian:FloatingOrbs","Guardian:PolyBeam"],"picked":"SKIP","floor":27.0},{"not_picked":["Guardian:WalkerClaw+1","Guardian:Repulse","Guardian:Preprogram"],"picked":"SKIP","floor":29.0},{"not_picked":["Guardian:Gem_Lightblue","Guardian:Gem_Red"],"picked":"Guardian:Gem_Cyan","floor":30.0},{"not_picked":["Guardian:RollAttack","Guardian:Planning","Guardian:Reroute"],"picked":"SKIP","floor":30.0},{"not_picked":["Guardian:RollAttack","Guardian:Planning","Guardian:Reroute"],"picked":"SKIP","floor":30.0},{"not_picked":["Guardian:Gem_Red","Guardian:Gem_Lightblue"],"picked":"Guardian:Gem_Cyan","floor":31.0},{"not_picked":["Guardian:Repulse","Guardian:TemporalShield"],"picked":"Guardian:ShieldSpikes","floor":31.0}],"player_experience":2933881,"relics_obtained":[{"floor":5.0,"key":"Letter Opener"},{"floor":9.0,"key":"Orichalcum"},{"floor":14.0,"key":"Happy Flower"},{"floor":30.0,"key":"HornCleat"}],"event_choices":[{"damage_healed":0.0,"max_hp_gain":0.0,"max_hp_loss":0.0,"gold_gain":0.0,"event_name":"Wheel of Change","player_choice":"Relic","floor":5.0,"gold_loss":0.0,"damage_taken":0.0},{"damage_healed":0.0,"max_hp_gain":0.0,"max_hp_loss":0.0,"gold_gain":0.0,"event_name":"Lab","player_choice":"Got Potions","floor":23.0,"gold_loss":0.0,"damage_taken":0.0}],"is_beta":false,"boss_relics":[{"not_picked":["Empty Cage","Guardian:ModeShifterPlus"],"picked":"Cursed Key"}],"items_purged_floors":[29],"is_endless":false,"potions_floor_spawned":[9,12,15,16,19,22,26,30],"killed_by":"Chosen and Byrds","ascension_level":20}}