{"host":"yb8bkkdvr1qiclnk","time":1609988398,"event":{"mods":["BaseMod","Colored Map","Colored Powertips","DeckTracker","Faster Ascension Climbing","Highlight Path","Minty Spire (QoL Compilation)","Quick Restart","Relic Stats","UnlockEverythingMod"],"gold_per_floor":[119,134,29,48,59,59,94,94,94,94,94,244,263,287,287,360,360,375,393,393,393,393],"floor_reached":21,"playtime":1035,"items_purged":["Strike_B"],"score":358,"play_id":"794148c8-6fa9-47fe-9d73-0ddefc13e283","local_time":"20210106215958","is_ascension_mode":true,"campfire_choices":[{"data":"Barrage","floor":6,"key":"SMITH"},{"data":"Darkness","floor":8,"key":"SMITH"},{"floor":11,"key":"REST"},{"floor":15,"key":"REST"}],"circlet_count":0,"master_deck":["AscendersBane","Strike_B","Defend_B","Defend_B","Zap","Dualcast","Darkness+1","Sweeping Beam","Beam Cell","Conserve Battery","Chaos","Barrage+1","Undo","Doubt","FTL","All For One","White Noise+1","Biased Cognition+1","Storm+1","Glacier","Redo"],"relics":["Cracked Core","Orichalcum","Bag of Marbles","White Beast Statue","Vajra","Astrolabe"],"acts_visited":["Exordium","TheCity"],"potions_floor_usage":[16,18],"damage_taken":[{"damage":12,"enemies":"Jaw Worm","floor":1,"turns":3},{"damage":4,"enemies":"Small Slimes","floor":2,"turns":3},{"damage":0,"enemies":"Cultist","floor":4,"turns":3},{"damage":5,"enemies":"Looter","floor":5,"turns":3},{"damage":18,"enemies":"Lagavulin","floor":7,"turns":6},{"damage":22,"enemies":"Exordium Wildlife","floor":13,"turns":5},{"damage":37,"enemies":"Slime Boss","floor":16,"turns":7},{"damage":15,"enemies":"Shell Parasite","floor":18,"turns":2},{"damage":3,"enemies":"3 Byrds","floor":19,"turns":6},{"damage":19,"enemies":"Sentry and Sphere","floor":21,"turns":3}],"seed_played":"8695831989313662830","potions_obtained":[{"floor":4,"key":"Swift Potion"},{"floor":5,"key":"FearPotion"},{"floor":13,"key":"PotionOfCapacity"},{"floor":16,"key":"DistilledChaos"},{"floor":18,"key":"Energy Potion"},{"floor":19,"key":"FocusPotion"}],"is_trial":false,"path_per_floor":["M","M","$","M","M","R","E","R","T","?","R","?","M","T","R","B",null,"M","M","?","M"],"character_chosen":"DEFECT","items_purchased":["Conserve Battery"],"campfire_rested":2,"item_purchase_floors":[3],"current_hp_per_floor":[52,48,48,48,43,43,25,25,25,20,41,41,19,19,40,3,54,39,36,16,0,0],"gold":393,"neow_bonus":"TRANSFORM_CARD","is_daily":false,"chose_seed":false,"campfire_upgraded":2,"win_rate":0.0,"timestamp":1609988398,"path_taken":["M","M","$","M","M","R","E","R","T","?","R","?","M","?","R","BOSS","M","M","?","M"],"items_purchased_type":["Card"],"build_version":"2020-12-22","purchased_purges":1,"victory":false,"max_hp_per_floor":[71,71,71,71,71,71,71,71,71,71,71,71,71,71,71,71,71,71,71,76,76,76],"relic_stats":{"counters":[10,41],"Astrolabe":["White Noise","Biased Cognition","Storm"],"Orichalcum":[18],"obtain_stats":[{"Astrolabe":17,"Vajra":14,"Bag of Marbles":9,"Orichalcum":7,"Cracked Core":0,"White Beast Statue":10},{"Astrolabe":7,"Vajra":6,"Bag of Marbles":5,"Orichalcum":5,"Cracked Core":0,"White Beast Statue":5},{"Astrolabe":30,"Vajra":23,"Bag of Marbles":18,"Orichalcum":18,"Cracked Core":0,"White Beast Statue":18}]},"card_choices":[{"not_picked":["Conserve Battery","Gash"],"picked":"Sweeping Beam","floor":1},{"not_picked":["Melter","BootSequence"],"picked":"Beam Cell","floor":2},{"not_picked":["Aggregate","Heatsinks"],"picked":"Chaos","floor":4},{"not_picked":["Glacier","Storm"],"picked":"Barrage","floor":5},{"not_picked":["Heatsinks","Hyperbeam"],"picked":"Undo","floor":7},{"not_picked":["Aggregate","Barrage"],"picked":"FTL","floor":13},{"not_picked":["Meteor Strike","Core Surge"],"picked":"All For One","floor":16},{"not_picked":["Steam","Beam Cell"],"picked":"Glacier","floor":18},{"not_picked":["Double Energy","Steam Power"],"picked":"Redo","floor":19}],"player_experience":43207,"relics_obtained":[{"floor":7,"key":"Orichalcum"},{"floor":9,"key":"Bag of Marbles"},{"floor":14,"key":"Vajra"}],"event_choices":[{"damage_healed":0,"gold_gain":0,"player_choice":"Success","damage_taken":5,"relics_obtained":["White Beast Statue"],"max_hp_gain":0,"max_hp_loss":0,"event_name":"Scrap Ooze","floor":10,"gold_loss":0},{"damage_healed":0,"gold_gain":150,"player_choice":"AGREE","damage_taken":0,"max_hp_gain":0,"max_hp_loss":0,"event_name":"Liars Game","floor":12,"gold_loss":0,"cards_obtained":["Doubt"]},{"damage_healed":0,"gold_gain":0,"player_choice":"Shed Blood","damage_taken":25,"max_hp_gain":5,"max_hp_loss":0,"event_name":"Forgotten Altar","floor":20,"gold_loss":0}],"is_beta":false,"boss_relics":[{"not_picked":["Pandora\u0027s Box","Tiny House"],"picked":"Astrolabe"}],"items_purged_floors":[3],"is_endless":false,"potions_floor_spawned":[4,5,13,16,18,19],"killed_by":"Sentry and Sphere","ascension_level":20}}