{"host":"l84l8xigz5v5foa2","time":1609987956,"event":{"mods":["2.2 Compatiblity","AchievementEnabler","BaseMod","Better Note","Better Vampires","Card Filter","Colored Map","DeckTracker","Downfall","Gremlin Skip","Highlight Path","Keyboard Shortcuts","Minty Spire (QoL Compilation)","Permanent Neow","Quick Restart","Relic Filter","Relic Stats","StSLib","SuperFastMode","Transform Curses","Unknown Chances"],"gold_per_floor":[99,109,121,137,150,150,173,41,41,41,51,51,36,69,80,152,152,152,166,182,182,196,146,146,177,188,113,113,38,38,70,90,168,168,93,113,129,359,375,375,398,398,169,180,180,180,180,205,215,215,215,248,29,29,29],"floor_reached":56,"playtime":3992,"items_purged":["Guardian:Strike_Guardian","Guardian:Strike_Guardian","Guardian:Defend_Guardian"],"score":2374,"play_id":"29ea1b8d-87b2-426e-9240-4b8b58a84266","local_time":"20210107115236","is_ascension_mode":true,"campfire_choices":[{"data":"Guardian:CurlUp","floor":1.0,"key":"SMITH"},{"data":"Guardian:SentryBeam","floor":6.0,"key":"SMITH"},{"data":"Guardian:FuturePlans","floor":10.0,"key":"SMITH"},{"data":"Guardian:DonusPower","floor":12.0,"key":"SMITH"},{"data":"Guardian:StasisEngine","floor":18.0,"key":"SMITH"},{"floor":27.0,"key":"RECALL"},{"data":"Guardian:GuardianWhirl","floor":29.0,"key":"SMITH"},{"data":"Guardian:RevengeProtocol","floor":35.0,"key":"SMITH"},{"data":"Guardian:Suspension","floor":46.0,"key":"SMITH"},{"data":"Guardian:StasisEngine","floor":54.0,"key":"SMITH"}],"circlet_count":0,"master_deck":["AscendersBane","Guardian:Strike_Guardian","Guardian:Defend_Guardian","Guardian:Defend_Guardian","Guardian:CurlUp+1","Guardian:TwinSlam+1","Guardian:Incinerate","Guardian:SentryBeam+1","Guardian:DonusPower+1","Guardian:Recover","Guardian:FuturePlans+1","Guardian:FloatingOrbs","Guardian:StasisEngine+1","Guardian:StasisEngine+1","Guardian:PiercingHide+1","Guardian:Recover+1","RitualDagger","Guardian:GuardianWhirl+1","Guardian:RevengeProtocol+1","Guardian:TemporalShield+1","Guardian:EvasiveProtocol+1","Guardian:Suspension+1","expansioncontent:DefensiveStance","Guardian:Clone","Finesse"],"relics":["Guardian:ModeShifter","Juzu Bracelet","Vajra","Sozu","Nunchaku","downfall:HeartBlessingBlue","Enchiridion","downfall:HeartBlessingRed","Happy Flower","Philosopher\u0027s Stone","downfall:HeartBlessingGreen","PreservedInsect","Unceasing Top","champ:DeflectingBracers","Blood Vial"],"acts_visited":["Exordium","TheCity","TheBeyond","TheEnding"],"potions_floor_usage":[],"damage_taken":[{"damage":0.0,"enemies":"Cultist","floor":2.0,"turns":3.0},{"damage":9.0,"enemies":"2 Louse","floor":3.0,"turns":3.0},{"damage":0.0,"enemies":"Small Slimes","floor":4.0,"turns":2.0},{"damage":8.0,"enemies":"Exordium Thugs","floor":5.0,"turns":5.0},{"damage":0.0,"enemies":"downfall:FleeingMerchant","floor":8.0,"turns":4.0},{"damage":0.0,"enemies":"2 Fungi Beasts","floor":11.0,"turns":3.0},{"damage":0.0,"enemies":"downfall:FleeingMerchant","floor":13.0,"turns":4.0},{"damage":0.0,"enemies":"Lagavulin","floor":14.0,"turns":5.0},{"damage":12.0,"enemies":"Red Slaver","floor":15.0,"turns":4.0},{"damage":10.0,"enemies":"downfall:Silent","floor":16.0,"turns":6.0},{"damage":1.0,"enemies":"Shell Parasite","floor":19.0,"turns":3.0},{"damage":5.0,"enemies":"3 Byrds","floor":20.0,"turns":3.0},{"damage":18.0,"enemies":"Centurion and Healer","floor":22.0,"turns":5.0},{"damage":16.0,"enemies":"Book of Stabbing","floor":25.0,"turns":5.0},{"damage":19.0,"enemies":"Snake Plant","floor":26.0,"turns":4.0},{"damage":50.0,"enemies":"Slavers","floor":31.0,"turns":6.0},{"damage":3.0,"enemies":"Chosen and Byrds","floor":32.0,"turns":4.0},{"damage":0.0,"enemies":"downfall:Defect","floor":33.0,"turns":4.0},{"damage":0.0,"enemies":"Orb Walker","floor":36.0,"turns":3.0},{"damage":17.0,"enemies":"3 Darklings","floor":37.0,"turns":5.0},{"damage":0.0,"enemies":"downfall:FleeingMerchant","floor":38.0,"turns":4.0},{"damage":21.0,"enemies":"Jaw Worm Horde","floor":39.0,"turns":3.0},{"damage":0.0,"enemies":"Sphere and 2 Shapes","floor":44.0,"turns":5.0},{"damage":0.0,"enemies":"Mind Bloom Boss Battle","floor":48.0,"turns":4.0},{"damage":9.0,"enemies":"4 Shapes","floor":49.0,"turns":4.0},{"damage":3.0,"enemies":"downfall:Watcher","floor":50.0,"turns":6.0},{"damage":0.0,"enemies":"downfall:CharBossMerchant","floor":52.0,"turns":3.0},{"damage":0,"enemies":"downfall:NeowBoss","floor":55,"turns":10}],"seed_played":"-5363134695899309582","potions_obtained":[{"floor":3.0,"key":"Slimebound:ThreeZeroPotion"},{"floor":4.0,"key":"Guardian:AcceleratePotion"},{"floor":14.0,"key":"champ:CounterPotion"},{"floor":15.0,"key":"SpeedPotion"},{"floor":16.0,"key":"Block Potion"}],"is_trial":false,"path_per_floor":["R","M","M","M","M","R","T","$","?","R","M","R","$","E","M","B",null,"R","M","M","?","M","?","T","E","M","R","?","R","?","E","M","B",null,"R","M","M","$","M","?","T","T","$","M","?","R","?","?","M","B",null,"E","$","R","B",null],"character_chosen":"GUARDIAN","items_purchased":["Guardian:FuturePlans","Guardian:Gem_Yellow","Guardian:Suspension","expansioncontent:DefensiveStance","Finesse"],"campfire_rested":0,"item_purchase_floors":[8,43,43,43,53],"current_hp_per_floor":[65,65,56,56,48,48,48,48,48,48,48,48,48,48,36,26,61,61,60,55,49,31,66,66,50,31,41,20,20,82,32,29,29,69,69,69,52,52,31,31,31,31,31,31,31,31,31,31,22,19,66,66,66,66,68],"gold":29,"neow_bonus":"UPGRADE_CARD","is_daily":false,"chose_seed":false,"campfire_upgraded":9,"win_rate":0.0,"timestamp":1609987956,"path_taken":["R","M","M","M","M","R","T","?","?","R","M","R","$","E","M","BOSS","R","M","M","?","M","?","T","E","M","R","?","R","?","E","M","BOSS","R","M","M","$","M","?","T","?","$","M","?","R","?","?","M","BOSS","E","$","R","BOSS"],"items_purchased_type":["Card","Card","Card","Card","Card"],"build_version":"2020-12-22","purchased_purges":3,"victory":true,"max_hp_per_floor":[72,72,72,72,72,72,72,72,72,72,72,72,72,72,72,72,72,72,72,72,72,72,72,72,72,72,82,82,82,82,82,82,82,82,82,82,82,82,82,82,82,82,82,82,82,82,82,82,82,82,82,82,82,82,82],"relic_stats":{"Sozu":8,"Blood Vial":2,"Nunchaku":[26],"Happy Flower":[18],"counters":[28,119],"PreservedInsect":105,"Juzu Bracelet":2,"obtain_stats":[{"downfall:HeartBlessingRed":29,"Happy Flower":31,"Guardian:ModeShifter":0,"Vajra":14,"Enchiridion":28,"downfall:HeartBlessingGreen":35,"PreservedInsect":41,"champ:DeflectingBracers":48,"Juzu Bracelet":7,"Sozu":17,"Blood Vial":52,"Nunchaku":25,"downfall:HeartBlessingBlue":27,"Philosopher\u0027s Stone":34,"Unceasing Top":42},{"downfall:HeartBlessingRed":15,"Happy Flower":16,"Guardian:ModeShifter":0,"Vajra":8,"Enchiridion":15,"downfall:HeartBlessingGreen":18,"PreservedInsect":22,"champ:DeflectingBracers":24,"Juzu Bracelet":4,"Sozu":10,"Blood Vial":27,"Nunchaku":14,"downfall:HeartBlessingBlue":15,"Philosopher\u0027s Stone":18,"Unceasing Top":22},{"downfall:HeartBlessingRed":59,"Happy Flower":65,"Guardian:ModeShifter":0,"Vajra":29,"Enchiridion":59,"downfall:HeartBlessingGreen":73,"PreservedInsect":88,"champ:DeflectingBracers":97,"Juzu Bracelet":13,"Sozu":39,"Blood Vial":109,"Nunchaku":55,"downfall:HeartBlessingBlue":59,"Philosopher\u0027s Stone":73,"Unceasing Top":88}],"Unceasing Top":[0]},"card_choices":[{"not_picked":["Guardian:RollAttack","Guardian:Gem_Blue"],"picked":"Guardian:Incinerate","floor":2.0},{"not_picked":["Guardian:Incinerate","Guardian:Orbwalk"],"picked":"Guardian:SentryBeam","floor":3.0},{"not_picked":["Guardian:Gem_Crimson","Guardian:PrimingBeam"],"picked":"Guardian:DonusPower","floor":4.0},{"not_picked":["Guardian:Recover","Guardian:VentSteam"],"picked":"Guardian:Gem_Blue","floor":5.0},{"not_picked":["Guardian:VentSteam","Guardian:Reroute"],"picked":"Guardian:Recover","floor":8.0},{"not_picked":["Guardian:Clone","Guardian:ShieldCharger"],"picked":"Guardian:FloatingOrbs","floor":11.0},{"not_picked":["Guardian:TemporalStrike","Guardian:Clone","Guardian:Recover"],"picked":"SKIP","floor":13.0},{"not_picked":["Guardian:MultiBeam","Guardian:Suspension"],"picked":"Guardian:StasisEngine","floor":14.0},{"not_picked":["Guardian:Planning","Guardian:RollAttack","Guardian:PrismaticBarrier"],"picked":"SKIP","floor":15.0},{"not_picked":["Guardian:GemFire","Guardian:TimeSifter"],"picked":"Guardian:StasisEngine","floor":16.0},{"not_picked":["Guardian:TemporalShield","Guardian:Incinerate"],"picked":"Guardian:PiercingHide+1","floor":19.0},{"not_picked":["Guardian:Harden","Guardian:FuturePlans"],"picked":"Guardian:Recover+1","floor":20.0},{"not_picked":["Guardian:PrimingBeam","Guardian:VentSteam","Guardian:DonusPower"],"picked":"SKIP","floor":22.0},{"not_picked":["Guardian:Harden","Guardian:FloatingOrbs"],"picked":"Guardian:GuardianWhirl","floor":25.0},{"not_picked":["Guardian:BronzeArmor","Guardian:PrismaticBeam","Guardian:PiercingHide"],"picked":"SKIP","floor":26.0},{"not_picked":["Guardian:PiercingHide","Guardian:SphericShield"],"picked":"Guardian:Gem_White","floor":31.0},{"not_picked":["Guardian:PrismaticBeam","Guardian:ShieldCharger","Guardian:ChargeUp"],"picked":"SKIP","floor":32.0},{"not_picked":["Guardian:HyperBeam_Guardian","Guardian:ConstructionForm"],"picked":"Guardian:RevengeProtocol","floor":33.0},{"not_picked":["Guardian:TimeCapacitor","Guardian:FloatingOrbs"],"picked":"Guardian:TemporalShield+1","floor":36.0},{"not_picked":["Guardian:WalkerClaw","Guardian:ShieldSpikes"],"picked":"Guardian:EvasiveProtocol+1","floor":37.0},{"not_picked":["Guardian:Gem_Red","Guardian:StasisField","Guardian:VentSteam"],"picked":"SKIP","floor":38.0},{"not_picked":["Guardian:Gem_Green","Guardian:Incinerate","Guardian:PiercingHide"],"picked":"SKIP","floor":39.0},{"not_picked":["Guardian:TemporalShield+1","Guardian:TemporalStrike+1"],"picked":"Guardian:Gem_Blue","floor":44.0},{"not_picked":["Guardian:VentSteam","Guardian:RefractedBeam+1","Guardian:ShieldSpikes"],"picked":"SKIP","floor":49.0},{"not_picked":["Guardian:SpikerProtocol","Guardian:Gem_Crimson"],"picked":"Guardian:Clone","floor":52.0}],"player_experience":2937231,"relics_obtained":[{"floor":7.0,"key":"Juzu Bracelet"},{"floor":14.0,"key":"Vajra"},{"floor":25.0,"key":"Nunchaku"},{"floor":28.0,"key":"Enchiridion"},{"floor":31.0,"key":"Happy Flower"},{"floor":41.0,"key":"PreservedInsect"},{"floor":42.0,"key":"Unceasing Top"},{"floor":48.0,"key":"champ:DeflectingBracers"},{"floor":52.0,"key":"Blood Vial"}],"event_choices":[{"damage_healed":62.0,"max_hp_gain":0.0,"max_hp_loss":0.0,"gold_gain":0.0,"event_name":"Wheel of Change","player_choice":"Full Heal","floor":30.0,"gold_loss":0.0,"damage_taken":0.0},{"cards_removed":["Guardian:Strike_Guardian"],"damage_healed":0.0,"max_hp_gain":0.0,"max_hp_loss":0.0,"gold_gain":0.0,"event_name":"Falling","player_choice":"Removed Attack","floor":47.0,"gold_loss":0.0,"damage_taken":0.0}],"is_beta":false,"boss_relics":[{"not_picked":["Fusion Hammer","Runic Pyramid"],"picked":"Sozu"},{"not_picked":["SacredBark","Coffee Dripper"],"picked":"Philosopher\u0027s Stone"}],"items_purged_floors":[8,38,53],"is_endless":false,"potions_floor_spawned":[3,4,14,15,16,20,22,25,33,36,44,48,49],"ascension_level":20}}