{"host":"l60rmjjsfi0fipmi","time":1609989233,"event":{"mods":["BaseMod","Colored Map","DeckTracker","Highlight Path","Minty Spire (QoL Compilation)"],"gold_per_floor":[118,118,130,141,156,156,171,188,259,3,3,15,26,26,26,128,128,145,145,159,188,188,188],"floor_reached":22,"playtime":1505,"items_purged":["Strike_G"],"score":180,"play_id":"0b582a35-625e-4562-b745-6ff6fc9021c6","local_time":"20210106221353","is_ascension_mode":false,"campfire_choices":[{"data":"Neutralize","floor":6,"key":"SMITH"},{"data":"Apotheosis","floor":11,"key":"SMITH"},{"floor":15,"key":"REST"}],"circlet_count":0,"master_deck":["Defend_G","Defend_G","Defend_G","Defend_G","Defend_G","Survivor","Neutralize+1","Slice","Leg Sweep","Poisoned Stab","Backflip","Well Laid Plans","Bouncing Flask","Apotheosis+1","Blade Dance","Burst","Corpse Explosion","Skewer+1","Poisoned Stab+1","Doppelganger+1","Catalyst","Endless Agony+1"],"relics":["SacredBark","Bottled Flame","Astrolabe","Red Mask"],"acts_visited":["Exordium","TheCity"],"potions_floor_usage":[22,22,22],"damage_taken":[{"damage":2,"enemies":"Small Slimes","floor":1,"turns":4},{"damage":0,"enemies":"2 Louse","floor":3,"turns":3},{"damage":0,"enemies":"Cultist","floor":4,"turns":5},{"damage":7,"enemies":"Large Slime","floor":5,"turns":7},{"damage":8,"enemies":"Exordium Wildlife","floor":7,"turns":5},{"damage":5,"enemies":"2 Fungi Beasts","floor":8,"turns":5},{"damage":2,"enemies":"Looter","floor":12,"turns":3},{"damage":0,"enemies":"Large Slime","floor":13,"turns":6},{"damage":26,"enemies":"Hexaghost","floor":16,"turns":9},{"damage":3,"enemies":"Chosen","floor":18,"turns":4},{"damage":20,"enemies":"2 Thieves","floor":20,"turns":4},{"damage":36,"enemies":"Masked Bandits","floor":21,"turns":4},{"damage":19,"enemies":"Cultist and Chosen","floor":22,"turns":4}],"seed_played":"-2535227561759691530","potions_obtained":[{"floor":3,"key":"CunningPotion"},{"floor":4,"key":"BlessingOfTheForge"},{"floor":8,"key":"BlessingOfTheForge"},{"floor":16,"key":"EssenceOfSteel"},{"floor":20,"key":"CunningPotion"},{"floor":21,"key":"Block Potion"}],"is_trial":false,"path_per_floor":["M","?","M","M","M","R","M","M","T","$","R","M","M","?","R","B",null,"M","?","M","?","M"],"character_chosen":"THE_SILENT","items_purchased":["Apotheosis"],"campfire_rested":1,"item_purchase_floors":[10],"current_hp_per_floor":[68,68,68,68,61,61,53,48,48,48,48,46,46,46,67,41,70,67,67,47,11,0,0],"gold":188,"neow_bonus":"BOSS_RELIC","is_daily":false,"chose_seed":false,"campfire_upgraded":2,"win_rate":0.0,"timestamp":1609989233,"path_taken":["M","?","M","M","M","R","M","M","T","$","R","M","M","?","R","BOSS","M","?","M","?","M"],"items_purchased_type":["Card"],"build_version":"2020-12-22","purchased_purges":1,"victory":false,"max_hp_per_floor":[70,70,70,70,70,70,70,70,70,70,70,70,70,70,70,70,70,70,70,70,70,70,70],"card_choices":[{"not_picked":["Bane","Acrobatics"],"picked":"Slice","floor":1},{"not_picked":["Flechettes","Sucker Punch"],"picked":"Leg Sweep","floor":3},{"not_picked":["Reflex","Deadly Poison"],"picked":"Poisoned Stab","floor":4},{"not_picked":["Dagger Throw","Slice"],"picked":"Backflip","floor":5},{"not_picked":["Prepared","Escape Plan"],"picked":"Well Laid Plans","floor":7},{"not_picked":["Underhanded Strike","Bane"],"picked":"Bouncing Flask","floor":8},{"not_picked":["Acrobatics","Bane"],"picked":"Blade Dance","floor":12},{"not_picked":["Leg Sweep","Caltrops"],"picked":"Burst","floor":13},{"not_picked":["Burst","Grand Finale"],"picked":"Corpse Explosion","floor":16},{"not_picked":["Concentrate","Predator","Blade Dance"],"picked":"SKIP","floor":18},{"not_picked":["Predator+1","Bane","All Out Attack"],"picked":"SKIP","floor":20},{"not_picked":["Acrobatics+1","Leg Sweep"],"picked":"Endless Agony+1","floor":21}],"player_experience":261249,"relics_obtained":[{"floor":9,"key":"Bottled Flame"},{"floor":21,"key":"Red Mask"}],"event_choices":[{"damage_healed":0,"gold_gain":0,"player_choice":"Ignored","damage_taken":0,"max_hp_gain":0,"max_hp_loss":0,"event_name":"Liars Game","floor":2,"gold_loss":0},{"cards_removed":["Strike_G"],"damage_healed":0,"gold_gain":0,"player_choice":"Purged","damage_taken":0,"max_hp_gain":0,"max_hp_loss":0,"event_name":"Purifier","floor":14,"gold_loss":0},{"damage_healed":0,"gold_gain":0,"player_choice":"Read","damage_taken":0,"max_hp_gain":0,"max_hp_loss":0,"event_name":"The Library","floor":19,"gold_loss":0,"cards_obtained":["Catalyst"]},{"damage_healed":0,"gold_gain":0,"player_choice":"Fought Bandits","damage_taken":0,"max_hp_gain":0,"max_hp_loss":0,"event_name":"Masked Bandits","floor":21,"gold_loss":0}],"is_beta":false,"boss_relics":[{"not_picked":["HoveringKite","Calling Bell"],"picked":"Astrolabe"}],"items_purged_floors":[10],"is_endless":false,"potions_floor_spawned":[3,4,8,16,20,21],"killed_by":"Cultist and Chosen","ascension_level":0}}