{"host":"ng8aq1q5gznbd93k","time":1609990869,"event":{"mods":["AchievementEnabler","BaseMod","Downfall","Minty Spire (QoL Compilation)","StSLib","SuperFastMode","The Bug Knight"],"gold_per_floor":[117,117,117,129,3,28,44,73,73,73,73,87,121,172,172,277,277,290,290,300,300,65,65,94,111,111,111,111],"floor_reached":27,"playtime":874,"items_purged":[],"score":340,"play_id":"d18a8d90-918e-4ff4-a180-a9b9e7d78be0","local_time":"20210106214109","is_ascension_mode":true,"campfire_choices":[{"data":"Loop","floor":11,"key":"SMITH"},{"floor":15,"key":"REST"},{"floor":23,"key":"REST"}],"circlet_count":0,"master_deck":["Strike_B","Strike_B","Strike_B","Strike_B","Defend_B","Defend_B","Defend_B+1","Defend_B","Zap+1","Dualcast","Redo","Rip and Tear","Redo","Loop+1","All For One","Gash","Ball Lightning+1","Ball Lightning","Consume","Electrodynamics","Loop","Writhe","Barrage+1","Go for the Eyes","Seek","Conserve Battery","Defragment+1","White Noise"],"relics":["Cracked Core","NeowsBlessing","Mango","TungstenRod","Torii","Pen Nib","Bag of Preparation","Black Star","HollowMod:LifeEnderRelic","Enchiridion","Pantograph","Centennial Puzzle","Nunchaku"],"acts_visited":["Exordium","TheCity"],"potions_floor_usage":[13,24,25,25,25,27,27],"damage_taken":[{"damage":0,"enemies":"2 Louse","floor":1,"turns":1},{"damage":0,"enemies":"Jaw Worm","floor":4,"turns":1},{"damage":0,"enemies":"Lagavulin","floor":6,"turns":1},{"damage":3,"enemies":"Small Slimes","floor":7,"turns":3},{"damage":26,"enemies":"3 Sentries","floor":8,"turns":6},{"damage":0,"enemies":"Exordium Wildlife","floor":12,"turns":3},{"damage":12,"enemies":"Lagavulin","floor":13,"turns":3},{"damage":0,"enemies":"Slime Boss","floor":16,"turns":4},{"damage":18,"enemies":"2 Thieves","floor":18,"turns":3},{"damage":32,"enemies":"Shell Parasite","floor":20,"turns":5},{"damage":24,"enemies":"Gremlin Leader","floor":24,"turns":5},{"damage":28,"enemies":"Snecko","floor":25,"turns":4},{"damage":7,"enemies":"Centurion and Healer","floor":27,"turns":2}],"seed_played":"3459030959535879372","potions_obtained":[{"floor":1,"key":"champ:CounterPotion"},{"floor":6,"key":"SteroidPotion"},{"floor":12,"key":"EntropicBrew"},{"floor":18,"key":"Swift Potion"},{"floor":25,"key":"hexamod:EctoCoolerPotion"}],"is_trial":false,"path_per_floor":["M","?","?","M","$","E","M","E","T","?","R","M","E","T","R","B",null,"M","?","M","?","$","R","E","M","T","M"],"character_chosen":"DEFECT","items_purchased":["Redo","Loop","Go for the Eyes","Seek","Conserve Battery"],"campfire_rested":2,"item_purchase_floors":[5,5,22,22,22],"current_hp_per_floor":[75,75,75,75,75,89,86,60,60,43,43,43,31,31,57,57,89,71,71,39,27,27,53,29,1,1,0,0],"gold":111,"neow_bonus":"THREE_ENEMY_KILL","is_daily":false,"chose_seed":false,"campfire_upgraded":1,"win_rate":0.0,"timestamp":1609990869,"path_taken":["M","?","?","M","$","E","M","E","T","?","R","M","E","?","R","BOSS","M","?","M","?","$","R","E","M","T","M"],"items_purchased_type":["Card","Card","Card","Card","Card"],"build_version":"2020-12-22","purchased_purges":0,"victory":false,"max_hp_per_floor":[75,75,75,75,75,89,89,89,89,89,89,89,89,89,89,89,89,89,89,89,89,89,89,89,89,89,89,89],"card_choices":[{"not_picked":["Chaos","Stack"],"picked":"Redo","floor":1},{"not_picked":["Turbo","Go for the Eyes"],"picked":"Rip and Tear","floor":4},{"not_picked":["Ball Lightning","Cold Snap"],"picked":"All For One","floor":6},{"not_picked":["FTL","Coolheaded"],"picked":"Gash","floor":7},{"not_picked":["Undo","Steam"],"picked":"Ball Lightning","floor":8},{"not_picked":["Chaos","Chill"],"picked":"Ball Lightning","floor":12},{"not_picked":["Core Surge","Turbo"],"picked":"Consume","floor":13},{"not_picked":["Hyperbeam","Machine Learning"],"picked":"Electrodynamics","floor":16},{"not_picked":["Darkness","Reprogram+1"],"picked":"Loop","floor":18},{"not_picked":["Cold Snap","Beam Cell"],"picked":"Barrage+1","floor":20},{"not_picked":["Glacier","Creative AI"],"picked":"Defragment+1","floor":24},{"not_picked":["Stack","Compile Driver"],"picked":"White Noise","floor":25}],"player_experience":118096,"relics_obtained":[{"floor":6,"key":"Mango"},{"floor":8,"key":"TungstenRod"},{"floor":9,"key":"Torii"},{"floor":13,"key":"Pen Nib"},{"floor":14,"key":"Bag of Preparation"},{"floor":21,"key":"Enchiridion"},{"floor":24,"key":"Pantograph"},{"floor":24,"key":"Centennial Puzzle"},{"floor":26,"key":"Nunchaku"}],"event_choices":[{"damage_healed":0,"gold_gain":0,"player_choice":"Grow","damage_taken":0,"max_hp_gain":0,"max_hp_loss":0,"event_name":"Living Wall","floor":2,"gold_loss":0,"cards_upgraded":["Zap"]},{"damage_healed":0,"gold_gain":0,"player_choice":"Leave","damage_taken":0,"max_hp_gain":0,"max_hp_loss":0,"event_name":"The Cleric","floor":3,"gold_loss":0},{"damage_healed":0,"gold_gain":0,"player_choice":"Entered Light","damage_taken":18,"max_hp_gain":0,"max_hp_loss":0,"event_name":"Shining Light","floor":10,"gold_loss":0,"cards_upgraded":["Defend_B","Ball Lightning"]},{"damage_healed":0,"gold_gain":0,"player_choice":"Opened","damage_taken":0,"relics_obtained":["HollowMod:LifeEnderRelic"],"max_hp_gain":0,"max_hp_loss":0,"event_name":"The Mausoleum","floor":19,"gold_loss":0,"cards_obtained":["Writhe"]},{"damage_healed":0,"gold_gain":0,"player_choice":"Obtained Book","damage_taken":16,"max_hp_gain":0,"max_hp_loss":0,"event_name":"Cursed Tome","floor":21,"gold_loss":0}],"is_beta":false,"boss_relics":[{"not_picked":["Snecko Eye","Busted Crown"],"picked":"Black Star"}],"items_purged_floors":[],"is_endless":false,"potions_floor_spawned":[1,6,12,18,25],"killed_by":"Centurion and Healer","ascension_level":1}}