{"host":"mydft8i2zzydgggw","time":1609989814,"event":{"mods":["AchievementEnabler","BaseMod","BetterRewards","Colored Map","Colored Powertips","DeckTracker","Keyboard Shortcuts","Minty Spire (QoL Compilation)","Quick Restart","Rare Cards Sparkle","StSLib","SuperFastMode","The Poker Player","everything is the same but u backflip on backflip"],"gold_per_floor":[117,292,292,306,158,158,186,186,238,238,238,271,221,255,255,255,255],"floor_reached":16,"playtime":299,"items_purged":["Doubt"],"score":153,"play_id":"a63205dd-4135-488f-9b7a-5f4995f346e0","local_time":"20210107122334","is_ascension_mode":true,"campfire_choices":[{"data":"Flame Barrier","floor":6.0,"key":"SMITH"},{"floor":11.0,"key":"REST"},{"data":"Intimidate","floor":15,"key":"SMITH"}],"circlet_count":0,"master_deck":["Strike_R","Strike_R","Strike_R","Strike_R","Defend_R","Defend_R","Defend_R","Defend_R","Bash+1","Ghostly Armor","Pain","Seeing Red+1","Flame Barrier+1","Intimidate+1","Cleave"],"relics":["Burning Blood","NeowsBlessing","WarpedTongs","Art of War","Golden Idol","Anchor","Ornamental Fan","Sundial"],"acts_visited":["Exordium"],"potions_floor_usage":[12,16],"damage_taken":[{"damage":0.0,"enemies":"Jaw Worm","floor":1.0,"turns":1.0},{"damage":1.0,"enemies":"Cultist","floor":4.0,"turns":1.0},{"damage":1.0,"enemies":"Gremlin Nob","floor":7.0,"turns":1.0},{"damage":20,"enemies":"Lagavulin","floor":12,"turns":5},{"damage":22,"enemies":"3 Sentries","floor":14,"turns":10},{"damage":44,"enemies":"The Guardian","floor":16,"turns":19}],"seed_played":"-898965235529168991","potions_obtained":[{"floor":1.0,"key":"PowerPotion"},{"floor":7.0,"key":"Swift Potion"}],"is_trial":false,"path_per_floor":["M","?","?","M","$","R","E","?","T","?","R","E","?","E","R","B"],"character_chosen":"IRONCLAD","items_purchased":["Flame Barrier"],"campfire_rested":1,"item_purchase_floors":[5],"current_hp_per_floor":[80,80,80,80,80,80,80,74,74,59,74,60,60,44,44,0,0],"gold":255,"neow_bonus":"THREE_ENEMY_KILL","is_daily":false,"chose_seed":false,"campfire_upgraded":2,"win_rate":0.0,"timestamp":1609989814,"path_taken":["M","?","?","?","$","R","E","?","T","?","R","E","?","E","R","BOSS"],"items_purchased_type":["Card"],"build_version":"2020-12-22","purchased_purges":1,"victory":false,"max_hp_per_floor":[80,80,80,80,80,80,80,74,74,74,74,74,74,74,74,74,74],"card_choices":[{"not_picked":["Dropkick","Blood for Blood"],"picked":"Ghostly Armor","floor":1.0},{"not_picked":["Combust","Carnage"],"picked":"Seeing Red","floor":4.0},{"not_picked":["Pommel Strike","Perfected Strike","Cleave"],"picked":"SKIP","floor":7.0},{"not_picked":["Berserk","Fire Breathing"],"picked":"Intimidate","floor":12},{"not_picked":["Wild Strike","Power Through"],"picked":"Cleave","floor":14}],"player_experience":133993,"relics_obtained":[{"floor":7.0,"key":"Art of War"},{"floor":9.0,"key":"Anchor"},{"floor":12,"key":"Ornamental Fan"},{"floor":14,"key":"Sundial"}],"event_choices":[{"damage_healed":0.0,"max_hp_gain":0.0,"max_hp_loss":0.0,"gold_gain":175.0,"event_name":"Liars Game","player_choice":"AGREE","floor":2.0,"gold_loss":0.0,"damage_taken":0.0,"cards_obtained":["Doubt"]},{"damage_healed":0.0,"max_hp_gain":0.0,"max_hp_loss":0.0,"gold_gain":0.0,"event_name":"Accursed Blacksmith","player_choice":"Rummage","floor":3.0,"gold_loss":0.0,"damage_taken":0.0,"relics_obtained":["WarpedTongs"],"cards_obtained":["Pain"]},{"damage_healed":0.0,"max_hp_gain":0.0,"max_hp_loss":6.0,"gold_gain":0.0,"event_name":"Golden Idol","player_choice":"Lose Max HP","floor":8.0,"gold_loss":0.0,"damage_taken":0.0,"relics_obtained":["Golden Idol"]},{"damage_healed":0.0,"max_hp_gain":0.0,"max_hp_loss":0.0,"gold_gain":0.0,"event_name":"Shining Light","player_choice":"Entered Light","floor":10.0,"gold_loss":0.0,"damage_taken":15.0,"cards_upgraded":["Bash","Seeing Red"]},{"cards_removed":["Strike_R"],"damage_healed":0,"gold_gain":0,"player_choice":"Card Removal","damage_taken":0,"max_hp_gain":0,"max_hp_loss":0,"event_name":"The Cleric","floor":13,"gold_loss":50}],"is_beta":false,"boss_relics":[],"items_purged_floors":[5],"is_endless":false,"potions_floor_spawned":[1,7],"killed_by":"The Guardian","ascension_level":2}}