{"host":"llpusn9usp8rznkj","time":1609990998,"event":{"mods":["2.2 Compatiblity","Aspiration","BaseMod","Colored Map","Colored Powertips","Conspire","Hubris","Minty Spire (QoL Compilation)","Quick Restart","Rare Cards Sparkle","Replay The Spire","StSLib","The Cursed"],"gold_per_floor":[117,117,117,129,140,140,174,174,198,225,225,300,300,316,316,389,389,406,453,353,353],"floor_reached":20,"playtime":623,"items_purged":[],"score":360,"play_id":"599bcc17-f550-4628-a9c4-82cf0a3ed379","local_time":"20210106224318","is_ascension_mode":true,"campfire_choices":[{"data":"Bash","floor":6.0,"key":"SMITH"},{"data":"Run Through","floor":8.0,"key":"SMITH"},{"floor":15.0,"key":"REST"}],"circlet_count":0,"master_deck":["AscendersBane","Strike_R+1","Strike_R","Strike_R","Strike_R+1","Defend_R","Defend_R","Defend_R","Defend_R","Bash+1","Anger","Shrug It Off","Heavy Blade","Run Through+1","Headbutt","Hemogenesis","Combust+1","Brutality"],"relics":["Burning Blood","NeowsBlessing","Red Skull","King of Hearts","Blood Vial","hubris:Icosahedron","aspiration:BabyByrd","Velvet Choker","aspiration:SeaSaltIceCream","PureWater"],"acts_visited":["Exordium","TheCity"],"potions_floor_usage":[16],"damage_taken":[{"damage":0.0,"enemies":"Jaw Worm","floor":1.0,"turns":1.0},{"damage":0.0,"enemies":"Cultist","floor":4.0,"turns":1.0},{"damage":0.0,"enemies":"2 Louse","floor":5.0,"turns":1.0},{"damage":32.0,"enemies":"Lagavulin","floor":7.0,"turns":6.0},{"damage":8.0,"enemies":"Gremlin Nob","floor":10.0,"turns":3.0},{"damage":10.0,"enemies":"Large Slime","floor":14.0,"turns":2.0},{"damage":45,"enemies":"Slime Boss","floor":16,"turns":6},{"damage":14,"enemies":"Spheric Guardian","floor":18,"turns":4},{"damage":40,"enemies":"2 Thieves","floor":20,"turns":3}],"seed_played":"-765425265712619582","potions_obtained":[{"floor":4.0,"key":"PowerPotion"},{"floor":5.0,"key":"LifebloodPotion"},{"floor":10.0,"key":"Energy Potion"},{"floor":14.0,"key":"BloodPotion"}],"is_trial":false,"path_per_floor":["M","?","?","M","M","R","E","R","T","E","?","?","?","M","R","B",null,"M","?","M"],"character_chosen":"IRONCLAD","items_purchased":[],"campfire_rested":1,"item_purchase_floors":[],"current_hp_per_floor":[74,51,51,57,63,63,37,37,37,35,35,24,24,22,44,22,62,61,37,0,0],"gold":353,"neow_bonus":"THREE_ENEMY_KILL","is_daily":false,"chose_seed":false,"campfire_upgraded":2,"win_rate":0.0,"timestamp":1609990998,"path_taken":["M","?","?","?","M","R","E","R","T","E","?","?","?","M","R","BOSS","M","?","M"],"items_purchased_type":[],"build_version":"2020-12-22","purchased_purges":0,"victory":false,"max_hp_per_floor":[75,75,75,75,75,75,75,75,75,75,75,75,75,75,75,75,75,75,75,75,75],"card_choices":[{"not_picked":["Burning Pact","Combust"],"picked":"Anger","floor":1.0},{"not_picked":["Twin Strike","Blood for Blood"],"picked":"Shrug It Off","floor":4.0},{"not_picked":["Twin Strike","Wild Strike"],"picked":"Heavy Blade","floor":5.0},{"not_picked":["Clothesline","Wild Strike"],"picked":"Run Through","floor":7.0},{"not_picked":["hubris:ReadiedAction","Defy Death"],"picked":"Headbutt","floor":10.0},{"not_picked":["Abandon","Headbutt","Cleave"],"picked":"SKIP","floor":14.0},{"not_picked":["Eclipse","Barricade"],"picked":"Hemogenesis","floor":16},{"not_picked":["Wild Strike+1","Perfected Strike","Massacre"],"picked":"SKIP","floor":18},{"not_picked":["Warcry","Twin Strike+1"],"picked":"Combust+1","floor":19},{"not_picked":["Iron Wave","Thunderclap"],"picked":"Brutality","floor":19}],"player_experience":1126673,"relics_obtained":[{"floor":7.0,"key":"Red Skull"},{"floor":9.0,"key":"King of Hearts"},{"floor":10.0,"key":"Blood Vial"},{"floor":19,"key":"aspiration:SeaSaltIceCream"}],"event_choices":[{"damage_healed":0.0,"max_hp_gain":0.0,"max_hp_loss":0.0,"gold_gain":0.0,"event_name":"Shining Light","player_choice":"Entered Light","floor":2.0,"gold_loss":0.0,"damage_taken":23.0,"cards_upgraded":["Strike_R","Strike_R"]},{"cards_removed":["Strike_R"],"damage_healed":0.0,"max_hp_gain":0.0,"max_hp_loss":0.0,"gold_gain":0.0,"event_name":"Bonfire Elementals","player_choice":"Offered Basic","floor":3.0,"gold_loss":0.0,"damage_taken":0.0},{"damage_healed":0.0,"max_hp_gain":0.0,"max_hp_loss":0.0,"gold_gain":75.0,"event_name":"World of Goop","player_choice":"Gather Gold","floor":12.0,"gold_loss":0.0,"damage_taken":11.0}],"is_beta":false,"boss_relics":[{"not_picked":["conspire:RunicOctahedron","conspire:SlowCooker"],"picked":"Velvet Choker"}],"items_purged_floors":[],"is_endless":false,"potions_floor_spawned":[4,5,10,14],"killed_by":"2 Thieves","ascension_level":20}}