{"host":"mydft8i2zzydgggw","time":1609993381,"event":{"mods":["AchievementEnabler","BaseMod","BetterRewards","Colored Map","Colored Powertips","DeckTracker","Keyboard Shortcuts","Minty Spire (QoL Compilation)","Quick Restart","Rare Cards Sparkle","StSLib","SuperFastMode","The Poker Player","everything is the same but u backflip on backflip"],"gold_per_floor":[18,18,34,209,0,0,39,39,39,64,78,29,98,121,121,249,249,270,230,329,370,270,306,306,340,366,389,389,402,132,170,170,298,298,319,333,348,348,411,455,455,474,474,474,507,60,100,123,123,123],"floor_reached":51,"playtime":1423,"items_purged":["Doubt","Strike_G","Deadly Poison","Strike_G"],"score":1283,"play_id":"fdf15d97-ee9b-4aa4-a89e-97431eea9d13","local_time":"20210107132301","is_ascension_mode":true,"campfire_choices":[{"data":"Neutralize","floor":6,"key":"SMITH"},{"data":"Backflip","floor":8,"key":"SMITH"},{"data":"Blade Dance","floor":15,"key":"SMITH"},{"data":"Accuracy","floor":24,"key":"SMITH"},{"data":"Blade Dance","floor":32,"key":"SMITH"},{"data":"Terror","floor":41,"key":"SMITH"},{"floor":49,"key":"REST"}],"circlet_count":0,"master_deck":["Defend_G","Defend_G","Defend_G","Defend_G","Defend_G","Survivor","Neutralize+1","Terror+1","Dash+1","Dagger Spray+1","Accuracy","Backflip+1","Crippling Poison","Blade Dance+1","Blade Dance+1","Accuracy+1","Wraith Form v2","PiercingWail","Backflip+1","After Image","Blade Dance+1","Purity"],"relics":["Ring of the Snake","Golden Idol","Ninja Scroll","Ornamental Fan","Juzu Bracelet","WristBlade","Red Mask","Bottled Tornado","Whetstone","Nilry\u0027s Codex","Medical Kit","Gambling Chip","Busted Crown","FossilizedHelix","Akabeko","Pocketwatch","Centennial Puzzle","Ancient Tea Set","Snake Skull"],"acts_visited":["Exordium","TheCity","TheBeyond"],"potions_floor_usage":[5,7,13,16,18,23,25,25,29,31,33,33,40,45,45,48,50,50],"damage_taken":[{"damage":1,"enemies":"Jaw Worm","floor":1,"turns":3},{"damage":6,"enemies":"2 Louse","floor":3,"turns":3},{"damage":20,"enemies":"Gremlin Nob","floor":7,"turns":5},{"damage":0,"enemies":"Small Slimes","floor":10,"turns":1},{"damage":2,"enemies":"Red Slaver","floor":11,"turns":2},{"damage":2,"enemies":"3 Sentries","floor":13,"turns":6},{"damage":0,"enemies":"3 Louse","floor":14,"turns":2},{"damage":0,"enemies":"Slime Boss","floor":16,"turns":6},{"damage":0,"enemies":"2 Thieves","floor":18,"turns":2},{"damage":0,"enemies":"Masked Bandits","floor":21,"turns":1},{"damage":0,"enemies":"Book of Stabbing","floor":23,"turns":2},{"damage":0,"enemies":"Slavers","floor":25,"turns":3},{"damage":0,"enemies":"Shell Parasite","floor":27,"turns":1},{"damage":2,"enemies":"Snake Plant","floor":29,"turns":2},{"damage":0,"enemies":"Gremlin Leader","floor":31,"turns":3},{"damage":24,"enemies":"Automaton","floor":33,"turns":8},{"damage":0,"enemies":"Orb Walker","floor":35,"turns":1},{"damage":9,"enemies":"3 Darklings","floor":36,"turns":4},{"damage":0,"enemies":"4 Shapes","floor":37,"turns":1},{"damage":10,"enemies":"Mind Bloom Boss Battle","floor":39,"turns":4},{"damage":12,"enemies":"Nemesis","floor":40,"turns":5},{"damage":0,"enemies":"Transient","floor":42,"turns":5},{"damage":0,"enemies":"Reptomancer","floor":45,"turns":3},{"damage":0,"enemies":"Giant Head","floor":47,"turns":4},{"damage":0,"enemies":"Writhing Mass","floor":48,"turns":3},{"damage":0,"enemies":"Donu and Deca","floor":50,"turns":3}],"seed_played":"-2510613666897613425","potions_obtained":[{"floor":3,"key":"AttackPotion"},{"floor":7,"key":"EssenceOfSteel"},{"floor":11,"key":"GamblersBrew"},{"floor":13,"key":"Block Potion"},{"floor":16,"key":"PowerPotion"},{"floor":19,"key":"LiquidMemories"},{"floor":19,"key":"CunningPotion"},{"floor":23,"key":"PowerPotion"},{"floor":25,"key":"Ancient Potion"},{"floor":29,"key":"CunningPotion"},{"floor":31,"key":"SkillPotion"},{"floor":33,"key":"EssenceOfSteel"},{"floor":35,"key":"Ancient Potion"},{"floor":39,"key":"Weak Potion"},{"floor":42,"key":"Fire Potion"},{"floor":45,"key":"Ancient Potion"}],"is_trial":false,"path_per_floor":["M","?","M","?","$","R","E","R","T","M","M","$","?","M","R","B",null,"M","?","?","?","$","E","R","E","T","M","?","M","$","E","R","B",null,"M","M","M","?","?","E","R","M","T","?","E","$","E","M","R","B",null],"character_chosen":"THE_SILENT","items_purchased":["Accuracy","Fruit Juice","Blade Dance","Medical Kit","Purity","Ancient Tea Set","SkillPotion"],"campfire_rested":1,"item_purchase_floors":[5,5,12,30,46,46,46],"current_hp_per_floor":[69,65,59,59,64,64,44,44,44,44,42,42,40,40,40,40,63,63,63,63,63,63,63,63,63,63,63,47,45,45,45,45,21,58,58,49,49,49,39,27,27,27,27,27,27,27,27,27,48,48],"gold":123,"neow_bonus":"TRANSFORM_TWO_CARDS","is_daily":false,"chose_seed":false,"campfire_upgraded":6,"win_rate":0.0,"timestamp":1609993381,"path_taken":["M","?","M","?","$","R","E","R","T","M","M","?","?","M","R","BOSS","M","?","?","?","$","E","R","E","T","M","?","M","$","E","R","BOSS","M","M","M","?","?","E","R","M","T","?","E","$","E","M","R","BOSS"],"items_purchased_type":["Card","Potion","Card","Relic","Card","Relic","Potion"],"build_version":"2020-12-22","purchased_purges":4,"victory":true,"max_hp_per_floor":[70,65,65,65,70,70,70,70,70,70,70,70,70,70,70,70,70,70,70,70,70,70,70,70,70,70,70,70,70,70,70,70,70,70,70,70,70,70,70,70,70,70,70,70,70,70,70,70,70,70],"card_choices":[{"not_picked":["Blade Dance","Quick Slash"],"picked":"Dash","floor":1},{"not_picked":["Underhanded Strike","Dash"],"picked":"Dagger Spray","floor":3},{"not_picked":["Slice","Expertise"],"picked":"Backflip","floor":7},{"not_picked":["Deflect","Distraction","Dash"],"picked":"SKIP","floor":10},{"not_picked":["Venomology","Backstab"],"picked":"Crippling Poison","floor":11},{"not_picked":["Dagger Throw","Backflip"],"picked":"Blade Dance","floor":13},{"not_picked":["Slice","PiercingWail"],"picked":"Accuracy","floor":14},{"not_picked":["Doppelganger","Corpse Explosion"],"picked":"Wraith Form v2","floor":16},{"not_picked":["Dagger Throw","Accuracy+1"],"picked":"PiercingWail","floor":18},{"not_picked":["Dodge and Roll","Underhanded Strike"],"picked":"Backflip+1","floor":21},{"not_picked":["Terror","Setup","Backstab"],"picked":"SKIP","floor":23},{"not_picked":["Reflex","PiercingWail","Dagger Throw+1"],"picked":"SKIP","floor":25},{"not_picked":["Deflect+1","Backflip","Deadly Poison"],"picked":"SKIP","floor":27},{"not_picked":["Dagger Throw","Escape Plan","Riddle With Holes"],"picked":"SKIP","floor":29},{"not_picked":["Glass Knife","Infinite Blades+1","PiercingWail+1"],"picked":"SKIP","floor":31},{"not_picked":["Burst","Adrenaline"],"picked":"After Image","floor":33},{"not_picked":["Poisoned Stab+1"],"picked":"SKIP","floor":35},{"not_picked":[],"picked":"Blade Dance+1","floor":36},{"not_picked":["Backflip+1"],"picked":"SKIP","floor":37},{"not_picked":["Skewer+1"],"picked":"SKIP","floor":40},{"not_picked":["Expertise"],"picked":"SKIP","floor":42},{"not_picked":["Catalyst"],"picked":"SKIP","floor":45},{"not_picked":["Prepared"],"picked":"SKIP","floor":47},{"not_picked":["Deadly Poison+1"],"picked":"SKIP","floor":48}],"player_experience":136095,"relics_obtained":[{"floor":7,"key":"Ninja Scroll"},{"floor":9,"key":"Ornamental Fan"},{"floor":21,"key":"Red Mask"},{"floor":23,"key":"Bottled Tornado"},{"floor":25,"key":"Whetstone"},{"floor":28,"key":"Nilry\u0027s Codex"},{"floor":31,"key":"Gambling Chip"},{"floor":39,"key":"FossilizedHelix"},{"floor":40,"key":"Akabeko"},{"floor":43,"key":"Pocketwatch"},{"floor":45,"key":"Centennial Puzzle"},{"floor":47,"key":"Snake Skull"}],"event_choices":[{"damage_healed":0,"gold_gain":0,"player_choice":"Lose Max HP","damage_taken":0,"relics_obtained":["Golden Idol"],"max_hp_gain":0,"max_hp_loss":5,"event_name":"Golden Idol","floor":2,"gold_loss":0},{"damage_healed":0,"gold_gain":175,"player_choice":"AGREE","damage_taken":0,"max_hp_gain":0,"max_hp_loss":0,"event_name":"Liars Game","floor":4,"gold_loss":0,"cards_obtained":["Doubt"]},{"damage_healed":0,"gold_gain":0,"player_choice":"Searched \u00273\u0027 times","damage_taken":0,"relics_obtained":["Juzu Bracelet"],"max_hp_gain":0,"max_hp_loss":0,"event_name":"Dead Adventurer","floor":13,"gold_loss":0},{"damage_healed":0,"gold_gain":0,"player_choice":"Bought 3 Potions","damage_taken":0,"max_hp_gain":0,"max_hp_loss":0,"event_name":"The Woman in Blue","floor":19,"gold_loss":0},{"damage_healed":0,"gold_gain":99,"player_choice":"Stole From Cult","damage_taken":0,"max_hp_gain":0,"max_hp_loss":0,"event_name":"Nest","floor":20,"gold_loss":0},{"damage_healed":0,"gold_gain":0,"player_choice":"Fought Bandits","damage_taken":0,"max_hp_gain":0,"max_hp_loss":0,"event_name":"Masked Bandits","floor":21,"gold_loss":0},{"damage_healed":0,"gold_gain":0,"player_choice":"Obtained Book","damage_taken":16,"max_hp_gain":0,"max_hp_loss":0,"event_name":"Cursed Tome","floor":28,"gold_loss":0},{"damage_healed":0,"gold_gain":0,"player_choice":"Ignored","damage_taken":0,"max_hp_gain":0,"max_hp_loss":0,"event_name":"SecretPortal","floor":38,"gold_loss":0},{"damage_healed":0,"gold_gain":0,"player_choice":"Fight","damage_taken":0,"max_hp_gain":0,"max_hp_loss":0,"event_name":"MindBloom","floor":39,"gold_loss":0},{"cards_removed":["Strike_G"],"damage_healed":0,"gold_gain":0,"player_choice":"Purged","damage_taken":0,"max_hp_gain":0,"max_hp_loss":0,"event_name":"Purifier","floor":44,"gold_loss":0}],"is_beta":false,"boss_relics":[{"not_picked":["Coffee Dripper","Fusion Hammer"],"picked":"WristBlade"},{"not_picked":["Philosopher\u0027s Stone","Runic Dome"],"picked":"Busted Crown"}],"items_purged_floors":[5,22,30,46],"is_endless":false,"potions_floor_spawned":[3,7,11,13,16,23,25,29,31,33,35,39,42,45],"ascension_level":5}}