{"host":"w9yruvs4bqht6bhw","time":1609982509,"event":{"mods":["BaseMod","Colored Powertips","Minty Spire (QoL Compilation)"],"gold_per_floor":[119,119,69,88,88,88,88,107,134,147,176,188,206,225,225,322,322,338,353,12,12,22,22,22,22],"floor_reached":24,"playtime":760,"items_purged":["Strike_B"],"score":220,"play_id":"8c773e38-ae01-4ae7-a3f0-36f1a76ca46e","local_time":"20210106202149","is_ascension_mode":true,"campfire_choices":[{"data":"Scrape","floor":6,"key":"SMITH"},{"floor":15,"key":"REST"},{"data":"Defend_B","floor":23,"key":"PURGE"}],"circlet_count":0,"master_deck":["Defend_B","Defend_B","Defend_B","Zap+1","Scrape+1","Capacitor","Gash","Leap","Seek","Beam Cell+1","Conserve Battery","Conserve Battery"],"relics":["Cracked Core","NeowsBlessing","Pen Nib","Peace Pipe","Empty Cage","Cables"],"acts_visited":["Exordium","TheCity"],"potions_floor_usage":[12,16,22,22],"damage_taken":[{"damage":0,"enemies":"Small Slimes","floor":1,"turns":1},{"damage":0,"enemies":"2 Louse","floor":4,"turns":1},{"damage":0,"enemies":"Jaw Worm","floor":8,"turns":1},{"damage":0,"enemies":"Large Slime","floor":10,"turns":3},{"damage":21,"enemies":"Lagavulin","floor":11,"turns":4},{"damage":20,"enemies":"Gremlin Gang","floor":12,"turns":4},{"damage":5,"enemies":"2 Fungi Beasts","floor":13,"turns":4},{"damage":8,"enemies":"Red Slaver","floor":14,"turns":3},{"damage":29,"enemies":"Hexaghost","floor":16,"turns":8},{"damage":24,"enemies":"Shell Parasite","floor":18,"turns":5},{"damage":0,"enemies":"3 Byrds","floor":19,"turns":4},{"damage":0,"enemies":"Cultist and Chosen","floor":22,"turns":4},{"damage":83,"enemies":"Slavers","floor":24,"turns":6}],"seed_played":"-8819722985970370414","potions_obtained":[{"floor":1,"key":"Swift Potion"},{"floor":10,"key":"Block Potion"},{"floor":12,"key":"PowerPotion"},{"floor":19,"key":"DistilledChaos"}],"is_trial":false,"path_per_floor":["M","?","?","M","$","R","?","M","T","M","E","M","M","M","R","B",null,"M","M","$","?","M","R","E"],"character_chosen":"DEFECT","items_purchased":["Cables","Conserve Battery"],"campfire_rested":1,"item_purchase_floors":[20,20],"current_hp_per_floor":[75,75,75,75,75,75,75,75,75,75,54,34,29,21,43,14,75,51,51,51,75,75,75,0,0],"gold":22,"neow_bonus":"THREE_ENEMY_KILL","is_daily":false,"chose_seed":false,"campfire_upgraded":1,"win_rate":0.0,"timestamp":1609982509,"path_taken":["M","?","?","M","?","R","?","M","T","M","E","M","M","?","R","BOSS","M","M","$","?","?","R","E"],"items_purchased_type":["Relic","Card"],"build_version":"2020-12-22","purchased_purges":1,"victory":false,"max_hp_per_floor":[75,75,75,75,75,75,75,75,75,75,75,75,75,75,75,75,75,75,75,75,75,75,75,75,75],"card_choices":[{"not_picked":["Melter","Coolheaded","Reprogram"],"picked":"SKIP","floor":1},{"not_picked":["Storm","Steam"],"picked":"Scrape","floor":4},{"not_picked":["Barrage","Streamline","Sweeping Beam"],"picked":"SKIP","floor":8},{"not_picked":["Auto Shields","Compile Driver","Hologram"],"picked":"SKIP","floor":10},{"not_picked":["Blizzard","Streamline"],"picked":"Capacitor","floor":11},{"not_picked":["Hyperbeam","FTL","Capacitor"],"picked":"SKIP","floor":12},{"not_picked":["Cold Snap","Tempest"],"picked":"Gash","floor":13},{"not_picked":["Hologram","Skim"],"picked":"Leap","floor":14},{"not_picked":["Core Surge","Thunder Strike"],"picked":"Seek","floor":16},{"not_picked":["Self Repair","Turbo"],"picked":"Beam Cell+1","floor":18},{"not_picked":["Streamline","Cold Snap","Recycle+1"],"picked":"SKIP","floor":19},{"not_picked":["Chaos","Reinforced Body"],"picked":"Conserve Battery","floor":22}],"player_experience":345577,"relics_obtained":[{"floor":9,"key":"Pen Nib"},{"floor":11,"key":"Peace Pipe"}],"event_choices":[{"damage_healed":0,"gold_gain":0,"player_choice":"Grow","damage_taken":0,"max_hp_gain":0,"max_hp_loss":0,"event_name":"Living Wall","floor":2,"gold_loss":0,"cards_upgraded":["Zap"]},{"cards_removed":["Strike_B"],"damage_healed":0,"gold_gain":0,"player_choice":"Card Removal","damage_taken":0,"max_hp_gain":0,"max_hp_loss":0,"event_name":"The Cleric","floor":3,"gold_loss":50},{"cards_removed":["Dualcast"],"damage_healed":0,"gold_gain":0,"player_choice":"Purged","damage_taken":0,"max_hp_gain":0,"max_hp_loss":0,"event_name":"Purifier","floor":7,"gold_loss":0},{"damage_healed":24,"gold_gain":0,"player_choice":"Full Heal","damage_taken":0,"max_hp_gain":0,"max_hp_loss":0,"event_name":"Wheel of Change","floor":21,"gold_loss":0}],"is_beta":false,"boss_relics":[{"not_picked":["Nuclear Battery","FrozenCore"],"picked":"Empty Cage"}],"items_purged_floors":[20],"is_endless":false,"potions_floor_spawned":[1,10,12,19],"killed_by":"Slavers","ascension_level":2}}