{"host":"hca6liskeo7s99fa","time":1609978301,"event":{"mods":["BaseMod","Downfall","Hermit","Minty Spire (QoL Compilation)","Replay The Spire","StSLib","The Cursed","The Dragon Tamer","The Servant 0.9.4"],"gold_per_floor":[360,360,371,81,92,92,165,179,179,239,257,257,257,257,257,257,257],"floor_reached":16,"playtime":1151,"items_purged":[],"score":90,"play_id":"515d3918-1340-44f6-b2dd-839e1f812144","local_time":"20210106191141","is_ascension_mode":false,"campfire_choices":[{"data":"Ricochet","floor":6,"key":"SMITH"},{"data":"Ricochet","floor":13,"key":"SMITH"}],"circlet_count":0,"master_deck":["Strike_S","Strike_S","Strike_S","Strike_S","Defend_S","Defend_S","Defend_S","Defend_S","KidneyShot","Exchange+1","Ricochet+1","Ricochet+1","Rearm+1","GearUp","ForgedInTime+1","InstantArmor","DoubleEdge","Spin","Spin","Parasite"],"relics":["Uniform","Prayer Wheel","InkBottle","Lizard Tail","Matryoshka"],"acts_visited":["Exordium"],"potions_floor_usage":[8,10,11],"damage_taken":[{"damage":0,"enemies":"Cultist","floor":1,"turns":4},{"damage":0,"enemies":"2 Louse","floor":3,"turns":1},{"damage":0,"enemies":"Small Slimes","floor":5,"turns":3},{"damage":2,"enemies":"Looter","floor":8,"turns":5},{"damage":55,"enemies":"Lagavulin Event","floor":10,"turns":18},{"damage":0,"enemies":"Blue Slaver","floor":11,"turns":1},{"damage":49,"enemies":"Hexaghost","floor":16,"turns":10}],"seed_played":"-8758079388198551329","potions_obtained":[{"floor":5,"key":"GamblersBrew"},{"floor":8,"key":"SpeedPotion"},{"floor":10,"key":"ColorlessPotion"}],"is_trial":false,"path_per_floor":["M","$","M","$","M","R","T","M","T","?","M","?","R","?","R","B"],"character_chosen":"THE_SERVANT","items_purchased":["Prayer Wheel"],"campfire_rested":0,"item_purchase_floors":[4],"current_hp_per_floor":[47,47,47,47,47,47,47,45,45,24,24,40,40,27,46,0,0],"gold":257,"neow_bonus":"TWO_FIFTY_GOLD","is_daily":false,"chose_seed":false,"campfire_upgraded":2,"win_rate":0.0,"timestamp":1609978301,"path_taken":["M","$","M","$","M","R","?","M","T","?","M","?","R","?","R","BOSS"],"items_purchased_type":["Relic"],"build_version":"2020-12-22","purchased_purges":0,"victory":false,"max_hp_per_floor":[65,65,65,65,65,65,65,65,65,65,65,65,65,65,65,65,65],"card_choices":[{"not_picked":["Unruled","Alleviate"],"picked":"Ricochet","floor":1},{"not_picked":["FastForward","Contraction"],"picked":"Ricochet","floor":3},{"not_picked":["Revamp","Solidify"],"picked":"Rearm","floor":5},{"not_picked":["Spin","Sabotage"],"picked":"GearUp","floor":5},{"not_picked":["Spin","Replace"],"picked":"ForgedInTime","floor":8},{"not_picked":["Defy","FastForward"],"picked":"InstantArmor","floor":8},{"not_picked":["ShatteredReality","Alleviate"],"picked":"DoubleEdge","floor":10},{"not_picked":["Potential","Revamp"],"picked":"Spin","floor":11},{"not_picked":["Shuttle","SurpressingFire"],"picked":"Spin","floor":11}],"player_experience":241861,"relics_obtained":[{"floor":7,"key":"InkBottle"},{"floor":9,"key":"Lizard Tail"},{"floor":10,"key":"Matryoshka"}],"event_choices":[{"damage_healed":0,"gold_gain":0,"player_choice":"Searched \u00272\u0027 times","damage_taken":0,"max_hp_gain":0,"max_hp_loss":0,"event_name":"Dead Adventurer","floor":10,"gold_loss":0},{"damage_healed":16,"gold_gain":0,"player_choice":"Healed and dodged fight","damage_taken":0,"max_hp_gain":0,"max_hp_loss":0,"event_name":"Mushrooms","floor":12,"gold_loss":0,"cards_obtained":["Parasite"]},{"damage_healed":0,"gold_gain":0,"player_choice":"Entered Light","damage_taken":13,"max_hp_gain":0,"max_hp_loss":0,"event_name":"Shining Light","floor":14,"gold_loss":0,"cards_upgraded":["Exchange","Rearm"]}],"is_beta":false,"boss_relics":[],"items_purged_floors":[],"is_endless":false,"potions_floor_spawned":[5,8,10],"killed_by":"Hexaghost","ascension_level":0}}