{"host":"c6u7e77myxvw4d0m","time":1609997754,"event":{"mods":["AchievementEnabler","BaseMod","Colored Map","Colored Powertips","Minty Spire (QoL Compilation)","Rare Cards Sparkle","Relic Stats","everything is the same but u backflip on backflip"],"gold_per_floor":[119,137,137,212,212,238,238,268,293,293,318,17,31,45,45,149,149,169,188,203,203,203,203,230,230,230,263,274,309,309,361,361,456,456,472,319,334,352,362,362,395,395,395],"floor_reached":42,"playtime":6004,"items_purged":["Deadly Poison"],"score":801,"play_id":"df495dc5-4a33-4ff3-9e41-35d9c01722a3","local_time":"20210107073554","is_ascension_mode":true,"campfire_choices":[{"floor":7,"key":"REST"},{"floor":10,"key":"REST"},{"floor":15,"key":"REST"},{"data":"A Thousand Cuts","floor":23,"key":"SMITH"},{"data":"Accuracy","floor":25,"key":"SMITH"},{"data":"Adrenaline","floor":30,"key":"SMITH"},{"data":"Infinite Blades","floor":32,"key":"SMITH"},{"data":"Cloak And Dagger","floor":40,"key":"SMITH"}],"circlet_count":0,"master_deck":["AscendersBane","Strike_G","Strike_G","Strike_G","Defend_G","Defend_G","Defend_G","Defend_G","Defend_G","Survivor","Neutralize","Poisoned Stab+1","Infinite Blades+1","Crippling Poison","Backflip","Dagger Throw","Blur","Adrenaline+1","Calculated Gamble","A Thousand Cuts+1","Sucker Punch+1","Escape Plan+1","Cloak And Dagger+1","Backstab","Accuracy+1","Choke","Blade Dance+1","Finisher+1","Tools of the Trade","Blade Dance+1","Well Laid Plans","Slice+1","Cloak And Dagger+1"],"relics":["HoveringKite","Dream Catcher","Bottled Flame","Pen Nib","Toy Ornithopter","Kunai","Meat on the Bone","Astrolabe","Red Mask","Ninja Scroll","Thread and Needle","Vajra","WristBlade","Bird Faced Urn"],"acts_visited":["Exordium","TheCity","TheBeyond"],"potions_floor_usage":[8,11,16,16,24,29,33,38],"damage_taken":[{"damage":0,"enemies":"2 Louse","floor":1,"turns":5},{"damage":3,"enemies":"Jaw Worm","floor":2,"turns":5},{"damage":44,"enemies":"3 Sentries","floor":6,"turns":11},{"damage":16,"enemies":"Lagavulin","floor":8,"turns":7},{"damage":31,"enemies":"Gremlin Nob","floor":11,"turns":5},{"damage":2,"enemies":"Small Slimes","floor":13,"turns":3},{"damage":0,"enemies":"Exordium Wildlife","floor":14,"turns":2},{"damage":14,"enemies":"Hexaghost","floor":16,"turns":9},{"damage":0,"enemies":"3 Byrds","floor":18,"turns":6},{"damage":4,"enemies":"Spheric Guardian","floor":19,"turns":6},{"damage":8,"enemies":"Shelled Parasite and Fungi","floor":20,"turns":6},{"damage":23,"enemies":"Masked Bandits","floor":24,"turns":6},{"damage":11,"enemies":"Slavers","floor":27,"turns":7},{"damage":0,"enemies":"Chosen and Byrds","floor":28,"turns":4},{"damage":0,"enemies":"Book of Stabbing","floor":29,"turns":4},{"damage":8,"enemies":"Collector","floor":33,"turns":6},{"damage":20,"enemies":"3 Darklings","floor":35,"turns":4},{"damage":2,"enemies":"3 Shapes","floor":37,"turns":3},{"damage":14,"enemies":"Maw","floor":38,"turns":4},{"damage":0,"enemies":"Sphere and 2 Shapes","floor":39,"turns":2},{"damage":0,"enemies":"Nemesis","floor":41,"turns":5},{"damage":51,"enemies":"Writhing Mass","floor":42,"turns":2}],"seed_played":"5563500793794500479","potions_obtained":[{"floor":6,"key":"PowerPotion"},{"floor":8,"key":"FearPotion"},{"floor":13,"key":"Poison Potion"},{"floor":14,"key":"Poison Potion"},{"floor":24,"key":"PowerPotion"},{"floor":28,"key":"FearPotion"},{"floor":33,"key":"Dexterity Potion"},{"floor":37,"key":"Block Potion"},{"floor":41,"key":"GamblersBrew"}],"is_trial":false,"path_per_floor":["M","M","?","?","?","E","R","E","T","R","E","$","M","M","R","B",null,"M","M","M","?","?","R","?","R","T","E","M","E","R","T","R","B",null,"M","$","M","M","M","R","E","M"],"character_chosen":"THE_SILENT","items_purchased":["Meat on the Bone","AttackPotion","Well Laid Plans"],"campfire_rested":3,"item_purchase_floors":[12,12,36],"current_hp_per_floor":[63,60,60,49,49,5,26,10,10,31,5,5,15,27,48,44,64,64,60,52,52,52,52,46,46,46,47,47,52,52,52,52,49,65,45,45,43,46,46,46,46,0,0],"gold":395,"neow_bonus":"BOSS_RELIC","is_daily":false,"chose_seed":false,"campfire_upgraded":5,"win_rate":0.0,"timestamp":1609997754,"path_taken":["M","M","?","?","?","E","R","E","T","R","E","$","M","M","R","BOSS","M","M","M","?","?","R","?","R","T","E","M","E","R","?","R","BOSS","M","$","M","M","M","R","E","M"],"items_purchased_type":["Relic","Potion","Card"],"build_version":"2020-12-22","purchased_purges":1,"victory":false,"max_hp_per_floor":[70,70,70,70,70,70,70,70,70,70,70,70,70,70,70,70,70,70,70,70,70,70,70,70,70,70,70,70,70,70,70,70,70,70,70,70,70,70,70,70,70,70,70],"relic_stats":{"Dream Catcher":3,"counters":[22,112],"Astrolabe":["Writhe","Sucker Punch","Escape Plan"],"Bird Faced Urn":[4],"HoveringKite":[33],"Pen Nib":[24],"Kunai":[51],"obtain_stats":[{"Astrolabe":17,"HoveringKite":0,"Vajra":29,"Thread and Needle":27,"Pen Nib":8,"Dream Catcher":5,"Bottled Flame":6,"WristBlade":34,"Ninja Scroll":26,"Bird Faced Urn":41,"Red Mask":24,"Kunai":11,"Toy Ornithopter":9,"Ring of the Snake":0,"Meat on the Bone":12},{"Astrolabe":8,"HoveringKite":0,"Vajra":15,"Thread and Needle":13,"Pen Nib":4,"Dream Catcher":2,"Bottled Flame":3,"WristBlade":16,"Ninja Scroll":12,"Bird Faced Urn":21,"Red Mask":12,"Kunai":5,"Toy Ornithopter":4,"Ring of the Snake":0,"Meat on the Bone":5},{"Astrolabe":47,"HoveringKite":0,"Vajra":86,"Thread and Needle":78,"Pen Nib":28,"Dream Catcher":10,"Bottled Flame":21,"WristBlade":92,"Ninja Scroll":71,"Bird Faced Urn":110,"Red Mask":71,"Kunai":33,"Toy Ornithopter":28,"Ring of the Snake":0,"Meat on the Bone":33}],"Toy Ornithopter":35,"Meat on the Bone":60},"card_choices":[{"not_picked":["Masterful Stab","Noxious Fumes"],"picked":"Poisoned Stab","floor":1},{"not_picked":["Prepared","Cloak And Dagger"],"picked":"Deadly Poison","floor":2},{"not_picked":["Backflip","Heel Hook"],"picked":"Infinite Blades","floor":6},{"not_picked":["Distraction","Dagger Spray"],"picked":"Crippling Poison","floor":7},{"not_picked":["Sucker Punch","Skewer"],"picked":"Backflip","floor":8},{"not_picked":["Eviscerate","Outmaneuver"],"picked":"Dagger Throw","floor":10},{"not_picked":["Slice","Deadly Poison"],"picked":"Blur","floor":11},{"not_picked":["Reflex","Bane"],"picked":"Adrenaline","floor":13},{"not_picked":["Quick Slash","Bane"],"picked":"Calculated Gamble","floor":14},{"not_picked":["Glass Knife","Envenom"],"picked":"A Thousand Cuts","floor":16},{"not_picked":["Concentrate","Sucker Punch+1"],"picked":"Cloak And Dagger+1","floor":18},{"not_picked":["Bane","Deflect"],"picked":"Backstab","floor":19},{"not_picked":["Calculated Gamble","Flying Knee","Deflect"],"picked":"SKIP","floor":20},{"not_picked":["Calculated Gamble","Flying Knee","Deflect"],"picked":"SKIP","floor":20},{"not_picked":["Dagger Spray","Prepared"],"picked":"Choke","floor":24},{"not_picked":["Masterful Stab","Predator","Bouncing Flask+1"],"picked":"SKIP","floor":27},{"not_picked":["Expertise+1","Backflip+1"],"picked":"Blade Dance+1","floor":28},{"not_picked":["Quick Slash","Dagger Throw+1"],"picked":"Finisher+1","floor":29},{"not_picked":["Wraith Form v2","Grand Finale"],"picked":"Tools of the Trade","floor":33},{"not_picked":["Leg Sweep+1","Deflect+1"],"picked":"Blade Dance+1","floor":35},{"not_picked":["Deadly Poison+1","Bouncing Flask+1"],"picked":"Slice+1","floor":37},{"not_picked":["Slice","Prepared+1"],"picked":"Cloak And Dagger","floor":38},{"not_picked":["Dash+1","Slice+1","Poisoned Stab+1"],"picked":"SKIP","floor":39},{"not_picked":["Calculated Gamble","Infinite Blades+1","Predator+1"],"picked":"SKIP","floor":41}],"player_experience":277004,"relics_obtained":[{"floor":6,"key":"Bottled Flame"},{"floor":8,"key":"Pen Nib"},{"floor":9,"key":"Toy Ornithopter"},{"floor":11,"key":"Kunai"},{"floor":24,"key":"Red Mask"},{"floor":26,"key":"Ninja Scroll"},{"floor":27,"key":"Thread and Needle"},{"floor":29,"key":"Vajra"},{"floor":41,"key":"Bird Faced Urn"}],"event_choices":[{"damage_healed":0,"gold_gain":0,"player_choice":"Grow","damage_taken":0,"max_hp_gain":0,"max_hp_loss":0,"event_name":"Living Wall","floor":3,"gold_loss":0,"cards_upgraded":["Poisoned Stab"]},{"damage_healed":0,"gold_gain":75,"player_choice":"Gather Gold","damage_taken":11,"max_hp_gain":0,"max_hp_loss":0,"event_name":"World of Goop","floor":4,"gold_loss":0},{"damage_healed":0,"gold_gain":0,"player_choice":"Box","damage_taken":0,"relics_obtained":["Dream Catcher"],"max_hp_gain":0,"max_hp_loss":0,"event_name":"Big Fish","floor":5,"gold_loss":0,"cards_obtained":["Regret"]},{"damage_healed":0,"gold_gain":0,"player_choice":"Read","damage_taken":0,"max_hp_gain":0,"max_hp_loss":0,"event_name":"The Library","floor":21,"gold_loss":0,"cards_obtained":["Accuracy"]},{"cards_removed":["Writhe"],"damage_healed":0,"gold_gain":0,"player_choice":"Elegance","damage_taken":0,"max_hp_gain":0,"max_hp_loss":0,"event_name":"Back to Basics","floor":22,"gold_loss":0},{"damage_healed":0,"gold_gain":0,"player_choice":"Fought Bandits","damage_taken":0,"max_hp_gain":0,"max_hp_loss":0,"event_name":"Masked Bandits","floor":24,"gold_loss":0}],"is_beta":false,"boss_relics":[{"not_picked":["Velvet Choker","SacredBark"],"picked":"Astrolabe"},{"not_picked":["Fusion Hammer","Pandora\u0027s Box"],"picked":"WristBlade"}],"items_purged_floors":[36],"is_endless":false,"potions_floor_spawned":[6,8,13,14,24,28,33,37,41],"killed_by":"Writhing Mass","ascension_level":10}}