{"host":"m6e09adb7fik7oct","time":1609993042,"event":{"mods":["AchievementEnabler","BaseMod","Better Altar","Better Note","Better Sensory Stone","Better Skull","Better Third Choice","Block Reminder","Colored Map","Displayed Cursed Tome","Ironclad Rager","Key Reminder","Mad Scientist","Minty Spire (QoL Compilation)","Permanent Neow","Quick Restart","RNG Fix","Relic Stats","Reorder Act Four","StSLib","Transform Curses","Unceasing Turn Reminder","everything is the same but u backflip on backflip"],"gold_per_floor":[114,129,144,144,159,159,174,189,239,239,239,283,59,89,89,189,189,204,219,234,249,249,249,264,279,304,319,19,34,64,79,79,179,179,194,194,209,224,239,239,19,19,94,109,109,124,124,154,154,154,154],"floor_reached":50,"playtime":3440,"items_purged":[],"score":777,"play_id":"25553034-5a28-4c94-bf7a-393df8ed6608","local_time":"20210106231722","daily_mods":["Cursed Run","Uncertain Future","Binary"],"is_ascension_mode":false,"campfire_choices":[{"data":"Noxious Fumes","floor":6.0,"key":"SMITH"},{"data":"Accuracy","floor":11.0,"key":"SMITH"},{"data":"ICR:Cloudkill","floor":15.0,"key":"SMITH"},{"data":"Survivor","floor":23.0,"key":"SMITH"},{"floor":32.0,"key":"REST"},{"data":"Adrenaline","floor":45,"key":"SMITH"},{"data":"Adrenaline","floor":47,"key":"SMITH"},{"floor":49,"key":"REST"}],"circlet_count":0,"master_deck":["Strike_G","Strike_G","Strike_G","Strike_G","Strike_G+1","Defend_G","Defend_G","Defend_G","Defend_G","Defend_G","Survivor+1","Neutralize","Quick Slash","Blade Dance","Regret","Noxious Fumes+1","Accuracy+1","Bane+1","Pain","ICR:Paralyse","Mind Blast+1","ICR:Cloudkill+1","Bane+1","Poisoned Stab+1","Clumsy","Adrenaline+1","Blade Dance","Predator+1","Masterful Stab+1","Decay","Backstab+1","Cloak And Dagger","Adrenaline+1","Writhe","Die Die Die+1","Terror+1","Writhe","Deflect+1","AscendersBane","Backstab+1","Mind Blast+1","Accuracy","Pain","Bouncing Flask+1","Deadly Poison+1","Deflect+1"],"relics":["Cursed Key","Darkstone Periapt","Du-Vu Doll","Bag of Marbles","Blood Vial","Molten Egg 2","Question Card","PreservedInsect","Runic Dome","Whetstone","Medical Kit","Art of War","Snake Skull","SlaversCollar","DollysMirror","Ornamental Fan","Regal Pillow"],"acts_visited":["Exordium","TheCity","TheBeyond"],"potions_floor_usage":[50],"damage_taken":[{"damage":0.0,"enemies":"Jaw Worm","floor":1.0,"turns":4.0},{"damage":0.0,"enemies":"2 Louse","floor":2.0,"turns":2.0},{"damage":0.0,"enemies":"Small Slimes","floor":3.0,"turns":4.0},{"damage":1.0,"enemies":"Blue Slaver","floor":5.0,"turns":3.0},{"damage":3.0,"enemies":"3 Louse","floor":7.0,"turns":3.0},{"damage":2.0,"enemies":"Looter","floor":8.0,"turns":2.0},{"damage":3.0,"enemies":"Gremlin Nob","floor":12.0,"turns":3.0},{"damage":17.0,"enemies":"3 Sentries","floor":14.0,"turns":3.0},{"damage":5.0,"enemies":"Slime Boss","floor":16.0,"turns":5.0},{"damage":0.0,"enemies":"Shell Parasite","floor":18.0,"turns":1.0},{"damage":0.0,"enemies":"Spheric Guardian","floor":19.0,"turns":1.0},{"damage":7.0,"enemies":"Chosen and Byrds","floor":20.0,"turns":4.0},{"damage":0.0,"enemies":"Snecko","floor":21.0,"turns":2.0},{"damage":12.0,"enemies":"Cultist and Chosen","floor":24.0,"turns":3.0},{"damage":13.0,"enemies":"Centurion and Healer","floor":25.0,"turns":4.0},{"damage":24.0,"enemies":"Sentry and Sphere","floor":27.0,"turns":4.0},{"damage":13.0,"enemies":"Shelled Parasite and Fungi","floor":29.0,"turns":2.0},{"damage":0.0,"enemies":"Book of Stabbing","floor":30.0,"turns":1.0},{"damage":14.0,"enemies":"Centurion and Healer","floor":31.0,"turns":3.0},{"damage":40,"enemies":"Collector","floor":33,"turns":5},{"damage":16,"enemies":"3 Darklings","floor":35,"turns":2},{"damage":15,"enemies":"Orb Walker","floor":37,"turns":2},{"damage":4,"enemies":"Spire Growth","floor":38,"turns":3},{"damage":26,"enemies":"Sphere and 2 Shapes","floor":39,"turns":2},{"damage":0,"enemies":"Writhing Mass","floor":44,"turns":1},{"damage":7,"enemies":"3 Darklings","floor":46,"turns":2},{"damage":0,"enemies":"Nemesis","floor":48,"turns":1},{"damage":132,"enemies":"Awakened One","floor":50,"turns":6}],"seed_played":"-5218424555718163201","potions_obtained":[{"floor":1.0,"key":"GamblersBrew"},{"floor":7.0,"key":"Energy Potion"},{"floor":8.0,"key":"Strength Potion"},{"floor":20.0,"key":"AttackPotion"},{"floor":38,"key":"Regen Potion"}],"is_trial":false,"path_per_floor":["M","M","M","?","M","R","M","M","T","?","R","?","$","E","R","B",null,"M","M","M","M","?","R","M","M","T","M","$","M","E","M","R","B",null,"M","?","M","M","M","?","$","?","T","M","R","M","R","E","R","B"],"character_chosen":"THE_SILENT","items_purchased":["Mind Blast+1","ICR:Cloudkill","Bane+1","Medical Kit","Art of War","DollysMirror","Accuracy"],"campfire_rested":2,"item_purchase_floors":[13,13,13,28,28,41,41],"current_hp_per_floor":[70,70,70,76,75,75,72,70,76,76,76,75,75,60,60,63,88,88,88,81,83,83,83,73,62,68,46,46,35,37,25,53,21,100,84,106,91,89,65,71,71,71,77,79,79,74,74,76,118,0,0],"gold":154,"neow_bonus":"","is_daily":true,"chose_seed":false,"campfire_upgraded":6,"win_rate":0.0,"timestamp":1609993042,"path_taken":["M","M","M","?","M","R","M","M","T","?","R","?","$","E","R","BOSS","M","M","?","M","?","R","M","M","T","?","$","M","E","M","R","BOSS","M","?","M","M","M","?","$","?","T","M","R","M","R","E","R","BOSS"],"items_purchased_type":["Card","Card","Card","Relic","Relic","Relic","Card"],"build_version":"2020-12-22","purchased_purges":0,"victory":false,"max_hp_per_floor":[70,70,70,76,76,76,76,76,82,82,82,82,82,82,82,88,88,88,88,88,88,88,88,88,88,94,94,94,94,94,94,94,100,100,100,106,106,106,106,112,112,112,118,118,118,118,118,118,118,118,118],"relic_stats":{"Darkstone Periapt":48,"Regal Pillow":7,"counters":[28,114],"PreservedInsect":88,"Snake Skull":[23],"Whetstone":["Bane","Strike_G"],"Cursed Key":3,"Question Card":18,"Medical Kit":[0],"Blood Vial":10,"Ornamental Fan":[36],"Art of War":[1],"obtain_stats":[{"Mark of the Bloom":47,"Regal Pillow":48,"Golden Idol":2,"CeramicFish":23,"Oddly Smooth Stone":46,"Juzu Bracelet":7,"Cursed Key":17,"Question Card":26,"Ancient Tea Set":41,"Burning Blood":0,"Sozu":34,"Blood Vial":44,"DollysMirror":41,"Ornamental Fan":43,"Strawberry":43,"MealTicket":28,"WingedGreaves":12,"Necronomicon":20,"Nloth\u0027s Gift":25,"Red Mask":27,"Kunai":9,"TungstenRod":14,"Red Skull":29},{"Mark of the Bloom":23,"Regal Pillow":27,"Golden Idol":1,"CeramicFish":10,"Oddly Smooth Stone":23,"Juzu Bracelet":5,"Cursed Key":7,"Question Card":10,"Ancient Tea Set":19,"Burning Blood":0,"Sozu":14,"Blood Vial":21,"DollysMirror":24,"Ornamental Fan":24,"Strawberry":20,"MealTicket":12,"WingedGreaves":6,"Necronomicon":9,"Nloth\u0027s Gift":10,"Red Mask":11,"Kunai":5,"TungstenRod":6,"Red Skull":12},{"Mark of the Bloom":95,"Regal Pillow":108,"Golden Idol":4,"CeramicFish":41,"Oddly Smooth Stone":95,"Juzu Bracelet":21,"Cursed Key":29,"Question Card":41,"Ancient Tea Set":77,"Burning Blood":0,"Sozu":58,"Blood Vial":85,"DollysMirror":104,"Ornamental Fan":104,"Strawberry":80,"MealTicket":47,"WingedGreaves":23,"Necronomicon":37,"Nloth\u0027s Gift":41,"Red Mask":42,"Kunai":21,"TungstenRod":23,"Red Skull":47}]},"card_choices":[{"not_picked":["Masterful Stab"],"picked":"Quick Slash","floor":1.0},{"not_picked":["Outmaneuver","Acrobatics"],"picked":"SKIP","floor":2.0},{"not_picked":["Sucker Punch"],"picked":"Blade Dance","floor":3.0},{"not_picked":["Flying Knee"],"picked":"Noxious Fumes","floor":5.0},{"not_picked":["PiercingWail"],"picked":"Accuracy","floor":7.0},{"not_picked":["Outmaneuver"],"picked":"Bane","floor":8.0},{"not_picked":["Backflip","Eviscerate+1"],"picked":"ICR:Paralyse","floor":12.0},{"not_picked":["ICR:Paralyse","Prepared"],"picked":"Poisoned Stab+1","floor":14.0},{"not_picked":["Phantasmal Killer","After Image"],"picked":"Adrenaline","floor":16.0},{"not_picked":["Deflect","Acrobatics","Dagger Spray+1"],"picked":"SKIP","floor":18.0},{"not_picked":["Blade Dance","Endless Agony+1","Bane+1"],"picked":"SKIP","floor":19.0},{"not_picked":["Endless Agony+1","Bane+1"],"picked":"Blade Dance","floor":19.0},{"not_picked":["Backflip","Choke+1"],"picked":"Predator+1","floor":20.0},{"not_picked":["Dodge and Roll+1","Prepared+1","Underhanded Strike+1"],"picked":"SKIP","floor":21.0},{"not_picked":["Deflect","Backflip"],"picked":"Masterful Stab+1","floor":24.0},{"not_picked":["Blade Dance","All Out Attack+1","Quick Slash+1"],"picked":"SKIP","floor":25.0},{"not_picked":["Acrobatics+1","Caltrops"],"picked":"Backstab+1","floor":27.0},{"not_picked":["Poisoned Stab+1","Dagger Spray+1"],"picked":"Cloak And Dagger","floor":29.0},{"not_picked":["After Image","Quick Slash+1","Sucker Punch+1"],"picked":"SKIP","floor":30.0},{"not_picked":["Dagger Spray+1","Predator+1"],"picked":"Adrenaline","floor":31.0},{"not_picked":["Grand Finale+1","Bullet Time"],"picked":"Die Die Die+1","floor":33},{"not_picked":["Dagger Throw+1","Poisoned Stab+1"],"picked":"Terror+1","floor":35},{"not_picked":["Poisoned Stab+1","Heel Hook+1"],"picked":"Deflect+1","floor":37},{"not_picked":["Blade Dance","Outmaneuver","Dagger Spray+1"],"picked":"SKIP","floor":38},{"not_picked":["Bane+1","Underhanded Strike+1"],"picked":"Poisoned Stab+1","floor":39},{"not_picked":["Underhanded Strike+1","Dagger Throw+1"],"picked":"Bouncing Flask+1","floor":44},{"not_picked":["Backflip","Blade Dance+1"],"picked":"Deadly Poison+1","floor":46},{"not_picked":["Prepared","Blade Dance"],"picked":"Deflect+1","floor":48}],"player_experience":233771,"relics_obtained":[{"floor":9.0,"key":"Blood Vial"},{"floor":14.0,"key":"PreservedInsect"},{"floor":26.0,"key":"Whetstone"},{"floor":30.0,"key":"Snake Skull"},{"floor":43,"key":"Ornamental Fan"},{"floor":48,"key":"Regal Pillow"}],"event_choices":[{"damage_healed":0.0,"max_hp_gain":0.0,"max_hp_loss":0.0,"gold_gain":0.0,"event_name":"Big Fish","player_choice":"Box","floor":4.0,"gold_loss":0.0,"damage_taken":0.0,"relics_obtained":["Bag of Marbles"],"cards_obtained":["Regret"]},{"damage_healed":0.0,"max_hp_gain":0.0,"max_hp_loss":0.0,"gold_gain":0.0,"event_name":"WeMeetAgain","player_choice":"Gave Potion","floor":10.0,"gold_loss":0.0,"damage_taken":0.0,"relics_obtained":["Molten Egg 2"]},{"damage_healed":0.0,"max_hp_gain":0.0,"max_hp_loss":0.0,"gold_gain":0.0,"event_name":"Dead Adventurer","player_choice":"Searched \u00272\u0027 times","floor":12.0,"gold_loss":0.0,"damage_taken":0.0,"relics_obtained":["Question Card"]},{"damage_healed":0.0,"max_hp_gain":0.0,"max_hp_loss":0.0,"gold_gain":0.0,"event_name":"Beggar","player_choice":"Ignored","floor":22.0,"gold_loss":0.0,"damage_taken":0.0},{"damage_healed":25,"gold_gain":0,"player_choice":"Writhe","damage_taken":0,"max_hp_gain":0,"max_hp_loss":0,"event_name":"Winding Halls","floor":36,"gold_loss":0,"cards_obtained":["Writhe"]},{"damage_healed":0,"gold_gain":3,"player_choice":"3","damage_taken":0,"max_hp_gain":0,"max_hp_loss":0,"event_name":"betterStone:BetterStone","floor":40,"gold_loss":0,"cards_obtained":["Backstab"]},{"cards_removed":["Poisoned Stab"],"damage_healed":0,"gold_gain":0,"player_choice":"Removed Attack","damage_taken":0,"max_hp_gain":0,"max_hp_loss":0,"event_name":"Falling","floor":42,"gold_loss":0}],"is_beta":false,"boss_relics":[{"not_picked":["Coffee Dripper","Snecko Eye"],"picked":"Runic Dome"},{"not_picked":["HoveringKite","Runic Pyramid"],"picked":"SlaversCollar"}],"items_purged_floors":[],"is_endless":false,"potions_floor_spawned":[1,7,8,20,21,30,33,37,38,48],"killed_by":"Awakened One","ascension_level":0}}