{"host":"bf9sa99gaumonoeu","time":1609999455,"event":{"mods":["AchievementEnabler","Act Like it!","BaseMod","Better Sensory Stone","Colored Map","Colored Powertips","Downfall","Friendly Minions","Gensokyo","GifTheSpireLib","Hallownest","Hermit","Hubris","Jorbs\u0027s Wanderer Trilogy","KinomotoSakuraMod(????)","Koishi","Lobotomy","Marisa????????","Minty Spire (QoL Compilation)","Rare Cards Sparkle","Reimu??????","Remilia??????","Replay The Spire","Shop Mod","StSLib","The Administrix","The Animator","The Blue Laboratory","The Bug Knight","The Construct","The Cursed","The Disciple","The Hierophant","The Mystic","The Necromancer","The Poker Player","The Runesmith","The Senshi","The Servant 0.9.4"],"gold_per_floor":[130,130,155,174,14,39,63,63,63,63,63,63,98,123,123,244,244,268,292,148,206,126,126,159,177,231,261,261,261,302,377,377,527,527,595,655,755,630,687,687,715,267,320,385,425,425,473,533,533,555],"floor_reached":51,"playtime":6487,"items_purged":["animator:Strike","animator:Strike"],"score":1144,"play_id":"8023dc55-5ac7-420b-b10a-55fbad60bc0a","local_time":"20210107040415","is_ascension_mode":true,"campfire_choices":[{"data":"animator:TukaLunaMarceau","floor":8,"key":"SMITH"},{"data":"animator:Urushihara","floor":10,"key":"SMITH"},{"data":"animator:Hero","floor":12,"key":"SMITH"},{"data":"animator:LeleiLaLalena","floor":15,"key":"SMITH"},{"data":"animator:Aqua","floor":23,"key":"SMITH"},{"data":"animator:Bozes","floor":32,"key":"SMITH"},{"data":"animator:TukaLunaMarceau","floor":40,"key":"SMITH"},{"data":"animator:Patchouli","floor":46,"key":"SMITH"},{"data":"animator:Hans","floor":49,"key":"SMITH"}],"circlet_count":0,"master_deck":["AscendersBane","animator:Hero+1","animator:Strike_GATE","animator:Defend_GATE","animator:Strike","animator:Defend","animator:Defend","animator:TukaLunaMarceau+1","animator:Kuribayashi+1","animator:LeleiLaLalena+1","animator:Cocytus+1","animator:RoryMercury","animator:Urushihara+1","animator:Arpeggio","animator:Aqua+1","animator:GuildGirl","animator:Aqua+1","animator:ItamiYouji","animator:TukaLunaMarceau+1","animator:TukaLunaMarceau","animator:YunYun","Hallownest:skillCityofTearsMap","animator:Bozes+1","animator:Demiurge","animator:PinaCoLada","animator:Eve","animator:Arpeggio","animator:MetalKnight","animator:YaoHaDucy","animator:Darkness+1","animator:Hans+1","animator:Patchouli+1","animator:Witch","Pot Of Greed","Pot Of Greed","Pot Of Greed","animator:WinryRockbell+1","animator:SilverFang+1","animator:MaesHughes+1","Pot Of Greed"],"relics":["animator:TheMissingPiece","Snecko Heart","Whetstone","White Beast Statue","ScarletDevilRocket","Oddly Smooth Stone","animator:EngravedStaff","RedLine:ReiMu","Toy Ornithopter","Replay:Baseball","theSenshi:SailorFukuRelic","CrazyTorch:ReiMu","Boot","Replay:Bandana","Painkiller Herb","The Courier","hubris:MysteriousPyramids","Thread and Needle","Grinning Jar","Bronze Scales"],"acts_visited":["Hallownest:Greenpath","Hallownest:CityofTears","Hallownest:KingdomsEdge"],"potions_floor_usage":[16,24,25,30,31,33,33,36,37,37,37,41,50],"damage_taken":[{"damage":0,"enemies":"2_ Uuma","floor":1,"turns":5},{"damage":0,"enemies":"Hallownest:monsterHuskWarrior","floor":3,"turns":4},{"damage":0,"enemies":"Hallownest:monsterHuskGuard","floor":4,"turns":5},{"damage":5,"enemies":"Hallownest:eliteVengeflyKing","floor":6,"turns":6},{"damage":0,"enemies":"Hallownest:monsterAspidMother","floor":7,"turns":6},{"damage":0,"enemies":"Hallownest:eliteMossKnight","floor":13,"turns":6},{"damage":10,"enemies":"Hallownest:1_Ooma_and_2_Uuma","floor":14,"turns":5},{"damage":25,"enemies":"Hallownest:BossHornet","floor":16,"turns":8},{"damage":0,"enemies":"Hallownest:2_Mistakes","floor":18,"turns":4},{"damage":0,"enemies":"Hallownest:Guard_and_Sentry","floor":19,"turns":5},{"damage":0,"enemies":"Hallownest:Glutton_and_Coward","floor":21,"turns":3},{"damage":20,"enemies":"Hallownest:eliteWatcherKnight","floor":24,"turns":8},{"damage":11,"enemies":"Hallownest:monsterMisterMushroom","floor":25,"turns":6},{"damage":0,"enemies":"Hallownest:eliteSoulWarrior","floor":27,"turns":5},{"damage":14,"enemies":"Hallownest:eliteWatcherKnight","floor":30,"turns":8},{"damage":6,"enemies":"Hallownest:monsterShrumalOgre","floor":31,"turns":3},{"damage":26,"enemies":"Hallownest:BossGrimm","floor":33,"turns":3},{"damage":12,"enemies":"Hallownest:2_Littles","floor":35,"turns":4},{"damage":11,"enemies":"Hallownest:Shield_Heavy","floor":36,"turns":3},{"damage":34,"enemies":"Hallownest:2_Primals","floor":37,"turns":4},{"damage":6,"enemies":"Hallownest:2_Wing_and_1_Kings","floor":39,"turns":5},{"damage":0,"enemies":"Hallownest:Xero_Hu_Marmu","floor":41,"turns":3},{"damage":24,"enemies":"Hallownest:eliteHiveKnight","floor":44,"turns":3},{"damage":8,"enemies":"Hallownest:monsterPrimalAspid","floor":45,"turns":3},{"damage":1,"enemies":"Hallownest:Slobbering_and_Violent","floor":47,"turns":5},{"damage":0,"enemies":"Hallownest:2_Wandering_and_1_Horned","floor":48,"turns":4},{"damage":4,"enemies":"Hallownest:BossGreyPrinceZote","floor":50,"turns":6}],"seed_played":"2006859485926625413","potions_obtained":[{"floor":1,"key":"BlessingOfTheForge"},{"floor":7,"key":"sneckomod:MuddlingPotion"},{"floor":13,"key":"CultistPotion"},{"floor":14,"key":"SpeedPotion"},{"floor":16,"key":"Weak Potion"},{"floor":24,"key":"hexamod:EctoCoolerPotion"},{"floor":25,"key":"SpeedPotion"},{"floor":30,"key":"ColorlessPotion"},{"floor":31,"key":"SpeedPotion"},{"floor":33,"key":"Languid Potion"},{"floor":35,"key":"animator:FalseLifePotion"},{"floor":36,"key":"Swift Potion"},{"floor":37,"key":"SpeedPotion"},{"floor":39,"key":"SmokeBomb"},{"floor":45,"key":"blueLaboratory:BottleOfVodka"},{"floor":47,"key":"Swift Potion"}],"is_trial":false,"path_per_floor":["M","?","M","M","$","E","M","R","T","R","?","R","E","M","R","B",null,"M","M","$","M","?","R","E","M","T","E","?","T","E","M","R","B",null,"?","?","?","?","?","T","?","T","T","E","?","T","?","?","T","B",null],"character_chosen":"THE_ANIMATOR","items_purchased":["animator:RoryMercury","animator:Urushihara","animator:YunYun","animator:Hans","animator:Patchouli","BlessingOfTheForge","animator:Witch"],"campfire_rested":0,"item_purchase_floors":[5,5,20,42,42,42,42],"current_hp_per_floor":[59,50,50,50,50,46,46,46,46,46,46,46,49,42,42,22,56,61,66,66,67,67,67,50,51,51,57,57,57,55,60,60,51,65,56,56,37,71,66,66,72,72,72,54,52,52,60,66,66,72],"gold":555,"neow_bonus":"BOSS_RELIC","is_daily":false,"chose_seed":false,"campfire_upgraded":9,"win_rate":0.0,"timestamp":1609999455,"path_taken":["M","?","M","M","$","E","M","R","T","R","?","R","E","M","R","BOSS","M","M","$","M","?","R","E","?","T","E","?","?","E","M","R","BOSS","?","?","?","?","?","T","?","T","T","E","?","T","?","?","T","BOSS"],"items_purchased_type":["Card","Card","Card","Card","Card","Potion","Card"],"build_version":"2020-12-22","purchased_purges":2,"victory":true,"max_hp_per_floor":[66,66,66,66,66,67,67,67,67,67,67,67,67,67,67,67,67,67,67,67,67,67,67,67,68,68,68,68,68,69,69,69,69,69,69,69,71,71,72,72,72,72,72,72,72,72,72,72,72,72],"card_choices":[{"not_picked":["animator:ElricAlphonse","animator:Chung"],"picked":"animator:LeleiLaLalena","floor":1},{"not_picked":["animator:Kuribayashi","animator:PandorasActor"],"picked":"animator:Cocytus","floor":3},{"not_picked":["animator:ElricEdward","animator:Entoma","animator:Pride"],"picked":"SKIP","floor":4},{"not_picked":["animator:Kuribayashi","animator:Tyuule"],"picked":"animator:Arpeggio","floor":6},{"not_picked":["animator:Vanir","animator:Cocytus"],"picked":"animator:Aqua","floor":7},{"not_picked":["animator:Chris","animator:Genos"],"picked":"animator:GuildGirl","floor":13},{"not_picked":["animator:ElricEdward","animator:MaesHughes"],"picked":"animator:Aqua","floor":14},{"not_picked":["animator:Father","animator:GoblinSlayer"],"picked":"animator:ItamiYouji","floor":16},{"not_picked":["animator:Arpeggio","animator:LeleiLaLalena"],"picked":"animator:TukaLunaMarceau","floor":18},{"not_picked":["animator:Pride","animator:Demiurge"],"picked":"animator:TukaLunaMarceau","floor":19},{"not_picked":["animator:Pride","animator:Elsword","animator:Verdia"],"picked":"SKIP","floor":21},{"not_picked":["animator:ElricEdward","animator:Tatsumaki","animator:MaesHughes"],"picked":"SKIP","floor":24},{"not_picked":["animator:Tyuule","animator:Arpeggio"],"picked":"animator:Bozes","floor":25},{"not_picked":["animator:Spearman+1","animator:LeleiLaLalena","animator:LizardPriest"],"picked":"SKIP","floor":27},{"not_picked":["animator:Ain","animator:NarberalGamma"],"picked":"animator:Demiurge","floor":30},{"not_picked":["animator:Megumin","animator:Verdia"],"picked":"animator:PinaCoLada","floor":31},{"not_picked":["animator:Greed","animator:Hans"],"picked":"animator:Eve","floor":33},{"not_picked":["animator:RoryMercury","animator:Bozes"],"picked":"animator:Arpeggio","floor":35},{"not_picked":["animator:YaoHaDucy","animator:Rena"],"picked":"animator:MetalKnight","floor":36},{"not_picked":["animator:Elsword","animator:Add+1"],"picked":"animator:YaoHaDucy","floor":37},{"not_picked":["animator:Entoma+1","animator:Raven+1"],"picked":"animator:Darkness+1","floor":39},{"not_picked":["animator:ElricEdward","animator:SilverFang"],"picked":"animator:WinryRockbell+1","floor":45},{"not_picked":["animator:Spearman+1","animator:Rena+1"],"picked":"animator:SilverFang+1","floor":47},{"not_picked":["animator:ElricAlphonse","animator:Aisha+1"],"picked":"animator:MaesHughes+1","floor":48}],"player_experience":837248,"relics_obtained":[{"floor":4,"key":"Whetstone"},{"floor":6,"key":"White Beast Statue"},{"floor":7,"key":"ScarletDevilRocket"},{"floor":9,"key":"Oddly Smooth Stone"},{"floor":13,"key":"animator:EngravedStaff"},{"floor":24,"key":"Toy Ornithopter"},{"floor":26,"key":"Replay:Baseball"},{"floor":27,"key":"theSenshi:SailorFukuRelic"},{"floor":29,"key":"CrazyTorch:ReiMu"},{"floor":30,"key":"Boot"},{"floor":30,"key":"Replay:Bandana"},{"floor":35,"key":"The Courier"},{"floor":36,"key":"hubris:MysteriousPyramids"},{"floor":37,"key":"Thread and Needle"},{"floor":43,"key":"Grinning Jar"},{"floor":44,"key":"Bronze Scales"}],"event_choices":[],"is_beta":false,"boss_relics":[{"not_picked":["Replay:Drink Me","hubris:Backtick"],"picked":"RedLine:ReiMu"},{"not_picked":["Cursed Key","Honey Jar"],"picked":"Painkiller Herb"}],"items_purged_floors":[20,42],"is_endless":false,"potions_floor_spawned":[1,7,13,14,16,18,19,21,24,25,27,30,31,33,35,36,37,39,41,44,45,47,48],"ascension_level":10}}