{"host":"Connor","time":1609994371,"event":{"mods":["BaseMod","Downfall","Marisa????????","Minty Spire (QoL Compilation)","Replay The Spire","StSLib","The Animator","The Cursed","The Jungle","The Servant 0.9.4"],"gold_per_floor":[99,109,125,575,593,518,600,611,626,656,672,522,21,55,73,175,175,175,188,206,4,4,4,83,95,122,122,155,165,165,175,185,288,288,288,299,299,316,1315,10,10,19,54,54,79,79,111,145,164,164],"floor_reached":51,"playtime":2421,"items_purged":["Voices","Normality"],"score":1208,"play_id":"ab4f6362-8c73-4622-9a94-7c9a845242cd","local_time":"20210106203931","is_ascension_mode":false,"campfire_choices":[{"floor":1,"key":"RECALL"},{"data":"Guardian:TwinSlam","floor":6,"key":"SMITH"},{"data":"Guardian:PiercingHide","floor":12,"key":"SMITH"},{"floor":18,"key":"DIG"},{"data":"Guardian:DonusPower","floor":27,"key":"SMITH"},{"data":"Guardian:Planning","floor":30,"key":"SMITH"},{"data":"Slimebound:Icky","floor":35,"key":"PURGE"},{"data":"Guardian:Planning","floor":44,"key":"SMITH"},{"data":"Guardian:PrimingBeam","floor":46,"key":"SMITH"}],"circlet_count":0,"master_deck":["Guardian:Strike_Guardian","Guardian:Strike_Guardian","Guardian:Strike_Guardian","Guardian:Strike_Guardian","Guardian:Defend_Guardian","Guardian:Defend_Guardian","Guardian:Defend_Guardian","Guardian:Defend_Guardian","Guardian:CurlUp","Guardian:TwinSlam+1","Guardian:PrimingBeam+1","Guardian:ShieldCharger","Slimebound:Icky","Slimebound:Icky","Guardian:PiercingHide+1","Guardian:Planning+1","Guardian:Planning+1","Guardian:ChargeCore+1","Guardian:Gem_Synthetic","Guardian:SpikerProtocol+1","Guardian:TimeCapacitor+1","Guardian:DonusPower+1","Guardian:GemFinder+1","Guardian:Gem_Crimson","Guardian:Gem_Green","animator:Curse_Dizziness","Guardian:BronzeArmor+1","Guardian:PrismaticBeam+1","Replay:SS_forest_5+1","Guardian:GemFire+1","Guardian:CrystalBeam","Guardian:Gem_Cyan","Guardian:Harden+1","Guardian:ChargeUp+1","Guardian:Gem_Cyan","Guardian:StasisField+1","Guardian:Gem_Cyan","Guardian:Gem_Green","Guardian:Gem_Cyan","Normality","Guardian:MultiBeam+1","ReplayTheSpireMod:Brewmster+1","Guardian:Gem_Synthetic","expansioncontent:BronzeBeam+1","Guardian:CrystalBeam+1","Guardian:Aged","Guardian:ChargeCore+1","Guardian:VentSteam+1","Guardian:Gem_Cyan","Guardian:VentSteam+1","Guardian:Planning+1","Guardian:Repulse+1"],"relics":["Guardian:ModeShifter","downfall:HeartBlessingRed","Singing Bowl","downfall:HeartBlessingGreen","downfall:HeartBlessingBlue","Membership Card","Golden Egg","Simple Rune","Replay:Bottled Steam","Replay:Ancient Bell","ReplayTheSpireMod:TigerMarble","The Courier","Guardian:SackOfGems","Ancient Tea Set","Blue Doll","Replay:Rubber Ducky","Pear","Ornamental Fan","Toxic Egg 2","Guardian:StasisSlotReductionRelic","Guide Book","Pen Nib","Quantum Egg","Eternal Feather","Juzu Bracelet","StrikeDummy","ReplayTheSpireMod:Ninjato","Divine Protection","CeramicFish","Gremlin Horn","Frozen Egg 2","Happy Flower","Sundial","Replay:Bottled Snecko","Guardian:StasisEgg","ReplayTheSpireMod:Shallot"],"acts_visited":["Exordium","TheCity","TheBeyond"],"potions_floor_usage":[10,10,26,33,43,48,48,48,50],"damage_taken":[{"damage":1,"enemies":"Cultist","floor":2,"turns":4},{"damage":0,"enemies":"Small Slimes","floor":3,"turns":3},{"damage":7,"enemies":"2 Louse","floor":5,"turns":2},{"damage":6,"enemies":"Large Slime","floor":8,"turns":4},{"damage":5,"enemies":"2 Fungi Beasts","floor":9,"turns":5},{"damage":13,"enemies":"3 Sentries","floor":10,"turns":10},{"damage":3,"enemies":"3 Louse","floor":11,"turns":4},{"damage":0,"enemies":"downfall:FleeingMerchant","floor":13,"turns":4},{"damage":3,"enemies":"Lagavulin","floor":14,"turns":7},{"damage":8,"enemies":"Large Slime","floor":15,"turns":5},{"damage":19,"enemies":"downfall:Watcher","floor":16,"turns":8},{"damage":0,"enemies":"Shell Parasite","floor":19,"turns":5},{"damage":2,"enemies":"Spheric Guardian","floor":20,"turns":4},{"damage":15,"enemies":"downfall:FleeingMerchant","floor":21,"turns":4},{"damage":0,"enemies":"Cultist and Chosen","floor":25,"turns":3},{"damage":17,"enemies":"Slavers","floor":26,"turns":4},{"damage":0,"enemies":"Book of Stabbing","floor":28,"turns":2},{"damage":4,"enemies":"Centurion and Healer","floor":29,"turns":3},{"damage":20,"enemies":"Snecko","floor":31,"turns":5},{"damage":0,"enemies":"Snake Plant","floor":32,"turns":1},{"damage":0,"enemies":"downfall:Silent","floor":33,"turns":5},{"damage":1,"enemies":"3 Shapes","floor":36,"turns":7},{"damage":21,"enemies":"3 Darklings","floor":38,"turns":6},{"damage":0,"enemies":"downfall:FleeingMerchant","floor":40,"turns":4},{"damage":4,"enemies":"Sphere and 2 Shapes","floor":43,"turns":6},{"damage":0,"enemies":"4 Shapes","floor":45,"turns":1},{"damage":6,"enemies":"Writhing Mass","floor":47,"turns":4},{"damage":0,"enemies":"Nemesis","floor":48,"turns":3},{"damage":24,"enemies":"Transient","floor":49,"turns":5},{"damage":0,"enemies":"downfall:Defect","floor":50,"turns":3}],"seed_played":"4003513526985910410","potions_obtained":[{"floor":2,"key":"SkillPotion"},{"floor":8,"key":"Strength Potion"},{"floor":11,"key":"Explosive Potion"},{"floor":20,"key":"SpeedPotion"},{"floor":29,"key":"Languid Potion"},{"floor":32,"key":"Ancient Potion"},{"floor":43,"key":"FearPotion"},{"floor":49,"key":"Adrenaline Potion"}],"is_trial":false,"path_per_floor":["R","M","M","?","M","R","T","M","M","E","M","R","$","E","M","B",null,"R","M","M","$","?","?","T","M","E","R","E","M","R","M","M","B",null,"R","M","?","M","?","$","T","?","M","R","M","R","M","E","M","B",null],"character_chosen":"GUARDIAN","items_purchased":["Membership Card","Golden Egg","Guardian:ChargeCore+1","Guardian:Gem_Synthetic","Guardian:SpikerProtocol","Simple Rune","Blue Doll","Replay:Rubber Ducky","Replay:SS_forest_5","Guide Book","Pen Nib","ReplayTheSpireMod:Brewmster","Quantum Egg","Eternal Feather","Juzu Bracelet","StrikeDummy","ReplayTheSpireMod:Ninjato","Divine Protection","CeramicFish","Gremlin Horn","Frozen Egg 2","Happy Flower","Guardian:Gem_Synthetic","Sundial","expansioncontent:BronzeBeam","Guardian:CrystalBeam+1","EssenceOfSteel"],"campfire_rested":0,"item_purchase_floors":[13,13,13,13,13,13,21,21,21,40,40,40,40,40,40,40,40,40,40,40,40,40,40,40,40,40,40],"current_hp_per_floor":[88,87,87,87,80,80,80,74,69,56,53,63,63,60,52,33,104,104,104,102,87,87,87,97,97,80,80,80,78,78,58,58,58,116,116,115,115,94,94,94,94,94,90,116,116,116,110,110,86,86],"gold":164,"neow_bonus":"TEN_PERCENT_HP_BONUS","is_daily":false,"chose_seed":false,"campfire_upgraded":6,"win_rate":0.0,"timestamp":1609994371,"path_taken":["R","M","M","?","M","R","T","M","M","E","M","R","$","E","M","BOSS","R","M","M","$","?","?","T","M","E","R","E","M","R","M","M","BOSS","R","M","?","M","?","$","T","?","M","R","M","R","M","E","M","BOSS"],"items_purchased_type":["Relic","Relic","Card","Card","Card","Relic","Relic","Relic","Card","Relic","Relic","Card","Relic","Relic","Relic","Relic","Relic","Relic","Relic","Relic","Relic","Relic","Card","Relic","Card","Card","Potion"],"build_version":"2020-12-18","purchased_purges":2,"victory":true,"max_hp_per_floor":[88,88,88,88,88,88,88,88,88,88,88,98,98,98,98,98,104,104,104,104,104,104,104,114,114,114,114,114,116,116,116,116,116,116,116,116,116,116,116,116,116,116,116,116,116,116,116,116,116,116],"card_choices":[{"not_picked":["Guardian:Recover","Guardian:Repulse"],"picked":"Guardian:PrimingBeam","floor":2},{"not_picked":["Guardian:Gem_Lightblue","Guardian:FloatingOrbs"],"picked":"Guardian:ShieldCharger","floor":3},{"not_picked":["Guardian:PiercingHide","Guardian:Gem_Cyan"],"picked":"Guardian:Gem_White","floor":5},{"not_picked":["Guardian:Suspension","Guardian:Gem_Green"],"picked":"Guardian:PiercingHide","floor":8},{"not_picked":["Guardian:Preprogram","Guardian:ShieldCharger"],"picked":"Guardian:Planning","floor":9},{"not_picked":["Guardian:Preprogram","Guardian:TimeBomb"],"picked":"Guardian:Gem_Purple","floor":10},{"not_picked":["Guardian:VentSteam","Guardian:Clone"],"picked":"Guardian:Planning","floor":11},{"not_picked":["Guardian:PiercingHide","Guardian:Gem_Red"],"picked":"Guardian:Gem_Fragmented","floor":13},{"not_picked":["Guardian:FierceBash","Guardian:Reroute"],"picked":"Guardian:TimeCapacitor","floor":14},{"not_picked":["Guardian:Incinerate","Guardian:ArmoredProtocol"],"picked":"Guardian:DonusPower","floor":15},{"not_picked":["Guardian:Gem_Orange","Guardian:ConstructionForm"],"picked":"Guardian:GemFinder","floor":16},{"not_picked":["CommonCold","animator:Curse_Greed","ReplayTheSpireMod:Restless Dread"],"picked":"Singing Bowl","floor":17},{"not_picked":["Looming Evil","Overencumbered","Voices"],"picked":"Singing Bowl","floor":17},{"not_picked":["ReplayTheSpireMod:Restless Dread","ReplayTheSpireMod:Splinters","animator:Curse_Dizziness"],"picked":"Singing Bowl","floor":17},{"not_picked":["Guardian:Gem_Green","Guardian:Gem_Lightblue"],"picked":"Guardian:Gem_Red","floor":19},{"not_picked":["Guardian:PiercingHide","Guardian:Gem_Cyan"],"picked":"Guardian:PrimingBeam","floor":19},{"not_picked":["Guardian:ShieldCharger","Guardian:ChargeCore"],"picked":"Guardian:BronzeArmor","floor":20},{"not_picked":["Guardian:BronzeOrb","Guardian:ChargeCore"],"picked":"Guardian:PrismaticBeam","floor":21},{"not_picked":["Guardian:VentSteam","Guardian:Preprogram"],"picked":"Guardian:Gem_Synthetic","floor":25},{"not_picked":["Guardian:Gem_Cyan","Guardian:Gem_Green"],"picked":"Guardian:Gem_Red","floor":26},{"not_picked":["Guardian:Gem_Cyan","Guardian:RollAttack"],"picked":"Guardian:Gem_Green","floor":26},{"not_picked":["Guardian:Gem_Lightblue","Guardian:Gem_Green"],"picked":"Guardian:Gem_Red","floor":28},{"not_picked":["Guardian:SentryBeam+1","Guardian:Gem_Green"],"picked":"Guardian:CrystalBeam","floor":28},{"not_picked":["Guardian:Gem_Cyan","Guardian:Gem_Green"],"picked":"Guardian:Gem_Red","floor":29},{"not_picked":["Guardian:StasisStrike","Guardian:Incinerate","Guardian:VentSteam+1"],"picked":"Singing Bowl","floor":29},{"not_picked":["Guardian:Gem_Lightblue","Guardian:Gem_Red"],"picked":"Guardian:Gem_Cyan","floor":31},{"not_picked":["Guardian:ShieldSpikes+1","Guardian:Recover+1"],"picked":"Guardian:Harden+1","floor":31},{"not_picked":["Guardian:Suspension+1","Guardian:Gem_Purple"],"picked":"Guardian:ChargeUp+1","floor":32},{"not_picked":["Guardian:Gem_Green","Guardian:Gem_Lightblue"],"picked":"Guardian:Gem_Cyan","floor":33},{"not_picked":["Guardian:GemFire","Guardian:GatlingBeam"],"picked":"Guardian:StasisField+1","floor":33},{"not_picked":["Guardian:Gem_Green","Guardian:Gem_Lightblue"],"picked":"Guardian:Gem_Cyan","floor":36},{"not_picked":["Guardian:Suspension+1","Guardian:Preprogram+1"],"picked":"Guardian:Gem_Green","floor":36},{"not_picked":["Guardian:Gem_Purple","Guardian:GuardianWhirl+1"],"picked":"Guardian:Gem_Cyan","floor":38},{"not_picked":["Guardian:Preprogram+1","Guardian:VentSteam+1"],"picked":"Guardian:MultiBeam+1","floor":40},{"not_picked":["Guardian:Gem_Lightblue","Guardian:Gem_Green"],"picked":"Guardian:Gem_Red","floor":43},{"not_picked":["Guardian:Incinerate","Guardian:Gem_Yellow"],"picked":"Guardian:ChargeCore+1","floor":43},{"not_picked":["Guardian:Incinerate+1","Guardian:Recover+1"],"picked":"Guardian:VentSteam+1","floor":45},{"not_picked":["Guardian:Gem_Lightblue","Guardian:Gem_Red"],"picked":"Guardian:Gem_Cyan","floor":47},{"not_picked":["Guardian:Gem_Purple","Guardian:Gem_Fragmented"],"picked":"Guardian:VentSteam+1","floor":47},{"not_picked":["Guardian:Suspension+1","Guardian:AncientConstruct+1"],"picked":"Guardian:Planning+1","floor":48},{"not_picked":["Guardian:BronzeOrb","Guardian:Recover+1"],"picked":"Guardian:Repulse+1","floor":49}],"player_experience":554481,"relics_obtained":[{"floor":10,"key":"Singing Bowl"},{"floor":14,"key":"Replay:Bottled Steam"},{"floor":18,"key":"Ancient Tea Set"},{"floor":24,"key":"Pear"},{"floor":26,"key":"Ornamental Fan"},{"floor":28,"key":"Toxic Egg 2"},{"floor":41,"key":"Replay:Bottled Snecko"},{"floor":48,"key":"ReplayTheSpireMod:Shallot"}],"event_choices":[{"damage_healed":0,"gold_gain":0,"player_choice":"Read","damage_taken":0,"max_hp_gain":0,"max_hp_loss":0,"event_name":"The Library","floor":22,"gold_loss":0,"cards_obtained":["Guardian:GemFire"]},{"cards_removed":["Guardian:PrimingBeam"],"damage_healed":0,"gold_gain":0,"player_choice":"Removed Attack","damage_taken":0,"max_hp_gain":0,"max_hp_loss":0,"event_name":"Falling","floor":37,"gold_loss":0}],"is_beta":true,"boss_relics":[{"not_picked":["Runic Pyramid","Replay:Wanted Poster"],"picked":"Replay:Ancient Bell"},{"not_picked":["Blood Vial","Orichalcum"],"picked":"ReplayTheSpireMod:TigerMarble"},{"not_picked":["Letter Opener","Blue Candle"],"picked":"The Courier"},{"not_picked":["Lizard Tail","Turnip"],"picked":"Guardian:SackOfGems"},{"not_picked":["Ring of Chaos","Kintsugi"],"picked":"Guardian:StasisSlotReductionRelic"}],"items_purged_floors":[21,40],"is_endless":false,"potions_floor_spawned":[2,8,11,20,29,32,43,45,49],"ascension_level":0}}