{"host":"sav7uxregyirlf69","time":1609982823,"event":{"mods":["AchievementEnabler","BaseMod","Colored Map","DeckTracker","Keyboard Shortcuts","Minty Spire (QoL Compilation)","READ ME - Guardian Mod","StSLib","SuperFastMode"],"gold_per_floor":[111,111,111,36,52,91,91,91,145,158,182,202,202,216,216,312,312,327,361,361,361],"floor_reached":20,"playtime":331,"items_purged":["Strike_G"],"score":398,"play_id":"800b8b88-d52c-4083-8563-5f3a5b2909ae","local_time":"20210107102703","is_ascension_mode":true,"campfire_choices":[{"data":"Neutralize","floor":13,"key":"SMITH"},{"data":"Blade Dance","floor":15,"key":"SMITH"}],"circlet_count":0,"master_deck":["AscendersBane","Strike_G","Strike_G","Strike_G","Strike_G","Defend_G","Defend_G","Defend_G","Defend_G+1","Defend_G+1","Survivor","Neutralize+1","Dagger Spray","Masterful Stab+1","After Image","Blade Dance","Blade Dance+1","A Thousand Cuts","Backflip+1"],"relics":["Ring of the Snake","NeowsBlessing","Golden Idol","War Paint","MealTicket","Coffee Dripper","Red Mask"],"acts_visited":["Exordium","TheCity"],"potions_floor_usage":[19,19],"damage_taken":[{"damage":0,"enemies":"2 Louse","floor":1,"turns":1},{"damage":0,"enemies":"Jaw Worm","floor":5,"turns":1},{"damage":0,"enemies":"Gremlin Nob","floor":6,"turns":1},{"damage":0,"enemies":"Cultist","floor":10,"turns":4},{"damage":0,"enemies":"2 Fungi Beasts","floor":11,"turns":3},{"damage":0,"enemies":"3 Louse","floor":12,"turns":2},{"damage":0,"enemies":"Looter","floor":14,"turns":3},{"damage":56,"enemies":"Slime Boss","floor":16,"turns":15},{"damage":4,"enemies":"Spheric Guardian","floor":18,"turns":4},{"damage":56,"enemies":"Masked Bandits","floor":19,"turns":6},{"damage":5,"enemies":"Chosen","floor":20,"turns":3}],"seed_played":"1292760213580915539","potions_obtained":[{"floor":5,"key":"LiquidBronze"},{"floor":6,"key":"Regen Potion"},{"floor":12,"key":"EssenceOfSteel"}],"is_trial":false,"path_per_floor":["M","?","?","$","M","E","$","?","T","M","M","M","R","M","R","B",null,"M","?","M"],"character_chosen":"THE_SILENT","items_purchased":[],"campfire_rested":0,"item_purchase_floors":[],"current_hp_per_floor":[59,59,59,59,59,59,59,59,59,59,59,59,59,59,59,3,46,42,1,0,0],"gold":361,"neow_bonus":"THREE_ENEMY_KILL","is_daily":false,"chose_seed":false,"campfire_upgraded":2,"win_rate":0.0,"timestamp":1609982823,"path_taken":["M","?","?","$","M","E","?","?","T","M","M","M","R","?","R","BOSS","M","?","M"],"items_purchased_type":[],"build_version":"2020-12-22","purchased_purges":1,"victory":false,"max_hp_per_floor":[66,66,60,60,60,60,60,60,60,60,60,60,60,60,60,60,60,60,60,60,60],"card_choices":[{"not_picked":["PiercingWail","Escape Plan"],"picked":"Dagger Spray","floor":1},{"not_picked":["Deadly Poison","Riddle With Holes"],"picked":"Masterful Stab","floor":5},{"not_picked":["Cloak And Dagger","Venomology"],"picked":"After Image","floor":6},{"not_picked":["Cloak And Dagger","Skewer"],"picked":"Blade Dance","floor":10},{"not_picked":["Bane","Quick Slash","Dodge and Roll"],"picked":"SKIP","floor":11},{"not_picked":["Eviscerate","Slice"],"picked":"Blade Dance","floor":12},{"not_picked":["Bouncing Flask","Poisoned Stab","Underhanded Strike"],"picked":"SKIP","floor":14},{"not_picked":["Die Die Die","Glass Knife"],"picked":"A Thousand Cuts","floor":16},{"not_picked":["Choke","Cloak And Dagger","Dagger Spray"],"picked":"SKIP","floor":18},{"not_picked":["Dagger Throw","All Out Attack"],"picked":"Backflip+1","floor":19}],"player_experience":1165649,"relics_obtained":[{"floor":6,"key":"War Paint"},{"floor":9,"key":"MealTicket"},{"floor":19,"key":"Red Mask"}],"event_choices":[{"damage_healed":0,"gold_gain":0,"player_choice":"Ignored","damage_taken":0,"max_hp_gain":0,"max_hp_loss":0,"event_name":"Liars Game","floor":2,"gold_loss":0},{"damage_healed":0,"gold_gain":0,"player_choice":"Lose Max HP","damage_taken":0,"relics_obtained":["Golden Idol"],"max_hp_gain":0,"max_hp_loss":6,"event_name":"Golden Idol","floor":3,"gold_loss":0},{"damage_healed":0,"gold_gain":0,"player_choice":"Upgraded","damage_taken":0,"max_hp_gain":0,"max_hp_loss":0,"event_name":"Upgrade Shrine","floor":8,"gold_loss":0,"cards_upgraded":["Masterful Stab"]},{"damage_healed":0,"gold_gain":0,"player_choice":"Fought Bandits","damage_taken":0,"max_hp_gain":0,"max_hp_loss":0,"event_name":"Masked Bandits","floor":19,"gold_loss":0}],"is_beta":false,"boss_relics":[{"not_picked":["Calling Bell","Sozu"],"picked":"Coffee Dripper"}],"items_purged_floors":[4],"is_endless":false,"potions_floor_spawned":[5,6,12,14],"killed_by":"Chosen","ascension_level":20}}