{"host":"ueaobptuyu87ouwy","time":1609999898,"event":{"mods":["Aspiration","Bard","BaseMod","Better Altar","Better Match","Better Note","Better Sensory Stone","Better Skull","Better Third Choice","BetterRewards","CCEM","Colored Map","Conspire","Downfall","GifTheSpireLib","Googly Eyes","Halation","Hermit","Highlight Path","Hubris","Infinite Spire","Jedi Mod","Jorbs\u0027s Wanderer Trilogy","Marisa????????","Mimic Mod","Minty Spire (QoL Compilation)","Permanent Neow","Replay The Spire","StSLib","Stuff the Spire","The Runesmith","Unceasing Turn Reminder","everything is the same but u backflip on backflip","slay the spire mod where everything is the same but ironclad has a cowboy hat"],"gold_per_floor":[113,133,133,52,52,52,83,95,119,119,133,9,23,29,29,131,131,142,255,255,255,255,255,255],"floor_reached":23,"playtime":1661,"items_purged":["bard:Strike"],"score":199,"play_id":"bf27925b-b369-4d2a-b5ec-52f73a347c46","local_time":"20210107141138","is_ascension_mode":false,"campfire_choices":[{"data":"bard:DiscordantVoice","floor":6,"key":"SMITH"},{"data":"bard:MagnumOpus","floor":10,"key":"SMITH"},{"data":"bard:DiscordantVoice","floor":15,"key":"SMITH"}],"circlet_count":0,"master_deck":["bard:Strike","bard:Strike","bard:Strike","bard:Defend","bard:Defend","bard:Defend","bard:Defend","bard:Riposte","bard:Inspire+1","bard:FirstStrike","bard:Fermata","bard:DiscordantVoice+1","bard:MagnumOpus+1","bard:Silence","bard:DiscordantVoice+1","bard:Thunderwave","bard:Heroism","bard:Encore+1","bard:BucklerBash"],"relics":["bard:PitchPipe","bard:BagPipes","hubris:Icosahedron","hubris:TinFlute","StuffTheSpire:Tea","halation:LettersToHer","halation:PrussianBluePaint","Ring of Chaos"],"acts_visited":["Exordium","TheCity"],"potions_floor_usage":[13,14],"damage_taken":[{"damage":1,"enemies":"Jaw Worm","floor":1,"turns":4},{"damage":0,"enemies":"2 Louse","floor":2,"turns":1},{"damage":42,"enemies":"Gremlin Nob","floor":7,"turns":6},{"damage":0,"enemies":"Small Slimes","floor":8,"turns":2},{"damage":0,"enemies":"Looter","floor":11,"turns":4},{"damage":0,"enemies":"Gremlin Gang","floor":13,"turns":1},{"damage":4,"enemies":"Lagavulin","floor":14,"turns":8},{"damage":7,"enemies":"The Guardian","floor":16,"turns":15},{"damage":9,"enemies":"Chosen","floor":18,"turns":5},{"damage":5,"enemies":"3 Byrds","floor":19,"turns":3},{"damage":59,"enemies":"Slavers","floor":23,"turns":4}],"seed_played":"8219559852678214214","potions_obtained":[{"floor":2,"key":"Dexterity Potion"},{"floor":8,"key":"Toxic Potion"},{"floor":14,"key":"jedi:hoardpotion"}],"is_trial":false,"path_per_floor":["M","M","?","$","T","R","E","M","T","R","M","$","M","E","R","B",null,"M","M","?","$","?","E"],"character_chosen":"BARD","items_purchased":["bard:DiscordantVoice","bard:Thunderwave"],"campfire_rested":0,"item_purchase_floors":[4,12],"current_hp_per_floor":[69,69,69,69,69,69,27,27,27,27,27,27,27,23,23,16,70,61,56,56,56,56,0,0],"gold":255,"neow_bonus":"UPGRADE_CARD","is_daily":false,"chose_seed":false,"campfire_upgraded":3,"win_rate":0.0,"timestamp":1609999898,"path_taken":["M","M","?","?","?","R","E","M","T","R","?","$","M","E","R","BOSS","M","M","?","?","?","E"],"items_purchased_type":["Card","Card"],"build_version":"2020-12-13","purchased_purges":1,"victory":false,"max_hp_per_floor":[70,70,70,70,70,70,70,70,70,70,70,70,70,70,70,70,70,70,70,70,70,70,70,70],"card_choices":[{"not_picked":["bard:InspiringSong","bard:FaerieFire"],"picked":"bard:FirstStrike","floor":1},{"not_picked":["bard:FeastOnFear","bard:StudiedStrike"],"picked":"bard:Fermata","floor":2},{"not_picked":["bard:ViciousMockery","bard:LifeDrain"],"picked":"bard:MagnumOpus","floor":7},{"not_picked":["bard:FalseLife","bard:Gamble"],"picked":"bard:Silence","floor":8},{"not_picked":["bard:MantleOfInspiration","bard:SixFourTime"],"picked":"bard:DiscordantVoice","floor":11},{"not_picked":["bard:LingeringPerformance","bard:BucklerBash","bard:Silence"],"picked":"SKIP","floor":13},{"not_picked":["bard:GuardPoint","bard:Fermata"],"picked":"bard:Heroism","floor":14},{"not_picked":["bard:Focused","bard:MagnumOpus"],"picked":"bard:Encore","floor":16},{"not_picked":["bard:Gamble","bard:SongBolt","bard:FalseLife"],"picked":"SKIP","floor":18},{"not_picked":["bard:FalseLife","bard:SongBolt+1"],"picked":"bard:BucklerBash","floor":19}],"player_experience":53055,"relics_obtained":[{"floor":5,"key":"hubris:TinFlute"},{"floor":7,"key":"StuffTheSpire:Tea"},{"floor":9,"key":"halation:LettersToHer"},{"floor":14,"key":"halation:PrussianBluePaint"}],"event_choices":[{"damage_healed":0,"gold_gain":0,"player_choice":"Ignored","damage_taken":0,"max_hp_gain":0,"max_hp_loss":0,"event_name":"betterNote:BetterNote","floor":20,"gold_loss":0,"cards_obtained":["hermit:Defend_Hermit"]}],"is_beta":false,"boss_relics":[{"not_picked":["aspiration:RunicSpoon","aspiration:WatcherSkillbook"],"picked":"Ring of Chaos"}],"items_purged_floors":[12],"is_endless":false,"potions_floor_spawned":[2,8,14],"killed_by":"Slavers","ascension_level":0}}