{"host":"2gugywxuw0nvjb3h","time":1609986434,"event":{"mods":["AchievementEnabler","BaseMod","Better Altar","Better Match","Better Note","Better Sensory Stone","Better Skull","Better Third Choice","BetterRewards","Colored Map","Colored Powertips","Curses Come First","Evolution","GifTheSpireLib","Hermit","Key Reminder","Marisa????????","Minty Spire (QoL Compilation)","Rare Cards Sparkle","Relic Sorter","Replay The Spire","Shade Mod","Spicy Shops","StSLib","The Cursed","The Disciple","The Marked","The Senshi","The Servant 0.9.4"],"gold_per_floor":[109,184,359,359,370,398,398,398,398,418,447,457,482,498,498,598,598,615,615,575,90,107,127,127,156,156,183,210,280,309,368,368,588,588,609,689,83,106,106,151,0,37,61,61,156,156,213,278,278,353],"floor_reached":51,"playtime":4786,"items_purged":["Doubt"],"score":2085,"play_id":"6d0418f5-8153-4021-b142-54a7f0a4f93e","local_time":"20210106192714","is_ascension_mode":true,"campfire_choices":[{"data":"Shade:DangerousRitual","floor":8.0,"key":"SMITH"},{"floor":15.0,"key":"REST"},{"data":"Shade:SensePrey","floor":24.0,"key":"SMITH"},{"data":"Shade:DarkOfNight","floor":32.0,"key":"SMITH"},{"data":"Shade:UnbarTheGrave","floor":46,"key":"SMITH"},{"data":"Shade:SanguineRitual","floor":49,"key":"SMITH"}],"circlet_count":0,"master_deck":["Shade:Strike_Shade","Shade:Strike_Shade","Shade:Strike_Shade","Shade:Defend_Shade","Shade:Defend_Shade+1","Shade:Defend_Shade","Shade:AnimateDead","Shade:CarefulCut","Shade:TouchOfTheGrave","Shade:FleshToFlesh+1","Shade:DangerousRitual+1","Shade:Carnophage+1","Shade:Frenzy+1","Shade:CallOfTheGrave+1","Secret Technique","Shade:CoffinDance","Shade:ExtraLimbs","Shade:Coordination+1","Shade:ClawBack","Shade:UnbarTheGrave+1","Shade:Excise+1","Shade:ClawBack","Shade:SensePrey+1","Shade:OfferingToTheBeyond+1","Shade:StitchTogether+1","Shade:FreshBones","Shade:SkeletonArmy+1","Shade:LichForm+1","Shade:DarkOfNight+1","Shade:FuneraryJewels","Shade:OpenGraves+1","Shade:Premonition","Shade:GraveStillness","Shade:DarkOfNight","Shade:OpenGraves+1","Shade:SanguineRitual+1","Shade:Trample+1","Shade:SanguineRitual+1","Shade:Premonition","Shade:FreshBones+1","Shade:SensePrey+1","Swift Strike","Good Instincts","Shade:CommandSoldier","Shade:SoulPierce+1","Shade:CoffinDance+1"],"relics":["Shade:YorickPolishedSkull","EVO:Axolotl","Frozen Egg 2","ReplayTheSpireMod:TigerMarble","PreservedInsect","Juzu Bracelet","Omamori","The Courier","Darkstone Periapt","ReplayFunnel","Bottled Tornado","Replay:Bronze Core","Lantern","Replay:Baseball","Art of War","Replay:Rubber Ducky","Bronze Scales","Mirror","Replay:Bandana","Ancient Tea Set","Blood Vial","Replay:Towering Pillar of Hats","HandDrill","Replay:Ringing Soul","Letter Opener","Red Mask","Pet Ghost","Mercury Hourglass","Mummified Hand"],"acts_visited":["Exordium","TheCity","TheBeyond"],"potions_floor_usage":[47,50],"damage_taken":[{"damage":0.0,"enemies":"Small Slimes","floor":1.0,"turns":2.0},{"damage":0.0,"enemies":"Cultist","floor":5.0,"turns":3.0},{"damage":0.0,"enemies":"Replay:BlueRogue","floor":6.0,"turns":4.0},{"damage":0.0,"enemies":"Jaw Worm","floor":10.0,"turns":2.0},{"damage":0.0,"enemies":"Lagavulin","floor":11.0,"turns":3.0},{"damage":0.0,"enemies":"3 Louse","floor":12.0,"turns":3.0},{"damage":16.0,"enemies":"Gremlin Nob","floor":13.0,"turns":4.0},{"damage":0.0,"enemies":"Exordium Wildlife","floor":14.0,"turns":3.0},{"damage":0.0,"enemies":"Slime Boss","floor":16.0,"turns":5.0},{"damage":1.0,"enemies":"Spheric Guardian","floor":18.0,"turns":5.0},{"damage":2.0,"enemies":"3 Byrds","floor":22.0,"turns":4.0},{"damage":0.0,"enemies":"Snake Plant","floor":23.0,"turns":5.0},{"damage":6.0,"enemies":"Gremlin Leader","floor":25.0,"turns":4.0},{"damage":0.0,"enemies":"Slavers","floor":27.0,"turns":2.0},{"damage":0.0,"enemies":"Shelled Parasite and Fungi","floor":28.0,"turns":2.0},{"damage":0.0,"enemies":"Gremlin Leader","floor":29.0,"turns":4.0},{"damage":0.0,"enemies":"Snecko","floor":30.0,"turns":3.0},{"damage":0.0,"enemies":"Replay:Snechameleon","floor":31.0,"turns":3.0},{"damage":3.0,"enemies":"Pondfish","floor":33.0,"turns":9.0},{"damage":0.0,"enemies":"3 Darklings","floor":35.0,"turns":2.0},{"damage":0.0,"enemies":"Mind Bloom Boss Battle","floor":36.0,"turns":4.0},{"damage":5.0,"enemies":"Orb Walker","floor":38.0,"turns":2.0},{"damage":4.0,"enemies":"Reptomancer","floor":40.0,"turns":2.0},{"damage":0.0,"enemies":"Writhing Mass","floor":42.0,"turns":4.0},{"damage":0.0,"enemies":"Giant Head","floor":45.0,"turns":5.0},{"damage":4,"enemies":"Nemesis","floor":47,"turns":3},{"damage":0,"enemies":"Transient","floor":48,"turns":5},{"damage":18,"enemies":"Awakened One","floor":50,"turns":7}],"seed_played":"6753031505682868457","potions_obtained":[{"floor":1.0,"key":"Adrenaline Potion"},{"floor":6.0,"key":"AttackPotion"},{"floor":13.0,"key":"Strength Potion"},{"floor":22.0,"key":"Fire Potion"},{"floor":27.0,"key":"Cursed Concoction"},{"floor":28.0,"key":"SteroidPotion"},{"floor":29.0,"key":"Swift Potion"},{"floor":33.0,"key":"Adrenaline Potion"},{"floor":35.0,"key":"Adrenaline Potion"},{"floor":45.0,"key":"Block Potion"}],"is_trial":false,"path_per_floor":["M","?","?","?","M","E","?","R","T","M","E","M","E","M","R","B",null,"M","?","?","$","M","M","R","E","T","E","M","E","M","E","R","B",null,"M","?","$","M","?","E","?","M","T","?","E","R","E","M","R","B",null],"character_chosen":"SHADE","items_purchased":["Shade:TouchOfTheGrave","Shade:FleshToFlesh+1","Shade:DangerousRitual","Frozen Egg 2","ReplayTheSpireMod:TigerMarble","Shade:Carnophage+1","Shade:Frenzy+1","PreservedInsect","Juzu Bracelet","Shade:CallOfTheGrave+1","Secret Technique","Lantern","Replay:Baseball","Art of War","Replay:Rubber Ducky","Shade:Trample+1","HandDrill","Replay:Ringing Soul","Shade:SanguineRitual"],"campfire_rested":1,"item_purchase_floors":[0,0,0,0,0,0,0,0,0,0,0,21,21,21,21,37,37,37,37],"current_hp_per_floor":[65,59,59,41,41,41,41,41,41,41,41,41,25,25,44,44,65,64,64,64,64,62,62,62,56,56,56,56,56,56,65,65,65,65,65,65,68,66,66,67,67,72,72,75,80,80,81,86,86,70],"gold":353,"neow_bonus":"","is_daily":false,"chose_seed":false,"campfire_upgraded":5,"win_rate":0.0,"timestamp":1609986434,"path_taken":["M","?","?","?","M","E","?","R","T","M","E","M","E","M","R","BOSS","M","?","?","?","M","M","R","E","T","E","M","E","M","E","R","BOSS","M","?","$","M","?","E","?","M","T","?","E","R","E","M","R","BOSS"],"items_purchased_type":["Card","Card","Card","Relic","Relic","Card","Card","Relic","Relic","Card","Card","Relic","Relic","Relic","Relic","Card","Relic","Relic","Card"],"build_version":"2020-12-22","purchased_purges":1,"victory":true,"max_hp_per_floor":[65,65,65,65,65,65,65,65,65,65,65,65,65,65,65,65,65,65,65,65,65,65,65,65,65,65,65,65,65,65,65,65,65,65,65,65,68,71,71,74,74,77,77,80,83,83,86,89,89,89],"card_choices":[{"not_picked":["Shade:DangerousRitual","Shade:FuneraryArmor"],"picked":"Shade:CoffinDance","floor":1.0},{"not_picked":["Shade:FingerOfDeath","Shade:Premonition"],"picked":"Shade:ExtraLimbs","floor":5.0},{"not_picked":["Shade:RitualOffering","Shade:StitchTogether+1"],"picked":"Shade:Coordination+1","floor":6.0},{"not_picked":["Shade:BoneShards","Shade:FuneraryArmor"],"picked":"Shade:ClawBack","floor":10.0},{"not_picked":["Shade:SkeletonHug","Shade:Trample"],"picked":"Shade:UnbarTheGrave","floor":11.0},{"not_picked":["Shade:DangerousRitual","Shade:TouchOfTheGrave+1"],"picked":"Shade:Excise","floor":12.0},{"not_picked":["Shade:BoneShards","Shade:PoundOfFlesh"],"picked":"Shade:ClawBack","floor":13.0},{"not_picked":["Shade:DangerousRitual","Shade:FingerOfDeath"],"picked":"Shade:SensePrey","floor":14.0},{"not_picked":["Shade:OneIsEnough","Shade:LoseControl"],"picked":"Shade:OfferingToTheBeyond+1","floor":16.0},{"not_picked":["Shade:TouchOfTheGrave+1","Shade:SkeletonHug"],"picked":"Shade:StitchTogether+1","floor":18.0},{"not_picked":["Shade:TouchOfTheGrave+1","Shade:Trample+1"],"picked":"Shade:FreshBones","floor":22.0},{"not_picked":["Shade:AblativeArmor+1","Shade:Frenzy"],"picked":"Shade:SkeletonArmy+1","floor":23.0},{"not_picked":["Shade:CommandSoldier","Shade:SkeletonArmy"],"picked":"Shade:LichForm+1","floor":25.0},{"not_picked":["Shade:Brains","Shade:PoundOfFlesh"],"picked":"Shade:DarkOfNight","floor":27.0},{"not_picked":["Shade:RavenousHorde","Shade:SkeletonHug"],"picked":"Shade:FuneraryJewels","floor":28.0},{"not_picked":["Shade:SkeletonArmy","Shade:FuneraryJewels"],"picked":"Shade:OpenGraves+1","floor":29.0},{"not_picked":["Shade:FeralStrike+1","Shade:SkeletonArmy"],"picked":"Shade:Premonition","floor":30.0},{"not_picked":["Shade:Consume","Shade:GreyBargain"],"picked":"Shade:GraveStillness","floor":31.0},{"not_picked":["Shade:OminousRitual","Shade:MadHubris"],"picked":"Shade:DarkOfNight","floor":33.0},{"not_picked":["Shade:FuneraryArmor+1","Shade:PressTheAttack+1"],"picked":"Shade:OpenGraves+1","floor":35.0},{"not_picked":["Shade:SkeletonHug","Shade:Carnophage+1"],"picked":"Shade:SanguineRitual+1","floor":36.0},{"not_picked":["Shade:FeralStrike","Shade:RavenousHorde+1"],"picked":"Shade:Premonition","floor":38.0},{"not_picked":["Shade:SkeletonHug","Shade:Consume"],"picked":"Shade:FreshBones+1","floor":40.0},{"not_picked":["Shade:FingerOfDeath","Shade:WallOfFlesh+1"],"picked":"Shade:SensePrey+1","floor":42.0},{"not_picked":["Discovery","Replay:BasicMightCard+1"],"picked":"Swift Strike","floor":44.0},{"not_picked":["Magnetism+1","Secret Weapon"],"picked":"Good Instincts","floor":44.0},{"not_picked":["Shade:WallOfFlesh","Shade:CoffinDance"],"picked":"Shade:CommandSoldier","floor":45.0},{"not_picked":["Shade:GraveStillness","Shade:StitchTogether+1"],"picked":"Shade:SoulPierce+1","floor":47},{"not_picked":["Shade:SpectralStrikes+1","Shade:GoDigging"],"picked":"Shade:CoffinDance+1","floor":48}],"player_experience":282696,"relics_obtained":[{"floor":6.0,"key":"The Courier"},{"floor":9.0,"key":"Darkstone Periapt"},{"floor":11.0,"key":"ReplayFunnel"},{"floor":13.0,"key":"Bottled Tornado"},{"floor":25.0,"key":"Bronze Scales"},{"floor":26.0,"key":"Mirror"},{"floor":27.0,"key":"Replay:Bandana"},{"floor":29.0,"key":"Ancient Tea Set"},{"floor":31.0,"key":"Blood Vial"},{"floor":36.0,"key":"Replay:Towering Pillar of Hats"},{"floor":40.0,"key":"Letter Opener"},{"floor":43.0,"key":"Pet Ghost"},{"floor":45.0,"key":"Mercury Hourglass"},{"floor":47,"key":"Mummified Hand"}],"event_choices":[{"damage_healed":0.0,"max_hp_gain":0.0,"max_hp_loss":0.0,"gold_gain":75.0,"event_name":"FaceTrader","player_choice":"Touch","floor":2.0,"gold_loss":0.0,"damage_taken":6.0},{"damage_healed":0.0,"max_hp_gain":0.0,"max_hp_loss":0.0,"gold_gain":175.0,"event_name":"betterThird:BetterSerpent","player_choice":"AGREE","floor":3.0,"gold_loss":0.0,"damage_taken":184.0},{"damage_healed":0.0,"max_hp_gain":0.0,"max_hp_loss":0.0,"gold_gain":0.0,"event_name":"betterThird:BetterScrap","player_choice":"Relic ","floor":4.0,"gold_loss":0.0,"damage_taken":18.0,"cards_obtained":["Storm of Steel"]},{"damage_healed":0.0,"max_hp_gain":0.0,"max_hp_loss":0.0,"gold_gain":0.0,"event_name":"betterNote:BetterNote","player_choice":"Ignored","floor":19.0,"gold_loss":0.0,"damage_taken":0.0,"cards_obtained":["Strike_MRS"]},{"damage_healed":0.0,"max_hp_gain":0.0,"max_hp_loss":0.0,"gold_gain":0.0,"event_name":"Designer","player_choice":"Upgraded Two","floor":20.0,"gold_loss":40.0,"damage_taken":0.0,"cards_upgraded":["Shade:Excise","Shade:Defend_Shade"]},{"damage_healed":0.0,"max_hp_gain":0.0,"max_hp_loss":0.0,"gold_gain":0.0,"event_name":"MindBloom","player_choice":"Fight","floor":36.0,"gold_loss":0.0,"damage_taken":0.0},{"cards_removed":["Shade:Defend_Shade"],"damage_healed":0.0,"max_hp_gain":0.0,"max_hp_loss":0.0,"gold_gain":0.0,"event_name":"Falling","player_choice":"Removed Skill","floor":39.0,"gold_loss":0.0,"damage_taken":0.0},{"damage_healed":0.0,"max_hp_gain":0.0,"max_hp_loss":0.0,"gold_gain":0.0,"event_name":"Tomb of Lord Red Mask","player_choice":"Paid","floor":41.0,"gold_loss":151.0,"damage_taken":0.0,"relics_obtained":["Red Mask"]},{"damage_healed":0.0,"max_hp_gain":0.0,"max_hp_loss":0.0,"gold_gain":3.0,"event_name":"betterStone:BetterStone","player_choice":"1","floor":44.0,"gold_loss":0.0,"damage_taken":0.0}],"is_beta":false,"boss_relics":[{"not_picked":["Replay:Ancient Bell","Painkiller Herb"],"picked":"Replay:Bronze Core"},{"not_picked":["Fusion Hammer","Tiny House"],"picked":"Shade:YorickPolishedSkull"}],"items_purged_floors":[37],"is_endless":false,"potions_floor_spawned":[1,6,13,22,27,28,29,31,33,35,38,45],"ascension_level":4}}