{"host":"j4g6ia6asvpyu2b0","time":1609978974,"event":{"mods":["BaseMod","Colored Map","Minty Spire (QoL Compilation)","Permanent Neow","Quick Restart","Relic Stats","StSLib","Unceasing Turn Reminder"],"gold_per_floor":[19,35,35,46,60,87,87,120,171,171,197,212,241,316,316,421,421,434,434,258,272,284,314,314,314,314],"floor_reached":25,"playtime":1013,"items_purged":["Strike_G"],"score":325,"play_id":"688a5f44-3e91-44bc-a6ce-3415d80ada5b","local_time":"20210106172254","is_ascension_mode":true,"campfire_choices":[{"data":"Apotheosis","floor":7.0,"key":"SMITH"},{"floor":10.0,"key":"REST"},{"floor":15,"key":"REST"},{"floor":24,"key":"REST"}],"circlet_count":0,"master_deck":["Strike_G","Strike_G","Strike_G","Strike_G","Defend_G","Defend_G","Defend_G","Defend_G","Defend_G","Survivor","Neutralize","Apotheosis+1","Terror","Skewer","Decay","Blur","Poisoned Stab","Leg Sweep","Dodge and Roll","Envenom","Bouncing Flask","A Thousand Cuts","Escape Plan","Backflip","Caltrops","Outmaneuver+1","Sucker Punch+1","Deadly Poison+1"],"relics":["Ring of the Snake","Lantern","Gremlin Horn","Toy Ornithopter","Pen Nib","Odd Mushroom","Fusion Hammer","Blood Vial"],"acts_visited":["Exordium","TheCity"],"potions_floor_usage":[11,16,16,23,25],"damage_taken":[{"damage":5.0,"enemies":"Jaw Worm","floor":1.0,"turns":5.0},{"damage":0.0,"enemies":"Cultist","floor":2.0,"turns":4.0},{"damage":0.0,"enemies":"2 Louse","floor":4.0,"turns":3.0},{"damage":0.0,"enemies":"Exordium Wildlife","floor":5.0,"turns":4.0},{"damage":21.0,"enemies":"3 Sentries","floor":6.0,"turns":9.0},{"damage":6.0,"enemies":"Lagavulin","floor":8.0,"turns":7.0},{"damage":36,"enemies":"Gremlin Nob","floor":11,"turns":5},{"damage":0,"enemies":"Red Slaver","floor":12,"turns":2},{"damage":2,"enemies":"The Mushroom Lair","floor":13,"turns":6},{"damage":37,"enemies":"Slime Boss","floor":16,"turns":11},{"damage":4,"enemies":"Spheric Guardian","floor":18,"turns":4},{"damage":12,"enemies":"Shell Parasite","floor":21,"turns":6},{"damage":7,"enemies":"Centurion and Healer","floor":22,"turns":6},{"damage":21,"enemies":"Gremlin Leader","floor":23,"turns":6},{"damage":37,"enemies":"Slavers","floor":25,"turns":4}],"seed_played":"1437380736568158798","potions_obtained":[{"floor":2.0,"key":"ColorlessPotion"},{"floor":4.0,"key":"SteroidPotion"},{"floor":6.0,"key":"ColorlessPotion"},{"floor":8.0,"key":"FearPotion"},{"floor":11,"key":"Swift Potion"},{"floor":13,"key":"ColorlessPotion"},{"floor":23,"key":"SpeedPotion"}],"is_trial":false,"path_per_floor":["M","M","?","M","M","E","R","E","T","R","E","M","?","?","R","B",null,"M","?","$","M","M","E","R","E"],"character_chosen":"THE_SILENT","items_purchased":["Backflip","Caltrops"],"campfire_rested":3,"item_purchase_floors":[20,20],"current_hp_per_floor":[58,58,58,58,58,37,37,31,31,52,21,21,19,8,29,2,53,49,42,42,30,23,7,28,0,0],"gold":314,"neow_bonus":"RANDOM_COLORLESS_2","is_daily":false,"chose_seed":false,"campfire_upgraded":1,"win_rate":0.0,"timestamp":1609978974,"path_taken":["M","M","?","?","M","E","R","E","T","R","E","?","?","?","R","BOSS","M","?","$","?","M","E","R","E"],"items_purchased_type":["Card","Card"],"build_version":"2020-12-22","purchased_purges":1,"victory":false,"max_hp_per_floor":[70,70,70,70,70,70,70,70,70,70,70,70,70,70,70,70,70,70,70,70,70,70,70,70,70,70],"relic_stats":{"Blood Vial":2,"Gremlin Horn":[10,10],"counters":[15,82],"Pen Nib":[6],"obtain_stats":[{"Blood Vial":23,"Lantern":6,"Gremlin Horn":8,"Pen Nib":11,"Fusion Hammer":17,"Odd Mushroom":13,"Toy Ornithopter":9,"Ring of the Snake":0},{"Blood Vial":14,"Lantern":5,"Gremlin Horn":6,"Pen Nib":7,"Fusion Hammer":10,"Odd Mushroom":9,"Toy Ornithopter":6,"Ring of the Snake":0},{"Blood Vial":78,"Lantern":25,"Gremlin Horn":32,"Pen Nib":37,"Fusion Hammer":56,"Odd Mushroom":45,"Toy Ornithopter":32,"Ring of the Snake":0}],"Toy Ornithopter":25,"Ring of the Snake":[30]},"card_choices":[{"not_picked":["Metamorphosis","The Bomb"],"picked":"Apotheosis","floor":0.0},{"not_picked":["Catalyst","Concentrate"],"picked":"Terror","floor":1.0},{"not_picked":["Bouncing Flask","Terror"],"picked":"Skewer","floor":2.0},{"not_picked":["Underhanded Strike","Outmaneuver"],"picked":"Blur","floor":4.0},{"not_picked":["Dagger Throw","Flying Knee"],"picked":"Poisoned Stab","floor":5.0},{"not_picked":["Acrobatics","Slice","Flechettes"],"picked":"SKIP","floor":6.0},{"not_picked":["Dagger Spray","Prepared"],"picked":"Leg Sweep","floor":8.0},{"not_picked":["Cloak And Dagger","Underhanded Strike"],"picked":"Dodge and Roll","floor":11},{"not_picked":["Flechettes","Cloak And Dagger"],"picked":"Envenom","floor":12},{"not_picked":["Slice","Dagger Throw"],"picked":"Bouncing Flask","floor":13},{"not_picked":["Storm of Steel","Glass Knife"],"picked":"A Thousand Cuts","floor":16},{"not_picked":["Deflect","Eviscerate"],"picked":"Escape Plan","floor":18},{"not_picked":["Deflect","Slice"],"picked":"Outmaneuver+1","floor":21},{"not_picked":["Dagger Spray","Prepared"],"picked":"Sucker Punch+1","floor":22},{"not_picked":["All Out Attack","Infinite Blades"],"picked":"Deadly Poison+1","floor":23}],"player_experience":741334,"relics_obtained":[{"floor":6.0,"key":"Lantern"},{"floor":8.0,"key":"Gremlin Horn"},{"floor":9.0,"key":"Toy Ornithopter"},{"floor":11,"key":"Pen Nib"},{"floor":13,"key":"Odd Mushroom"},{"floor":23,"key":"Blood Vial"}],"event_choices":[{"damage_healed":0.0,"max_hp_gain":0.0,"max_hp_loss":0.0,"gold_gain":0.0,"event_name":"Wheel of Change","player_choice":"Cursed","floor":3.0,"gold_loss":0.0,"damage_taken":0.0,"cards_obtained":["Decay"]},{"damage_healed":0,"gold_gain":0,"player_choice":"Fought Mushrooms","damage_taken":0,"max_hp_gain":0,"max_hp_loss":0,"event_name":"Mushrooms","floor":13,"gold_loss":0},{"damage_healed":0,"gold_gain":75,"player_choice":"Gather Gold","damage_taken":11,"max_hp_gain":0,"max_hp_loss":0,"event_name":"World of Goop","floor":14,"gold_loss":0},{"damage_healed":0,"gold_gain":0,"player_choice":"Damaged","damage_taken":7,"max_hp_gain":0,"max_hp_loss":0,"event_name":"Wheel of Change","floor":19,"gold_loss":0}],"is_beta":false,"boss_relics":[{"not_picked":["Snecko Eye","Calling Bell"],"picked":"Fusion Hammer"}],"items_purged_floors":[20],"is_endless":false,"potions_floor_spawned":[2,4,6,8,11,13,23],"killed_by":"Slavers","ascension_level":7}}