{"host":"w3q5ijqu8eoknil3","time":1609984809,"event":{"mods":["AchievementEnabler","BaseMod","Block Reminder","Colored Powertips","Curses Come First","Minty Spire (QoL Compilation)","Quick Restart","Relic Stats","StSLib","ojb\u0027s Better Paths Mod","ojb\u0027s Info Mod","slay the spire mod where everything is the same but ironclad has a cowboy hat"],"gold_per_floor":[109,127,153,228,244,244,272,289,334,352,366,393,7,18,18,89,89,107,126,158,208,3,3,3],"floor_reached":23,"playtime":960,"items_purged":["Strike_G"],"score":376,"play_id":"cd7e112d-988f-4198-8042-647231cd393b","local_time":"20210107020009","is_ascension_mode":true,"campfire_choices":[{"data":"Cloak And Dagger","floor":6.0,"key":"SMITH"},{"floor":15,"key":"REST"}],"circlet_count":0,"master_deck":["AscendersBane","Strike_G","Strike_G","Defend_G","Defend_G","Defend_G","Defend_G","Defend_G","Survivor","Neutralize","Acrobatics","Flying Knee","Cloak And Dagger+1","Predator","PiercingWail","Finisher","Blade Dance","Adrenaline","Adrenaline","Dagger Spray","Bouncing Flask","Malaise","Expertise+1","Noxious Fumes","Catalyst","Wraith Form v2","Poisoned Stab"],"relics":["Ring of the Snake","NeowsBlessing","Nunchaku","Strawberry","Bag of Marbles","Prayer Wheel","Blood Vial","DollysMirror","Empty Cage","Red Mask","Membership Card"],"acts_visited":["Exordium","TheCity"],"potions_floor_usage":[12,16,16,18,20],"damage_taken":[{"damage":0.0,"enemies":"Cultist","floor":1.0,"turns":1.0},{"damage":0.0,"enemies":"2 Louse","floor":2.0,"turns":1.0},{"damage":0.0,"enemies":"Jaw Worm","floor":5.0,"turns":1.0},{"damage":28.0,"enemies":"Gremlin Nob","floor":7.0,"turns":5.0},{"damage":0.0,"enemies":"Red Slaver","floor":8.0,"turns":4.0},{"damage":0.0,"enemies":"Large Slime","floor":10.0,"turns":4.0},{"damage":2,"enemies":"3 Louse","floor":11,"turns":4},{"damage":19,"enemies":"3 Sentries","floor":12,"turns":8},{"damage":0,"enemies":"Exordium Wildlife","floor":14,"turns":1},{"damage":5,"enemies":"The Guardian","floor":16,"turns":8},{"damage":3,"enemies":"Spheric Guardian","floor":18,"turns":4},{"damage":0,"enemies":"Chosen","floor":19,"turns":5},{"damage":32,"enemies":"Masked Bandits","floor":20,"turns":6},{"damage":50,"enemies":"Gremlin Leader","floor":23,"turns":11}],"seed_played":"-8649244575742538644","potions_obtained":[{"floor":1.0,"key":"Ancient Potion"},{"floor":7.0,"key":"LiquidBronze"},{"floor":14,"key":"SteroidPotion"},{"floor":16,"key":"Block Potion"},{"floor":19,"key":"GhostInAJar"},{"floor":20,"key":"Ancient Potion"}],"is_trial":false,"path_per_floor":["M","M","T","?","M","R","E","M","T","M","M","E","$","M","R","B",null,"M","M","?","?","$","E"],"character_chosen":"THE_SILENT","items_purchased":["Blood Vial","DollysMirror","Dagger Spray","Membership Card"],"campfire_rested":1,"item_purchase_floors":[13,13,13,22],"current_hp_per_floor":[59,59,59,48,48,48,27,27,27,27,25,6,6,8,29,26,61,60,62,32,32,32,0,0],"gold":3,"neow_bonus":"THREE_ENEMY_KILL","is_daily":false,"chose_seed":false,"campfire_upgraded":1,"win_rate":0.0,"timestamp":1609984809,"path_taken":["M","M","?","?","?","R","E","M","T","M","?","E","$","M","R","BOSS","M","M","?","?","?","E"],"items_purchased_type":["Relic","Relic","Card","Relic"],"build_version":"2020-12-22","purchased_purges":1,"victory":false,"max_hp_per_floor":[66,66,66,66,66,66,73,73,73,73,73,73,73,73,73,73,73,73,73,73,73,73,73,73],"relic_stats":{"Blood Vial":12,"Nunchaku":[15],"counters":[14,63],"Prayer Wheel":3,"obtain_stats":[{"Blood Vial":13,"Nunchaku":3,"NeowsBlessing":0,"DollysMirror":13,"Strawberry":7,"Prayer Wheel":12,"Bag of Marbles":9,"Red Mask":20,"Membership Card":22,"Empty Cage":17,"Ring of the Snake":0},{"Blood Vial":8,"Nunchaku":2,"NeowsBlessing":0,"DollysMirror":8,"Strawberry":4,"Prayer Wheel":8,"Bag of Marbles":5,"Red Mask":13,"Membership Card":13,"Empty Cage":10,"Ring of the Snake":0},{"Blood Vial":28,"Nunchaku":2,"NeowsBlessing":0,"DollysMirror":28,"Strawberry":8,"Prayer Wheel":28,"Bag of Marbles":12,"Red Mask":52,"Membership Card":52,"Empty Cage":37,"Ring of the Snake":0}],"Ring of the Snake":[28]},"card_choices":[{"not_picked":["Infinite Blades","Blur"],"picked":"Acrobatics","floor":1.0},{"not_picked":["Eviscerate","Backflip"],"picked":"Flying Knee","floor":2.0},{"not_picked":["Acrobatics","Outmaneuver"],"picked":"Cloak And Dagger","floor":5.0},{"not_picked":["PiercingWail","Expertise"],"picked":"Predator","floor":7.0},{"not_picked":["Quick Slash","Terror"],"picked":"PiercingWail","floor":8.0},{"not_picked":["Crippling Poison","Bane"],"picked":"Finisher","floor":10},{"not_picked":["Underhanded Strike","Accuracy"],"picked":"Blade Dance","floor":11},{"not_picked":["Infinite Blades","Poisoned Stab"],"picked":"Adrenaline","floor":12},{"not_picked":["Flechettes","Poisoned Stab"],"picked":"Bouncing Flask","floor":14},{"not_picked":["Flying Knee","Heel Hook","Finisher"],"picked":"SKIP","floor":14},{"not_picked":["Night Terror","Bullet Time"],"picked":"Malaise","floor":16},{"not_picked":["Bane","Acrobatics"],"picked":"Expertise+1","floor":18},{"not_picked":["PiercingWail","Poisoned Stab"],"picked":"Noxious Fumes","floor":18},{"not_picked":["Bane","Outmaneuver"],"picked":"Catalyst","floor":19},{"not_picked":["Choke","All Out Attack+1"],"picked":"Wraith Form v2","floor":19},{"not_picked":["Blur","Prepared"],"picked":"Poisoned Stab","floor":20}],"player_experience":951184,"relics_obtained":[{"floor":3.0,"key":"Nunchaku"},{"floor":7.0,"key":"Strawberry"},{"floor":9.0,"key":"Bag of Marbles"},{"floor":12,"key":"Prayer Wheel"},{"floor":20,"key":"Red Mask"}],"event_choices":[{"damage_healed":0.0,"max_hp_gain":0.0,"max_hp_loss":0.0,"gold_gain":75.0,"event_name":"World of Goop","player_choice":"Gather Gold","floor":4.0,"gold_loss":0.0,"damage_taken":11.0},{"damage_healed":0,"gold_gain":0,"player_choice":"Fought Bandits","damage_taken":0,"max_hp_gain":0,"max_hp_loss":0,"event_name":"Masked Bandits","floor":20,"gold_loss":0},{"damage_healed":0,"gold_gain":50,"player_choice":"Stole From Cult","damage_taken":0,"max_hp_gain":0,"max_hp_loss":0,"event_name":"Nest","floor":21,"gold_loss":0}],"is_beta":false,"boss_relics":[{"not_picked":["Sozu","Fusion Hammer"],"picked":"Empty Cage"}],"items_purged_floors":[22],"is_endless":false,"potions_floor_spawned":[1,7,14,16,19,20],"killed_by":"Gremlin Leader","ascension_level":17}}