{"host":"e5u7qs1emxzejr12","time":1609990664,"event":{"mods":["2.2 Compatiblity","Act Like it!","Arknights The Spire","BaseMod","CapriCore","Card Forge","Conspire","Custom Start","Dota2Spire","Downfall","Highlight Path","Infinite Spire","Luminous","Marisa£®ÏF”Í°°ƒß¿Ì…≥£©","Minty Spire (QoL Compilation)","Quick Restart","Replay The Spire","StSLib","SuperFastMode","The Cursed","The Immortal","The Servant 0.9.4","TheWitcher","UnlockEverythingMod","°æ“≈ŒÔø®≈∆°øREMEMod"],"gold_per_floor":[99,119,133,148,65,93,93,107,25,25,53,73,88,73,83,186,186,111,121,190,203,203,128,128,53,79,79,79,98,98,98,118,223,223,223,242,259,304,317,345,345,445,472,483,341,354,115,128,138,241,241,241,241],"floor_reached":51,"playtime":3261,"items_purged":[],"score":834,"play_id":"cd7ce630-abb0-41fc-9fb9-24d9234e5ce0","local_time":"20210107113744","is_ascension_mode":false,"campfire_choices":[{"floor":18.0,"key":"RECALL"},{"floor":35.0,"key":"DIG"}],"circlet_count":0,"master_deck":["Guardian:Strike_Guardian+1","Guardian:Strike_Guardian+1","Guardian:Strike_Guardian+1","Guardian:Defend_Guardian+1","Guardian:Defend_Guardian+1","Guardian:Defend_Guardian+1","Guardian:CurlUp+1","Sadistic Nature+1","Guardian:Incinerate+1","Guardian:DonusPower+1","Guardian:ChargeUp+1","Guardian:FloatingOrbs+1","Guardian:RevengeProtocol+1","Guardian:SentryBeam+1","Neutralize+1","Guardian:DonusPower+1","Guardian:EvasiveProtocol+1","Guardian:Planning+1","Guardian:BronzeArmor+1","Guardian:SphericShield+1","Guardian:BronzeOrb+1","Guardian:SentryBeam+1","Guardian:Suspension+1","Guardian:Gem_Synthetic","Guardian:TimeCapacitor+1","Guardian:Gem_Orange","Guardian:StasisField+1","Guardian:BronzeOrb+1","Guardian:Harden+1","ReplayTheSpireMod:Book of Names+1","Parasite","Guardian:Harden+1","Guardian:TimeSifter+1"],"relics":["Guardian:ModeShifter","Hammer of Thor","Seething Fire","Anvil of the Gods","REME_ComplimentaryCards","Dota2Spire:CrimsonGuard","Guardian:PickAxe","Quantum Egg","Odd Mushroom","Fusion Hammer","downfall:HeartBlessingGreen","Replay:Wax Seal","Lantern","m_BurningSludge","downfall:HeartBlessingRed","downfall:HeartBlessingBlue","Replay:Towering Pillar of Hats","Replay:Ancient Bell","infinitespire:PuzzleCube","Snack Pack","Shovel","conspire:GiftBox","Lizard Tail","Blood Vial","Replay:Ringing Soul","Incense Burner","ReplayFunnel","Bottled Lightning","REME_LowDesire","Bag of Marbles","Dota2Spire:HandOfMidas"],"acts_visited":["Exordium","TheCity","TheBeyond","Exordium"],"potions_floor_usage":[],"damage_taken":[{"damage":0.0,"enemies":"Cultist","floor":2.0,"turns":3.0},{"damage":0.0,"enemies":"conspire:RoseBush","floor":3.0,"turns":2.0},{"damage":0.0,"enemies":"Small Slimes","floor":4.0,"turns":3.0},{"damage":0.0,"enemies":"downfall:FleeingMerchant","floor":5.0,"turns":4.0},{"damage":24.0,"enemies":"Gremlin Nob","floor":6.0,"turns":4.0},{"damage":14.0,"enemies":"Exordium Wildlife","floor":8.0,"turns":4.0},{"damage":7.0,"enemies":"downfall:FleeingMerchant","floor":9.0,"turns":4.0},{"damage":12.0,"enemies":"Replay:BlueRogue","floor":11.0,"turns":4.0},{"damage":12.0,"enemies":"The Mushroom Lair","floor":12.0,"turns":4.0},{"damage":11.0,"enemies":"conspire:2 RoseBushes","floor":13.0,"turns":4.0},{"damage":0.0,"enemies":"downfall:FleeingMerchant","floor":14.0,"turns":4.0},{"damage":0.0,"enemies":"2 Fungi Beasts","floor":15.0,"turns":3.0},{"damage":7.0,"enemies":"downfall:Defect","floor":16.0,"turns":5.0},{"damage":0.0,"enemies":"Spheric Guardian","floor":19.0,"turns":4.0},{"damage":1.0,"enemies":"downfall:FleeingMerchant","floor":20.0,"turns":4.0},{"damage":0.0,"enemies":"3 Byrds","floor":21.0,"turns":3.0},{"damage":18.0,"enemies":"Nightmare","floor":26.0,"turns":6.0},{"damage":0.0,"enemies":"Shelled Parasite and Fungi","floor":29.0,"turns":3.0},{"damage":0.0,"enemies":"Snecko","floor":32.0,"turns":4.0},{"damage":28.0,"enemies":"downfall:Ironclad","floor":33.0,"turns":6.0},{"damage":1.0,"enemies":"3 Shapes","floor":36.0,"turns":2.0},{"damage":0.0,"enemies":"3 Darklings","floor":37.0,"turns":5.0},{"damage":0.0,"enemies":"2 Orb Walkers","floor":38.0,"turns":2.0},{"damage":0.0,"enemies":"Sphere and 2 Shapes","floor":39.0,"turns":3.0},{"damage":0.0,"enemies":"Giant Head","floor":40.0,"turns":7.0},{"damage":7.0,"enemies":"infinitespire:Three Voidlings","floor":42.0,"turns":4.0},{"damage":26.0,"enemies":"Nightmare_Alpha","floor":42.0,"turns":9.0},{"damage":0,"enemies":"Writhing Mass","floor":44,"turns":5},{"damage":4,"enemies":"Maw","floor":46,"turns":6},{"damage":0,"enemies":"Sphere and 2 Shapes","floor":48,"turns":4},{"damage":0,"enemies":"Transient","floor":49,"turns":5},{"damage":0,"enemies":"downfall:Silent","floor":50,"turns":9}],"seed_played":"-2363956097432595129","potions_obtained":[{"floor":3.0,"key":"LiquidMemories"},{"floor":6.0,"key":"hexamod:EctoCoolerPotion"},{"floor":11.0,"key":"Slimebound:ThreeZeroPotion"},{"floor":16.0,"key":"Fire Potion"},{"floor":21.0,"key":"Block Potion"},{"floor":26.0,"key":"champ:CounterPotion"},{"floor":33.0,"key":"Slimebound:ThreeZeroPotion"}],"is_trial":false,"path_per_floor":["R","M","M","M","$","E","T","M","$","?","E","?","M","$","M","B",null,"R","M","$","M","?","R","T","R","NM","?","?","M","R","?","M","B",null,"R","M","M","?","M","E","T","?","T","M","$","M","$","M","M","B",null],"character_chosen":"GUARDIAN","items_purchased":["Guardian:FloatingOrbs","Guardian:SentryBeam","Replay:Wax Seal","Guardian:SentryBeam","Lantern","Guardian:TimeSifter","Bottled Lightning"],"campfire_rested":0,"item_purchase_floors":[5,9,20,20,20,45,47],"current_hp_per_floor":[88,88,88,88,88,64,64,50,43,43,31,19,8,8,8,1,88,88,88,87,87,87,87,87,97,79,79,79,79,79,79,79,51,98,98,98,98,98,98,98,98,80,80,91,94,100,100,104,107,107,107,107,107],"gold":241,"neow_bonus":"TEN_PERCENT_HP_BONUS","is_daily":false,"chose_seed":false,"campfire_upgraded":0,"win_rate":0.0,"timestamp":1609990664,"path_taken":["R","M","M","M","$","E","T","M","?","?","E","?","?","$","M","BOSS","R","M","$","M","?","R","T","R","NM","?","?","M","R","?","M","BOSS","R","M","M","?","M","E","T","?","?","?","?","M","$","M","M","BOSS"],"items_purchased_type":["Card","Card","Relic","Card","Relic","Card","Relic"],"build_version":"2020-12-22","purchased_purges":0,"victory":false,"max_hp_per_floor":[88,88,88,88,88,88,88,88,88,88,88,88,88,88,88,88,88,88,88,88,88,88,88,88,98,98,98,98,98,98,98,98,98,98,98,98,98,98,98,98,98,101,101,104,107,107,107,107,107,107,107,107,107],"card_choices":[{"not_picked":["Guardian:Reroute","Guardian:BronzeArmor"],"picked":"Guardian:Incinerate","floor":2.0},{"not_picked":["Guardian:Gem_Red","Guardian:CrystalBeam"],"picked":"Guardian:PrismaticBeam","floor":3.0},{"not_picked":["Guardian:ShieldSpikes","Guardian:RefractedBeam"],"picked":"Guardian:DonusPower","floor":4.0},{"not_picked":["Guardian:Reroute","Guardian:Gem_Green"],"picked":"Guardian:ChargeUp","floor":5.0},{"not_picked":["Guardian:Reroute","Guardian:PrimingBeam","Guardian:PiercingHide"],"picked":"SKIP","floor":6.0},{"not_picked":["Guardian:Gem_Lightblue","Guardian:VentSteam","Guardian:Suspension"],"picked":"SKIP","floor":8.0},{"not_picked":["Guardian:ChargeUp","Guardian:StasisField"],"picked":"Guardian:RevengeProtocol","floor":9.0},{"not_picked":["Guardian:VentSteam","Guardian:PrismaticBarrier"],"picked":"Guardian:DonusPower","floor":11.0},{"not_picked":["Guardian:Gem_Cyan","Guardian:BronzeArmor"],"picked":"Guardian:EvasiveProtocol","floor":13.0},{"not_picked":["Guardian:WalkerClaw","Guardian:TimeSifter"],"picked":"Guardian:Planning","floor":14.0},{"not_picked":["Guardian:TemporalStrike","Guardian:ShieldCharger"],"picked":"Guardian:BronzeArmor","floor":15.0},{"not_picked":["Guardian:BaubleBeam","Guardian:Gem_Synthetic"],"picked":"Guardian:SphericShield","floor":16.0},{"not_picked":["Guardian:Gem_Fragmented","Guardian:SentryBeam"],"picked":"Guardian:BronzeOrb","floor":19.0},{"not_picked":["Guardian:WalkerClaw","Guardian:ConstructionForm"],"picked":"Guardian:Gem_Blue","floor":20.0},{"not_picked":["Guardian:ChargeCore+1","Guardian:Gem_Cyan"],"picked":"Guardian:Gem_White","floor":21.0},{"not_picked":["Guardian:DonusPower","Guardian:Gem_Lightblue"],"picked":"Guardian:Suspension+1","floor":26.0},{"not_picked":["Guardian:Gem_Lightblue","Guardian:RollAttack","Guardian:Gem_Purple"],"picked":"SKIP","floor":29.0},{"not_picked":["Guardian:Gem_Crimson","Slimebound:ViciousTackle","Guardian:RollAttack"],"picked":"SKIP","floor":32.0},{"not_picked":["Guardian:AncientConstruct","Guardian:FastForward"],"picked":"Guardian:Gem_Orange","floor":33.0},{"not_picked":["hexamod:Haunted","Overencumbered"],"picked":"SnafuTest:CurseSurrender","floor":34.0},{"not_picked":["AbeCurse","Parasite"],"picked":"ReplayTheSpireMod:Restless Dread","floor":34.0},{"not_picked":["SnafuTest:CurseRiot","hexamod:Haunted"],"picked":"Sickly","floor":34.0},{"not_picked":["Guardian:Gem_Synthetic","Guardian:FastForward"],"picked":"Guardian:StasisField","floor":35.0},{"not_picked":["Guardian:ChargeCore","Guardian:ShieldSpikes+1","Guardian:Emergency+1"],"picked":"SKIP","floor":36.0},{"not_picked":["Guardian:Gem_Lightblue","Guardian:Planning"],"picked":"Guardian:BronzeOrb","floor":37.0},{"not_picked":["Guardian:ChargeCore","Guardian:StasisField"],"picked":"Guardian:Harden","floor":38.0},{"not_picked":["Guardian:Gem_Crimson","Guardian:Planning","Guardian:VentSteam+1"],"picked":"SKIP","floor":39.0},{"not_picked":["Guardian:Gem_Crimson","Guardian:PiercingHide+1","Guardian:WalkerClaw+1"],"picked":"SKIP","floor":40.0},{"not_picked":["ReplayTheSpireMod:Chaos Vortex","ReplayTheSpireMod:Black Plague"],"picked":"ReplayTheSpireMod:Book of Names","floor":42},{"not_picked":["Guardian:PiercingHide+1","Slimebound:FinishingTackle"],"picked":"Guardian:Harden+1","floor":44},{"not_picked":["Twin Strike","Guardian:Gem_Blue","Guardian:BronzeArmor"],"picked":"SKIP","floor":46},{"not_picked":["Slimebound:MassFeed","Guardian:Gem_Blue","Guardian:PrimingBeam+1"],"picked":"SKIP","floor":48},{"not_picked":["Guardian:PiercingHide+1","Guardian:Gem_Green","Guardian:WalkerClaw"],"picked":"SKIP","floor":49}],"player_experience":73294,"relics_obtained":[{"floor":6.0,"key":"Dota2Spire:CrimsonGuard"},{"floor":7.0,"key":"Guardian:PickAxe"},{"floor":11.0,"key":"Quantum Egg"},{"floor":12.0,"key":"Odd Mushroom"},{"floor":26.0,"key":"Replay:Towering Pillar of Hats"},{"floor":35.0,"key":"conspire:GiftBox"},{"floor":38.0,"key":"Lizard Tail"},{"floor":40.0,"key":"Blood Vial"},{"floor":41.0,"key":"Replay:Ringing Soul"},{"floor":42,"key":"Incense Burner"},{"floor":43,"key":"ReplayFunnel"},{"floor":51,"key":"Bag of Marbles"},{"floor":51,"key":"Dota2Spire:HandOfMidas"}],"event_choices":[{"damage_healed":0.0,"max_hp_gain":0.0,"max_hp_loss":0.0,"gold_gain":0.0,"event_name":"Mushrooms","player_choice":"Fought Mushrooms","floor":12.0,"gold_loss":0.0,"damage_taken":0.0},{"damage_healed":0.0,"max_hp_gain":0.0,"max_hp_loss":0.0,"gold_gain":0.0,"event_name":"Ghosts","player_choice":"Ignored","floor":28.0,"gold_loss":0.0,"damage_taken":0.0},{"damage_healed":0.0,"max_hp_gain":0.0,"max_hp_loss":0.0,"gold_gain":0.0,"event_name":"The Library","player_choice":"Read","floor":31.0,"gold_loss":0.0,"damage_taken":0.0,"cards_obtained":["Guardian:TimeCapacitor"]},{"damage_healed":0.0,"max_hp_gain":0.0,"max_hp_loss":0.0,"gold_gain":0.0,"event_name":"Mysterious Sphere","player_choice":"Fight","floor":38.0,"gold_loss":0.0,"damage_taken":0.0}],"is_beta":false,"boss_relics":[{"not_picked":["REME_DuelDisc","Velvet Choker"],"picked":"Fusion Hammer"},{"not_picked":["Abe\u0027s Treasure","Empty Cage"],"picked":"Replay:Ancient Bell"},{"not_picked":["Pen Nib","Dota2Spire:BladeMail"],"picked":"infinitespire:PuzzleCube"},{"not_picked":["ReplayTheSpireMod:Shallot","infinitespire:Bottled Soul"],"picked":"Snack Pack"},{"not_picked":["Replay:Multitool","Dota2Spire:DivineRapier"],"picked":"Shovel"},{"not_picked":["Painkiller Herb","Sozu"],"picked":"REME_LowDesire"}],"items_purged_floors":[],"is_endless":true,"potions_floor_spawned":[3,6,11,12,13,16,21,26,29,32,33,36,38,40,44,48,50],"ascension_level":0}}