{"host":"066y5nba5qw19k68","time":1609988359,"event":{"mods":["BaseMod","Colored Powertips","Downfall","Minty Spire (QoL Compilation)","Replay The Spire","Shop Mod","StSLib"],"gold_per_floor":[359,379,399,176,194,219,249,267,267,267,343,192,211,230,230,329,329,348,348,359,386,209,209,228,78,101,111,124,134,134,134],"floor_reached":30,"playtime":1916,"items_purged":["Strike_B","ReplayTheSpireMod:Splinters","Injury","Injury"],"score":236,"play_id":"f49eade6-5649-484f-a539-7df2d34e6c52","local_time":"20210107105919","is_ascension_mode":false,"campfire_choices":[{"data":"Pot Of Greed","floor":10,"key":"SMITH"},{"floor":15,"key":"REST"},{"data":"Beam Cell","floor":23,"key":"SMITH"}],"circlet_count":0,"master_deck":["Strike_B","Strike_B","Strike_B","Defend_B","Defend_B","Defend_B","Defend_B","Zap","Dualcast","Static Discharge","Gash","Barrage","Gash","Cold Snap","Pot Of Greed+1","Pot Of Greed","Hologram+1","FTL","Gash","Sweeping Beam","Beam Cell","Thunder Strike","Beam Cell+1","Pot Of Greed+1","Tempest+1","Leap+1","Hologram+1","Steam+1","Steam+1"],"relics":["Cracked Core","Lee\u0027s Waffle","Orichalcum","Grinning Jar","Toxic Egg 2","Dream Catcher","ChewingGum","HornCleat","Red Mask","ReplayFunnel"],"acts_visited":["Exordium","TheCity"],"potions_floor_usage":[21],"damage_taken":[{"damage":5,"enemies":"Small Slimes","floor":1,"turns":3},{"damage":12,"enemies":"2 Louse","floor":2,"turns":3},{"damage":1,"enemies":"Jaw Worm","floor":3,"turns":3},{"damage":5,"enemies":"Looter","floor":5,"turns":3},{"damage":34,"enemies":"3 Sentries","floor":6,"turns":7},{"damage":6,"enemies":"2 Fungi Beasts","floor":8,"turns":4},{"damage":0,"enemies":"Exordium Wildlife","floor":13,"turns":2},{"damage":4,"enemies":"Blue Slaver","floor":14,"turns":3},{"damage":36,"enemies":"The Guardian","floor":16,"turns":10},{"damage":4,"enemies":"Shell Parasite","floor":18,"turns":5},{"damage":1,"enemies":"Chosen","floor":20,"turns":4},{"damage":25,"enemies":"Masked Bandits","floor":21,"turns":6},{"damage":8,"enemies":"3 Cultists","floor":24,"turns":4},{"damage":7,"enemies":"Shelled Parasite and Fungi","floor":27,"turns":4},{"damage":13,"enemies":"Snake Plant","floor":28,"turns":5},{"damage":3,"enemies":"3 Cultists","floor":29,"turns":6},{"damage":23,"enemies":"Gremlin Leader","floor":30,"turns":9}],"seed_played":"-2370950275220460283","potions_obtained":[{"floor":3,"key":"LifebloodPotion"},{"floor":5,"key":"Guardian:BlockOnCardUsePotion"},{"floor":8,"key":"SkillPotion"},{"floor":21,"key":"Languid Potion"},{"floor":24,"key":"Swift Potion"}],"is_trial":false,"path_per_floor":["M","M","M","$","M","E","?","M","T","R","?","$","M","M","R","B",null,"M","?","M","?","$","R","M","$","T","M","M","M","E"],"character_chosen":"DEFECT","items_purchased":["Lee\u0027s Waffle","Gash","Leap+1"],"campfire_rested":1,"item_purchase_floors":[4,12,22],"current_hp_per_floor":[70,58,57,82,77,43,43,37,37,37,37,37,37,33,57,21,82,78,78,77,52,52,52,44,44,44,37,24,21,0,0],"gold":134,"neow_bonus":"TWO_FIFTY_GOLD","is_daily":false,"chose_seed":false,"campfire_upgraded":2,"win_rate":0.0,"timestamp":1609988359,"path_taken":["M","M","M","$","M","E","?","M","T","R","?","$","M","M","R","BOSS","M","?","M","?","?","R","M","$","T","M","M","M","E"],"items_purchased_type":["Relic","Card","Card"],"build_version":"2020-12-22","purchased_purges":4,"victory":false,"max_hp_per_floor":[75,75,75,82,82,82,82,82,82,82,82,82,82,82,82,82,82,82,82,82,82,82,82,82,82,82,82,82,82,82,82],"card_choices":[{"not_picked":["Conserve Battery","Stack"],"picked":"Static Discharge","floor":1},{"not_picked":["Sweeping Beam","BasicCrystalCard"],"picked":"Gash","floor":2},{"not_picked":["Streamline","Crystallizer"],"picked":"Barrage","floor":3},{"not_picked":["Coolheaded","Fusion"],"picked":"Gash","floor":5},{"not_picked":["Compile Driver","Redo"],"picked":"Cold Snap","floor":6},{"not_picked":["Chaos","Lockon","BasicCrystalCard"],"picked":"SKIP","floor":8},{"not_picked":["Stack+1","Conserve Battery+1"],"picked":"Hologram+1","floor":11},{"not_picked":["Chill+1","Redo+1"],"picked":"FTL","floor":11},{"not_picked":["Ball Lightning","Multi-Cast+1"],"picked":"Sweeping Beam","floor":13},{"not_picked":["BasicCrystalCard+1","Sweeping Beam","FIFO Queue"],"picked":"SKIP","floor":14},{"not_picked":["Redo+1","FTL"],"picked":"Beam Cell","floor":15},{"not_picked":["Rainbow+1","Mirror Shield+1"],"picked":"Thunder Strike","floor":16},{"not_picked":["Time Bomb+1","Barrage"],"picked":"Beam Cell","floor":18},{"not_picked":["Conserve Battery+1","Genetic Algorithm+1","Beam Cell"],"picked":"SKIP","floor":20},{"not_picked":["Ball Lightning+1","Reinforced Body+1"],"picked":"Tempest+1","floor":21},{"not_picked":["Panic Button+1","Gash","Sweeping Beam"],"picked":"SKIP","floor":24},{"not_picked":["Leap+1","Melter"],"picked":"Hologram+1","floor":27},{"not_picked":["Gash+1","Sweeping Beam+1"],"picked":"Steam+1","floor":28},{"not_picked":["Compile Driver","Sweeping Beam"],"picked":"Steam+1","floor":29}],"player_experience":73107,"relics_obtained":[{"floor":6,"key":"Orichalcum"},{"floor":9,"key":"Toxic Egg 2"},{"floor":11,"key":"Dream Catcher"},{"floor":21,"key":"Red Mask"},{"floor":26,"key":"ReplayFunnel"}],"event_choices":[{"damage_healed":0,"gold_gain":30,"player_choice":"Searched \u00273\u0027 times","damage_taken":0,"relics_obtained":["Grinning Jar"],"max_hp_gain":0,"max_hp_loss":0,"event_name":"Dead Adventurer","floor":7,"gold_loss":0},{"damage_healed":0,"gold_gain":0,"player_choice":"Fought Bandits","damage_taken":0,"max_hp_gain":0,"max_hp_loss":0,"event_name":"Masked Bandits","floor":21,"gold_loss":0}],"is_beta":false,"boss_relics":[{"not_picked":["Runic Dome","Coffee Dripper"],"picked":"ChewingGum"}],"items_purged_floors":[4,12,22,25],"is_endless":false,"potions_floor_spawned":[3,5,8,13,20,21,24],"killed_by":"Gremlin Leader","ascension_level":0}}