{"host":"oy4pyvr762z5n0bb","time":1609994996,"event":{"mods":["AchievementEnabler","BaseMod","Colored Map","Colored Powertips","Googly Eyes","Key Reminder","Minty Spire (QoL Compilation)","Quick Restart","Relic Sorter","StSLib","SuperFastMode","Unceasing Turn Reminder","slay the spire mod where everything is the same but ironclad has a cowboy hat"],"gold_per_floor":[116,191,36,47,60,60,60,89,89,108,139,139,151,206,206,310,310,235,235,235,74,74,74,74,74,74,74,74,74,74,74,74,74,74,74,74,74,74,74,74,74,74],"floor_reached":41,"playtime":1559,"items_purged":["Strike_P"],"score":522,"play_id":"a3d14c3a-7c94-46b2-b3e4-e625326f639e","local_time":"20210106204956","is_ascension_mode":true,"campfire_choices":[{"data":"Eruption","floor":6,"key":"SMITH"},{"floor":12,"key":"REST"},{"data":"ThirdEye","floor":15,"key":"SMITH"},{"data":"Establishment","floor":23,"key":"SMITH"},{"data":"Halt","floor":25,"key":"SMITH"},{"floor":30,"key":"REST"},{"floor":32,"key":"REST"},{"floor":40,"key":"REST"}],"circlet_count":0,"master_deck":["Strike_P","Strike_P","Strike_P","Defend_P","Defend_P","Defend_P","Defend_P","Eruption+1","Vigilance","Weave","FollowUp","Meditate","EmptyFist","Evaluate+1","Halt+1","ThirdEye+1","Establishment+1","SashWhip","Wireheading","Protect+1","JustLucky+1","Weave","FlurryOfBlows","Consecrate","Sanctity+1","DevaForm","CutThroughFate+1","WindmillStrike+1","Writhe"],"relics":["PureWater","NeowsBlessing","PreservedInsect","Mummified Hand","Ancient Tea Set","Thread and Needle","Potion Belt","keyreminder:keyreminder","Ectoplasm","War Paint","CeramicFish","Philosopher\u0027s Stone"],"acts_visited":["Exordium","TheCity","TheBeyond"],"potions_floor_usage":[14,16,18,33,33,33,33,41,41,41],"damage_taken":[{"damage":0,"enemies":"2 Louse","floor":1,"turns":1},{"damage":0,"enemies":"Small Slimes","floor":4,"turns":1},{"damage":0,"enemies":"Jaw Worm","floor":5,"turns":1},{"damage":10,"enemies":"Gremlin Nob","floor":8,"turns":3},{"damage":9,"enemies":"2 Fungi Beasts","floor":10,"turns":3},{"damage":15,"enemies":"3 Sentries","floor":11,"turns":5},{"damage":3,"enemies":"Red Slaver","floor":13,"turns":4},{"damage":0,"enemies":"Lagavulin","floor":14,"turns":2},{"damage":2,"enemies":"Hexaghost","floor":16,"turns":11},{"damage":0,"enemies":"2 Thieves","floor":18,"turns":4},{"damage":0,"enemies":"Spheric Guardian","floor":22,"turns":5},{"damage":3,"enemies":"Centurion and Healer","floor":24,"turns":8},{"damage":43,"enemies":"Slavers","floor":27,"turns":5},{"damage":24,"enemies":"3 Cultists","floor":29,"turns":6},{"damage":0,"enemies":"Cultist and Chosen","floor":31,"turns":7},{"damage":32,"enemies":"Collector","floor":33,"turns":11},{"damage":8,"enemies":"Orb Walker","floor":35,"turns":6},{"damage":39,"enemies":"3 Shapes","floor":37,"turns":4},{"damage":69,"enemies":"Giant Head","floor":41,"turns":8}],"seed_played":"-8195838255324609116","potions_obtained":[{"floor":1,"key":"ColorlessPotion"},{"floor":4,"key":"Swift Potion"},{"floor":5,"key":"BottledMiracle"},{"floor":14,"key":"Dexterity Potion"},{"floor":18,"key":"LiquidBronze"},{"floor":22,"key":"FearPotion"},{"floor":24,"key":"LiquidMemories"},{"floor":33,"key":"LiquidBronze"},{"floor":35,"key":"EntropicBrew"}],"is_trial":false,"path_per_floor":["M","?","$","M","M","R","?","E","T","M","E","R","M","E","R","B",null,"M","?","?","$","M","R","M","R","T","E","?","M","R","M","R","B",null,"M","?","M","?","$","R","E"],"character_chosen":"WATCHER","items_purchased":["PreservedInsect","Wireheading","Protect"],"campfire_rested":4,"item_purchase_floors":[3,21,21],"current_hp_per_floor":[72,61,61,61,61,61,61,51,51,42,27,48,45,45,45,43,72,72,72,72,72,72,72,69,69,69,26,26,2,23,23,44,12,72,64,64,25,43,43,64,0,0],"gold":74,"neow_bonus":"THREE_ENEMY_KILL","is_daily":false,"chose_seed":false,"campfire_upgraded":4,"win_rate":0.0,"timestamp":1609994996,"path_taken":["M","?","$","M","M","R","?","E","T","M","E","R","M","E","R","BOSS","M","?","?","$","?","R","M","R","T","E","?","M","R","M","R","BOSS","M","?","M","?","$","R","E"],"items_purchased_type":["Relic","Card","Card"],"build_version":"2020-12-22","purchased_purges":1,"victory":false,"max_hp_per_floor":[72,72,72,72,72,72,72,72,72,72,72,72,72,72,72,72,72,72,72,72,72,72,72,72,72,72,72,72,72,72,72,72,72,72,72,72,72,72,72,72,72,72],"card_choices":[{"not_picked":["WaveOfTheHand","ThirdEye"],"picked":"Weave","floor":1},{"not_picked":["ThirdEye","Pray"],"picked":"FollowUp","floor":4},{"not_picked":["ClearTheMind","Vengeance"],"picked":"Meditate","floor":5},{"not_picked":["Worship","Scrawl"],"picked":"EmptyFist","floor":8},{"not_picked":["ClearTheMind","Perseverance"],"picked":"Evaluate","floor":10},{"not_picked":["Study","EmptyFist"],"picked":"Halt","floor":11},{"not_picked":["Prostrate","EmptyBody"],"picked":"CrushJoints","floor":13},{"not_picked":["MentalFortress","BowlingBash"],"picked":"ThirdEye","floor":14},{"not_picked":["LessonLearned","Judgement"],"picked":"Establishment","floor":16},{"not_picked":["Crescendo","Evaluate"],"picked":"SashWhip","floor":18},{"not_picked":["CutThroughFate","Evaluate+1"],"picked":"JustLucky+1","floor":22},{"not_picked":["SignatureMove","Prostrate"],"picked":"Weave","floor":24},{"not_picked":["CrushJoints","Study+1"],"picked":"FlurryOfBlows","floor":27},{"not_picked":["Prostrate","FlurryOfBlows"],"picked":"Consecrate","floor":29},{"not_picked":["WheelKick","ForeignInfluence+1"],"picked":"Sanctity+1","floor":31},{"not_picked":["LessonLearned","MasterReality"],"picked":"DevaForm","floor":33},{"not_picked":["FlurryOfBlows+1","JustLucky+1"],"picked":"CutThroughFate+1","floor":35},{"not_picked":["ClearTheMind+1","FlyingSleeves"],"picked":"WindmillStrike+1","floor":37}],"player_experience":715491,"relics_obtained":[{"floor":8,"key":"Mummified Hand"},{"floor":9,"key":"Ancient Tea Set"},{"floor":11,"key":"Thread and Needle"},{"floor":14,"key":"Potion Belt"},{"floor":26,"key":"War Paint"},{"floor":27,"key":"CeramicFish"}],"event_choices":[{"damage_healed":0,"gold_gain":75,"player_choice":"Gather Gold","damage_taken":11,"max_hp_gain":0,"max_hp_loss":0,"event_name":"World of Goop","floor":2,"gold_loss":0},{"damage_healed":0,"gold_gain":0,"player_choice":"Searched \u00271\u0027 times","damage_taken":0,"max_hp_gain":0,"max_hp_loss":0,"event_name":"Dead Adventurer","floor":7,"gold_loss":0},{"damage_healed":0,"gold_gain":0,"player_choice":"Ignored","damage_taken":0,"max_hp_gain":0,"max_hp_loss":0,"event_name":"Vampires","floor":19,"gold_loss":0},{"damage_healed":0,"gold_gain":0,"player_choice":"Leave","damage_taken":0,"max_hp_gain":0,"max_hp_loss":0,"event_name":"FaceTrader","floor":20,"gold_loss":0},{"damage_healed":0,"gold_gain":0,"player_choice":"Ignored","damage_taken":0,"max_hp_gain":0,"max_hp_loss":0,"event_name":"Ghosts","floor":28,"gold_loss":0},{"cards_removed":["CrushJoints"],"damage_healed":0,"gold_gain":0,"player_choice":"Removed Attack","damage_taken":0,"max_hp_gain":0,"max_hp_loss":0,"event_name":"Falling","floor":36,"gold_loss":0},{"damage_healed":18,"gold_gain":0,"player_choice":"Writhe","damage_taken":0,"max_hp_gain":0,"max_hp_loss":0,"event_name":"Winding Halls","floor":38,"gold_loss":0,"cards_obtained":["Writhe"]}],"is_beta":false,"boss_relics":[{"not_picked":["Velvet Choker","Cursed Key"],"picked":"Ectoplasm"},{"not_picked":["Calling Bell","Snecko Eye"],"picked":"Philosopher\u0027s Stone"}],"items_purged_floors":[21],"is_endless":false,"potions_floor_spawned":[1,4,5,14,18,22,24,33,35],"killed_by":"Giant Head","ascension_level":3}}