{"host":"aaqofma31c3gm2hj","time":1609993553,"event":{"mods":["BaseMod","Minty Spire (QoL Compilation)","Replay The Spire","Spicy Shops","StSLib"],"gold_per_floor":[112,37,37,37,57,82,102,120,143,143,143,157,210,101,101,172,172,189,223,223,243,255,255,287,287,312,312,312],"floor_reached":27,"playtime":845,"items_purged":["Strike_G"],"score":682,"play_id":"dcd15ca9-107c-4eb4-9e4d-c903d2cfd0d1","local_time":"20210107122553","is_ascension_mode":true,"campfire_choices":[{"data":"Tactician","floor":10.0,"key":"SMITH"},{"data":"Prepared","floor":15.0,"key":"SMITH"},{"data":"Concentrate","floor":23.0,"key":"SMITH"},{"data":"Hidden Blade","floor":25.0,"key":"SMITH"}],"circlet_count":0,"master_deck":["AscendersBane","Strike_G","Strike_G","Strike_G","Defend_G","Defend_G","Defend_G","Defend_G","Defend_G","Survivor","Neutralize","Eviscerate","Tactician+1","Terror","Concentrate+1","Backflip","Prepared+1","Acrobatics","Hidden Blade+1","Venomology","Acrobatics"],"relics":["Ring of the Snake","NeowsBlessing","Ancient Tea Set","Smiling Mask","Vajra","Replay:Wax Seal","BargainBundle","Replay:Bronze Core","Red Mask","Nloth\u0027s Gift","Shuriken","Oddly Smooth Stone"],"acts_visited":["Exordium","TheCity"],"potions_floor_usage":[],"damage_taken":[{"damage":0.0,"enemies":"2 Louse","floor":1.0,"turns":1.0},{"damage":0.0,"enemies":"Small Slimes","floor":5.0,"turns":1.0},{"damage":0.0,"enemies":"3 Sentries","floor":6.0,"turns":1.0},{"damage":1.0,"enemies":"Jaw Worm","floor":7.0,"turns":3.0},{"damage":4.0,"enemies":"Gremlin Gang","floor":8.0,"turns":5.0},{"damage":6.0,"enemies":"3 Louse","floor":12.0,"turns":4.0},{"damage":20.0,"enemies":"Lagavulin","floor":13.0,"turns":7.0},{"damage":0.0,"enemies":"Slime Boss","floor":16.0,"turns":4.0},{"damage":0.0,"enemies":"2 Thieves","floor":18.0,"turns":3.0},{"damage":0.0,"enemies":"Masked Bandits","floor":19.0,"turns":3.0},{"damage":2.0,"enemies":"Shell Parasite","floor":21.0,"turns":2.0},{"damage":0.0,"enemies":"3 Cultists","floor":22.0,"turns":4.0},{"damage":11.0,"enemies":"Slavers","floor":24.0,"turns":6.0},{"damage":0,"enemies":"Cultist and Chosen","floor":27,"turns":1}],"seed_played":"6118274011261876539","potions_obtained":[{"floor":5.0,"key":"ColorlessPotion"},{"floor":6.0,"key":"Fruit Juice"},{"floor":12.0,"key":"FearPotion"},{"floor":13.0,"key":"ColorlessPotion"},{"floor":21.0,"key":"BlessingOfTheForge"},{"floor":24.0,"key":"LifebloodPotion"}],"is_trial":false,"path_per_floor":["M","?","$","?","M","E","M","M","T","R","T","M","E","$","R","B",null,"M","?","?","M","M","R","E","R","T","M"],"character_chosen":"THE_SILENT","items_purchased":["BargainBundle","Acrobatics","Fire Potion","Hidden Blade"],"campfire_rested":0,"item_purchase_floors":[14,14,14,14],"current_hp_per_floor":[59,59,59,41,41,41,40,36,36,36,36,35,15,15,15,15,57,57,57,57,55,55,55,44,44,44,44,44],"gold":312,"neow_bonus":"THREE_ENEMY_KILL","is_daily":false,"chose_seed":false,"campfire_upgraded":4,"win_rate":0.0,"timestamp":1609993553,"path_taken":["M","?","$","?","M","E","M","M","T","R","?","?","E","$","R","BOSS","M","?","?","M","M","R","E","R","T","M"],"items_purchased_type":["Relic","Card","Potion","Card"],"build_version":"2020-12-22","purchased_purges":1,"victory":false,"max_hp_per_floor":[66,66,66,66,66,66,66,66,66,66,66,71,71,71,71,71,71,71,71,71,71,71,71,71,71,71,71,71],"card_choices":[{"not_picked":["Bane","Replay:Poison Smokescreen"],"picked":"Eviscerate","floor":1.0},{"not_picked":["Flying Knee","Dodge and Roll"],"picked":"Tactician","floor":5.0},{"not_picked":["Deadly Poison","Fluid Movement"],"picked":"Terror","floor":6.0},{"not_picked":["Noxious Fumes","Deflect"],"picked":"Concentrate","floor":7.0},{"not_picked":["PiercingWail","Endless Agony"],"picked":"Backflip","floor":8.0},{"not_picked":["Concentrate","Heel Hook","Dagger Spray"],"picked":"SKIP","floor":12.0},{"not_picked":["Atom Bomb","Deflect"],"picked":"Prepared","floor":13.0},{"not_picked":["Glass Knife","Poison Darts"],"picked":"Venomology","floor":16.0},{"not_picked":["Dagger Spray+1","Prepared","Infinite Blades"],"picked":"SKIP","floor":18.0},{"not_picked":["Quick Slash+1","Leg Sweep+1","Choke"],"picked":"SKIP","floor":21.0},{"not_picked":["Cloak And Dagger+1","Blade Dance"],"picked":"Acrobatics","floor":22.0},{"not_picked":["Quick Slash","Poisoned Stab","Slice"],"picked":"SKIP","floor":24.0}],"player_experience":563032,"relics_obtained":[{"floor":6.0,"key":"Smiling Mask"},{"floor":9.0,"key":"Nunchaku"},{"floor":11.0,"key":"Vajra"},{"floor":13.0,"key":"Replay:Wax Seal"},{"floor":19.0,"key":"Red Mask"},{"floor":24.0,"key":"Shuriken"},{"floor":26.0,"key":"Oddly Smooth Stone"}],"event_choices":[{"cards_removed":["Strike_G"],"damage_healed":0.0,"max_hp_gain":0.0,"max_hp_loss":0.0,"gold_gain":0.0,"event_name":"The Cleric","player_choice":"Card Removal","floor":2.0,"gold_loss":75.0,"damage_taken":0.0},{"damage_healed":0.0,"max_hp_gain":0.0,"max_hp_loss":0.0,"gold_gain":0.0,"event_name":"Scrap Ooze","player_choice":"Success","floor":4.0,"gold_loss":0.0,"damage_taken":18.0,"relics_obtained":["Ancient Tea Set"]},{"damage_healed":0.0,"max_hp_gain":0.0,"max_hp_loss":0.0,"gold_gain":0.0,"event_name":"Masked Bandits","player_choice":"Fought Bandits","floor":19.0,"gold_loss":0.0,"damage_taken":0.0},{"damage_healed":0.0,"max_hp_gain":0.0,"max_hp_loss":0.0,"gold_gain":0.0,"event_name":"N\u0027loth","player_choice":"Traded Relic","floor":20.0,"relics_lost":["Nunchaku"],"gold_loss":0.0,"damage_taken":0.0,"relics_obtained":["Nloth\u0027s Gift"]}],"is_beta":false,"boss_relics":[{"not_picked":["Snecko Scales","SacredBark"],"picked":"Replay:Bronze Core"}],"items_purged_floors":[14],"is_endless":false,"potions_floor_spawned":[5,6,12,13,21,24],"killed_by":"Cultist and Chosen","ascension_level":20}}