{"host":"ig7tc0uedzltt2sr","time":1609980888,"event":{"mods":["BaseMod","Better Twitch Integration","Block Reminder","Colored Map","Colored Powertips","Communication Mod","Current Relic Mod","GifTheSpireLib","HexUI Lib","Minty Spire (QoL Compilation)","Quick Restart","Random Character Button","Rare Cards Sparkle","Relic Sorter","Relic Stats","Slay the Relics Exporter","StSLib","SuperFastMode","Synergy Search","Twitch Decklist","Twitch Utils","everything is the same but u backflip on backflip","slay the spire mod where everything is the same but ironclad has a cowboy hat"],"gold_per_floor":[114,133,145,161,161,161,172,172,172,190,150,169,169,204,204,204,204],"floor_reached":16,"playtime":152,"items_purged":[],"score":104,"play_id":"c754f66f-f582-4290-8062-97ad7c868a37","local_time":"20210106165448","is_ascension_mode":false,"campfire_choices":[{"floor":6,"key":"REST"},{"floor":8,"key":"REST"},{"floor":13,"key":"REST"},{"floor":15,"key":"REST"}],"circlet_count":0,"master_deck":["Strike_R","Strike_R","Strike_R","Strike_R","Strike_R","Defend_R","Defend_R","Defend_R","Defend_R","Bash","Clothesline","Entrench","Feel No Pain","Entrench","Carnage","Dual Wield","Iron Wave","Clash"],"relics":["Mark of Pain","Mercury Hourglass"],"acts_visited":["Exordium"],"potions_floor_usage":[],"damage_taken":[{"damage":5,"enemies":"Cultist","floor":1,"turns":4},{"damage":29,"enemies":"Jaw Worm","floor":2,"turns":9},{"damage":10,"enemies":"Small Slimes","floor":3,"turns":5},{"damage":13,"enemies":"Blue Slaver","floor":4,"turns":5},{"damage":36,"enemies":"Large Slime","floor":7,"turns":12},{"damage":0,"enemies":"2 Fungi Beasts","floor":10,"turns":1},{"damage":2,"enemies":"3 Louse","floor":12,"turns":4},{"damage":79,"enemies":"3 Sentries","floor":14,"turns":15},{"damage":32,"enemies":"Hexaghost","floor":16,"turns":9}],"seed_played":"1068232738430877652","potions_obtained":[{"floor":1,"key":"SpeedPotion"},{"floor":4,"key":"FearPotion"},{"floor":7,"key":"ColorlessPotion"},{"floor":10,"key":"AttackPotion"},{"floor":11,"key":"ElixirPotion"},{"floor":11,"key":"FairyPotion"},{"floor":12,"key":"SteroidPotion"}],"is_trial":false,"path_per_floor":["M","M","M","M","$","R","M","R","T","M","?","M","R","E","R","B"],"character_chosen":"IRONCLAD","items_purchased":[],"campfire_rested":4,"item_purchase_floors":[],"current_hp_per_floor":[75,46,36,23,23,47,11,35,35,35,35,33,57,7,31,0,0],"gold":204,"neow_bonus":"BOSS_RELIC","is_daily":false,"chose_seed":false,"campfire_upgraded":0,"win_rate":0.0,"timestamp":1609980888,"path_taken":["M","M","M","M","$","R","M","R","T","M","?","M","R","E","R","BOSS"],"items_purchased_type":[],"build_version":"2020-12-22","purchased_purges":0,"victory":false,"max_hp_per_floor":[80,80,80,80,80,80,80,80,80,80,80,80,80,80,80,80,80],"relic_stats":{"counters":[9,64],"obtain_stats":[{"Mark of Pain":0,"Burning Blood":0,"Mercury Hourglass":14},{"Mark of Pain":0,"Burning Blood":0,"Mercury Hourglass":8},{"Mark of Pain":0,"Burning Blood":0,"Mercury Hourglass":55}],"Mercury Hourglass":[24]},"card_choices":[{"not_picked":["Carnage","Blood for Blood"],"picked":"Clothesline","floor":1},{"not_picked":["Clash","Second Wind"],"picked":"Entrench","floor":2},{"not_picked":["Sever Soul","Body Slam"],"picked":"Feel No Pain","floor":3},{"not_picked":["Havoc","Sword Boomerang"],"picked":"Entrench","floor":4},{"not_picked":["Warcry","Clothesline"],"picked":"Carnage","floor":7},{"not_picked":["Cleave","Disarm"],"picked":"Dual Wield","floor":10},{"not_picked":["Sword Boomerang","Shockwave"],"picked":"Iron Wave","floor":12},{"not_picked":["Twin Strike","Sword Boomerang"],"picked":"Clash","floor":14}],"player_experience":1434068,"relics_obtained":[{"floor":14,"key":"Mercury Hourglass"}],"event_choices":[{"damage_healed":0,"gold_gain":0,"player_choice":"Bought 3 Potions","damage_taken":0,"max_hp_gain":0,"max_hp_loss":0,"event_name":"The Woman in Blue","floor":11,"gold_loss":0}],"is_beta":false,"boss_relics":[],"items_purged_floors":[],"is_endless":false,"potions_floor_spawned":[1,4,7,10,12],"killed_by":"Hexaghost","ascension_level":0}}