{"host":"sav7uxregyirlf69","time":1609992125,"event":{"mods":["AchievementEnabler","BaseMod","Colored Map","DeckTracker","Keyboard Shortcuts","Minty Spire (QoL Compilation)","READ ME - Guardian Mod","StSLib","SuperFastMode"],"gold_per_floor":[313,331,13,25,39,39,56,56,56,56,56,72,72,86,86,157,157,170,184,184,195,209,209,209,209],"floor_reached":24,"playtime":399,"items_purged":["Strike_R"],"score":384,"play_id":"0bce94dc-93a5-4b3b-9321-e24005ecb164","local_time":"20210107130205","is_ascension_mode":true,"campfire_choices":[{"data":"Pommel Strike","floor":6.0,"key":"SMITH"},{"data":"Infernal Blade","floor":8.0,"key":"SMITH"},{"data":"Bash","floor":10.0,"key":"SMITH"},{"data":"Demon Form","floor":13.0,"key":"SMITH"},{"floor":15.0,"key":"REST"},{"data":"Evolve","floor":23,"key":"SMITH"}],"circlet_count":0,"master_deck":["AscendersBane","Strike_R","Strike_R","Strike_R","Strike_R","Defend_R","Defend_R","Defend_R","Defend_R","Bash+1","Pommel Strike+1","Second Wind","Twin Strike","Infernal Blade+1","Demon Form+1","Flame Barrier","Reaper","Evolve+1","Sword Boomerang","Power Through","Warcry"],"relics":["Burning Blood","Old Coin","Centennial Puzzle","The Courier","Philosopher\u0027s Stone"],"acts_visited":["Exordium","TheCity"],"potions_floor_usage":[24],"damage_taken":[{"damage":7.0,"enemies":"2 Louse","floor":1.0,"turns":4.0},{"damage":1.0,"enemies":"Cultist","floor":2.0,"turns":3.0},{"damage":7.0,"enemies":"Small Slimes","floor":4.0,"turns":5.0},{"damage":10.0,"enemies":"Looter","floor":5.0,"turns":4.0},{"damage":6.0,"enemies":"2 Fungi Beasts","floor":7.0,"turns":4.0},{"damage":17.0,"enemies":"3 Louse","floor":12.0,"turns":3.0},{"damage":51.0,"enemies":"Gremlin Gang","floor":14.0,"turns":6.0},{"damage":29.0,"enemies":"Slime Boss","floor":16.0,"turns":9.0},{"damage":48.0,"enemies":"2 Thieves","floor":18.0,"turns":4.0},{"damage":0.0,"enemies":"3 Byrds","floor":19.0,"turns":3.0},{"damage":12,"enemies":"Centurion and Healer","floor":21,"turns":4},{"damage":33,"enemies":"Snake Plant","floor":22,"turns":5},{"damage":37,"enemies":"Gremlin Leader","floor":24,"turns":3}],"seed_played":"7858767003235066714","potions_obtained":[{"floor":1.0,"key":"DuplicationPotion"},{"floor":4.0,"key":"GamblersBrew"},{"floor":12.0,"key":"FearPotion"},{"floor":18.0,"key":"Fire Potion"},{"floor":19.0,"key":"SpeedPotion"}],"is_trial":false,"path_per_floor":["M","M","$","M","M","R","M","R","T","R","?","M","R","M","R","B",null,"M","M","?","M","M","R","E"],"character_chosen":"IRONCLAD","items_purchased":["Second Wind","Centennial Puzzle"],"campfire_rested":1,"item_purchase_floors":[3,3],"current_hp_per_floor":[67,72,72,71,67,67,67,67,67,67,67,56,56,11,33,10,59,31,43,43,57,30,30,0,0],"gold":209,"neow_bonus":"ONE_RARE_RELIC","is_daily":false,"chose_seed":false,"campfire_upgraded":5,"win_rate":0.0,"timestamp":1609992125,"path_taken":["M","M","$","M","M","R","M","R","T","R","?","M","R","?","R","BOSS","M","?","?","?","M","R","E"],"items_purchased_type":["Card","Relic"],"build_version":"2020-12-22","purchased_purges":1,"victory":false,"max_hp_per_floor":[75,75,75,75,75,75,75,75,75,75,75,75,75,75,75,75,75,75,75,75,75,75,75,75,75],"card_choices":[{"not_picked":["Shockwave","Havoc"],"picked":"Pommel Strike","floor":1.0},{"not_picked":["Sentinel","Body Slam","Clash"],"picked":"SKIP","floor":2.0},{"not_picked":["Warcry","Sword Boomerang","Pummel"],"picked":"SKIP","floor":4.0},{"not_picked":["Clothesline","Pummel"],"picked":"Twin Strike","floor":5.0},{"not_picked":["Rupture","Armaments"],"picked":"Infernal Blade","floor":7.0},{"not_picked":["Flex","Perfected Strike"],"picked":"Demon Form","floor":12.0},{"not_picked":["Sever Soul","Uppercut"],"picked":"Flame Barrier","floor":14.0},{"not_picked":["Corruption","Juggernaut"],"picked":"Reaper","floor":16.0},{"not_picked":["Iron Wave","Heavy Blade"],"picked":"Evolve","floor":18.0},{"not_picked":["Sentinel","Clothesline"],"picked":"Sword Boomerang","floor":19.0},{"not_picked":["Havoc+1","Entrench"],"picked":"Power Through","floor":21},{"not_picked":["Searing Blow+1","Iron Wave"],"picked":"Warcry","floor":22}],"player_experience":1168502,"relics_obtained":[{"floor":9.0,"key":"The Courier"}],"event_choices":[{"damage_healed":0.0,"max_hp_gain":0.0,"max_hp_loss":0.0,"gold_gain":0.0,"event_name":"Lab","player_choice":"Got Potions","floor":11.0,"gold_loss":0.0,"damage_taken":0.0},{"damage_healed":0,"gold_gain":0,"player_choice":"Leave","damage_taken":0,"max_hp_gain":0,"max_hp_loss":0,"event_name":"FaceTrader","floor":20,"gold_loss":0}],"is_beta":false,"boss_relics":[{"not_picked":["Tiny House","Pandora\u0027s Box"],"picked":"Philosopher\u0027s Stone"}],"items_purged_floors":[3],"is_endless":false,"potions_floor_spawned":[1,4,12,18,19],"killed_by":"Gremlin Leader","ascension_level":20}}