{"host":"FirstDane","time":1609991026,"event":{"mods":["BaseMod","Bestiary","Highlight Path","Minty Spire (QoL Compilation)","Relic Stats","Slay the Relics Exporter"],"gold_per_floor":[109,109,125,145,155,183,183,183,183,213,227,227,237,255,255,331,331,350,363,376,42,56,89,109,136,136,150,200,226,226,242,242,314,314,328,328,253,253,273,273,273],"floor_reached":40,"playtime":2931,"items_purged":["Strike_R"],"score":1124,"play_id":"10f8c886-f4df-4e84-a5f5-e25c94e7fe67","local_time":"20210106214346","is_ascension_mode":true,"campfire_choices":[{"data":"Apotheosis","floor":7,"key":"SMITH"},{"data":"Inflame","floor":12,"key":"SMITH"},{"data":"Disarm","floor":15,"key":"SMITH"},{"data":"Feel No Pain","floor":30,"key":"SMITH"},{"data":"Berserk","floor":32,"key":"SMITH"}],"circlet_count":0,"master_deck":["AscendersBane","Strike_R","Strike_R","Strike_R","Strike_R","Defend_R","Defend_R","Defend_R","Bash","Apotheosis+1","Inflame+1","Thunderclap","Disarm+1","Sword Boomerang","Berserk+1","Burning Pact","Headbutt","Flame Barrier","Cleave","Offering","Shrug It Off","Corruption","Shrug It Off+1","Ghostly Armor","Clothesline","Offering","Feel No Pain+1","Reaper","Uppercut","Limit Break","Heavy Blade+1","Feel No Pain+1","Inflame"],"relics":["Burning Blood","StrikeDummy","Meat on the Bone","Dream Catcher","Snecko Eye","Orrery","Ginger","MealTicket","Mercury Hourglass","Happy Flower","Mark of Pain"],"acts_visited":["Exordium","TheCity","TheBeyond"],"potions_floor_usage":[10,23,25,40],"damage_taken":[{"damage":2,"enemies":"2 Louse","floor":1,"turns":4},{"damage":0,"enemies":"Jaw Worm","floor":3,"turns":5},{"damage":3,"enemies":"Cultist","floor":4,"turns":4},{"damage":20,"enemies":"Exordium Wildlife","floor":5,"turns":6},{"damage":28,"enemies":"Gremlin Nob","floor":6,"turns":4},{"damage":0,"enemies":"Lagavulin","floor":10,"turns":4},{"damage":13,"enemies":"Red Slaver","floor":11,"turns":3},{"damage":20,"enemies":"Exordium Thugs","floor":13,"turns":3},{"damage":0,"enemies":"Exordium Wildlife","floor":14,"turns":2},{"damage":6,"enemies":"Slime Boss","floor":16,"turns":5},{"damage":0,"enemies":"3 Byrds","floor":18,"turns":3},{"damage":11,"enemies":"2 Thieves","floor":19,"turns":3},{"damage":39,"enemies":"Snecko","floor":20,"turns":8},{"damage":7,"enemies":"Centurion and Healer","floor":22,"turns":3},{"damage":21,"enemies":"Slavers","floor":23,"turns":4},{"damage":13,"enemies":"Snake Plant","floor":24,"turns":5},{"damage":24,"enemies":"Book of Stabbing","floor":25,"turns":4},{"damage":12,"enemies":"Snecko","floor":27,"turns":4},{"damage":12,"enemies":"Gremlin Leader","floor":29,"turns":3},{"damage":23,"enemies":"3 Cultists","floor":31,"turns":5},{"damage":12,"enemies":"Champ","floor":33,"turns":6},{"damage":12,"enemies":"3 Darklings","floor":35,"turns":3},{"damage":11,"enemies":"Orb Walker","floor":39,"turns":4},{"damage":86,"enemies":"Reptomancer","floor":40,"turns":2}],"seed_played":"2055166308084851882","potions_obtained":[{"floor":4,"key":"SteroidPotion"},{"floor":6,"key":"Swift Potion"},{"floor":10,"key":"Strength Potion"},{"floor":33,"key":"LiquidBronze"},{"floor":39,"key":"ColorlessPotion"}],"is_trial":false,"path_per_floor":["M","?","M","M","M","E","R","?","T","E","M","R","M","M","R","B",null,"M","M","M","$","M","E","M","E","T","M","?","E","R","M","R","B",null,"M","?","$","?","M","E"],"character_chosen":"IRONCLAD","items_purchased":["Corruption","Orrery"],"campfire_rested":0,"item_purchase_floors":[21,21],"current_hp_per_floor":[54,75,75,75,61,39,39,39,39,45,50,50,48,54,54,54,70,75,70,49,49,48,45,50,44,44,50,50,56,56,51,51,57,71,75,71,71,71,66,0,0],"gold":273,"neow_bonus":"RANDOM_COLORLESS_2","is_daily":false,"chose_seed":false,"campfire_upgraded":5,"win_rate":0.0,"timestamp":1609991026,"path_taken":["M","?","M","M","M","E","R","?","T","E","M","R","M","M","R","BOSS","M","M","M","$","M","E","M","E","T","M","?","E","R","M","R","BOSS","M","?","$","?","M","E"],"items_purchased_type":["Card","Relic"],"build_version":"2020-12-18","purchased_purges":1,"victory":false,"max_hp_per_floor":[75,75,75,75,75,75,75,75,75,75,75,75,75,75,75,75,75,75,75,75,75,75,75,75,75,75,75,75,75,75,75,75,75,75,75,71,71,71,71,71,71],"relic_stats":{"Dream Catcher":0,"Happy Flower":[6],"counters":[24,97],"Snecko Eye":[129,116,112,127],"MealTicket":0,"Ginger":[8],"obtain_stats":[{"Dream Catcher":10,"Happy Flower":29,"Snecko Eye":17,"Orrery":21,"MealTicket":25,"Mark of Pain":34,"Ginger":23,"StrikeDummy":6,"Burning Blood":0,"Meat on the Bone":9,"Mercury Hourglass":26},{"Dream Catcher":6,"Happy Flower":19,"Snecko Eye":10,"Orrery":13,"MealTicket":17,"Mark of Pain":21,"Ginger":15,"StrikeDummy":5,"Burning Blood":0,"Meat on the Bone":5,"Mercury Hourglass":17},{"Dream Catcher":27,"Happy Flower":77,"Snecko Eye":40,"Orrery":54,"MealTicket":70,"Mark of Pain":88,"Ginger":61,"StrikeDummy":23,"Burning Blood":0,"Meat on the Bone":23,"Mercury Hourglass":70}],"Burning Blood":122,"Meat on the Bone":96,"Mercury Hourglass":[123]},"card_choices":[{"not_picked":["Magnetism","Metamorphosis"],"picked":"Apotheosis","floor":0},{"not_picked":["Heavy Blade","Wild Strike"],"picked":"Inflame","floor":1},{"not_picked":["Battle Trance","Dual Wield"],"picked":"Thunderclap","floor":3},{"not_picked":["Headbutt","Bloodletting"],"picked":"Disarm","floor":4},{"not_picked":["Havoc","Sever Soul","Corruption"],"picked":"SKIP","floor":5},{"not_picked":["Warcry","Seeing Red"],"picked":"Sword Boomerang","floor":6},{"not_picked":["Thunderclap","Rage"],"picked":"Burning Pact","floor":10},{"not_picked":["Clothesline","Havoc"],"picked":"Headbutt","floor":11},{"not_picked":["Thunderclap","Metallicize"],"picked":"Flame Barrier","floor":13},{"not_picked":["Searing Blow","Rampage"],"picked":"Cleave","floor":14},{"not_picked":["Impervious","Bludgeon"],"picked":"Offering","floor":16},{"not_picked":["Body Slam","Havoc"],"picked":"Shrug It Off","floor":18},{"not_picked":["Rupture","Twin Strike","Cleave"],"picked":"SKIP","floor":19},{"not_picked":["Cleave","Whirlwind","Fire Breathing"],"picked":"SKIP","floor":20},{"not_picked":["Reckless Charge","Offering"],"picked":"Shrug It Off+1","floor":21},{"not_picked":["Twin Strike","Disarm"],"picked":"Ghostly Armor","floor":21},{"not_picked":["Reckless Charge","Perfected Strike"],"picked":"Clothesline","floor":22},{"not_picked":["Intimidate","Rage+1"],"picked":"Offering","floor":23},{"not_picked":["Clash","Perfected Strike","Fire Breathing"],"picked":"SKIP","floor":24},{"not_picked":["Clash","Perfected Strike","Fire Breathing"],"picked":"SKIP","floor":24},{"not_picked":["Perfected Strike","Shrug It Off"],"picked":"Feel No Pain","floor":25},{"not_picked":["Searing Blow","Clothesline"],"picked":"Reaper","floor":27},{"not_picked":["Anger","Clothesline"],"picked":"Uppercut","floor":29},{"not_picked":["Thunderclap","Iron Wave","True Grit"],"picked":"SKIP","floor":31},{"not_picked":["Feed","Reaper"],"picked":"Limit Break","floor":33},{"not_picked":["Spot Weakness","Clash"],"picked":"Heavy Blade+1","floor":35},{"not_picked":["Havoc","Second Wind"],"picked":"Inflame","floor":39}],"player_experience":3864007,"relics_obtained":[{"floor":6,"key":"StrikeDummy"},{"floor":9,"key":"Meat on the Bone"},{"floor":10,"key":"Dream Catcher"},{"floor":23,"key":"Ginger"},{"floor":25,"key":"MealTicket"},{"floor":26,"key":"Mercury Hourglass"},{"floor":29,"key":"Happy Flower"}],"event_choices":[{"damage_healed":25,"gold_gain":0,"player_choice":"Banana","damage_taken":0,"max_hp_gain":0,"max_hp_loss":0,"event_name":"Big Fish","floor":2,"gold_loss":0},{"damage_healed":0,"gold_gain":0,"cards_transformed":["Defend_R"],"player_choice":"Change","damage_taken":0,"max_hp_gain":0,"max_hp_loss":0,"event_name":"Living Wall","floor":8,"gold_loss":0,"cards_obtained":["Berserk"]},{"damage_healed":0,"gold_gain":50,"player_choice":"Stole From Cult","damage_taken":0,"max_hp_gain":0,"max_hp_loss":0,"event_name":"Nest","floor":28,"gold_loss":0},{"damage_healed":0,"gold_gain":0,"player_choice":"Max HP","damage_taken":0,"max_hp_gain":0,"max_hp_loss":4,"event_name":"Winding Halls","floor":36,"gold_loss":0},{"damage_healed":0,"gold_gain":0,"player_choice":"Copied","damage_taken":0,"max_hp_gain":0,"max_hp_loss":0,"event_name":"Duplicator","floor":38,"gold_loss":0,"cards_obtained":["Feel No Pain"]}],"is_beta":true,"boss_relics":[{"not_picked":["Philosopher\u0027s Stone","Ectoplasm"],"picked":"Snecko Eye"},{"not_picked":["Calling Bell","Empty Cage"],"picked":"Mark of Pain"}],"items_purged_floors":[37],"is_endless":false,"potions_floor_spawned":[4,6,10,13,14,16,18,19,33,39],"killed_by":"Reptomancer","ascension_level":20}}