{"host":"2lrkmsuh7nz013qb","time":1609984906,"event":{"mods":["BaseMod","Colored Map","DeckTracker","Minty Spire (QoL Compilation)","SuperFastMode","everything is the same but u backflip on backflip"],"gold_per_floor":[113,113,388,403,417,417,428,428,428,195,195,206,39,64,64,138,138,156,156,156,56,56,56],"floor_reached":22,"playtime":402,"items_purged":["Regret","Strike_G"],"score":414,"play_id":"fb724df4-4ff3-44fb-9517-646c8a2de92c","local_time":"20210107110146","is_ascension_mode":true,"campfire_choices":[{"data":"Dagger Spray","floor":6,"key":"SMITH"},{"data":"Catalyst","floor":8,"key":"SMITH"},{"data":"Catalyst","floor":15,"key":"SMITH"}],"circlet_count":0,"master_deck":["AscendersBane","Strike_G","Strike_G","Strike_G","Defend_G","Defend_G","Defend_G","Defend_G","Survivor","Neutralize","Dagger Spray+1","Crippling Poison","Catalyst+1","Tactician","Noxious Fumes","Catalyst+1","Escape Plan","Grand Finale","Calculated Gamble"],"relics":["Ring of the Snake","NeowsBlessing","Omamori","Eternal Feather","HoveringKite"],"acts_visited":["Exordium","TheCity"],"potions_floor_usage":[14],"damage_taken":[{"damage":0,"enemies":"Jaw Worm","floor":1,"turns":1},{"damage":0,"enemies":"Cultist","floor":4,"turns":1},{"damage":0,"enemies":"Small Slimes","floor":5,"turns":1},{"damage":6,"enemies":"2 Fungi Beasts","floor":7,"turns":3},{"damage":6,"enemies":"Exordium Wildlife","floor":12,"turns":3},{"damage":0,"enemies":"Gremlin Nob","floor":14,"turns":2},{"damage":31,"enemies":"Hexaghost","floor":16,"turns":7},{"damage":55,"enemies":"Chosen","floor":18,"turns":7},{"damage":20,"enemies":"Shell Parasite","floor":22,"turns":2}],"seed_played":"5534171852647052958","potions_obtained":[{"floor":4,"key":"FairyPotion"},{"floor":14,"key":"Explosive Potion"},{"floor":16,"key":"DuplicationPotion"}],"is_trial":false,"path_per_floor":["M","?","?","M","M","R","M","R","T","$","?","M","$","E","R","B",null,"M","?","?","$","M"],"character_chosen":"THE_SILENT","items_purchased":["Omamori","Noxious Fumes","Catalyst","Poison Potion"],"campfire_rested":0,"item_purchase_floors":[10,13,13,13],"current_hp_per_floor":[59,52,52,52,52,52,46,46,46,46,46,40,40,40,49,18,54,19,19,19,19,0,0],"gold":56,"neow_bonus":"THREE_ENEMY_KILL","is_daily":false,"chose_seed":false,"campfire_upgraded":3,"win_rate":0.0,"timestamp":1609984906,"path_taken":["M","?","?","M","?","R","M","R","T","$","?","M","$","E","R","BOSS","M","?","?","$","M"],"items_purchased_type":["Relic","Card","Card","Potion"],"build_version":"2020-12-22","purchased_purges":2,"victory":false,"max_hp_per_floor":[66,66,66,66,66,66,66,66,66,66,66,66,66,66,66,66,66,66,66,66,66,66,66],"card_choices":[{"not_picked":["Quick Slash","Bane","Acrobatics"],"picked":"SKIP","floor":1},{"not_picked":["Sucker Punch","PiercingWail"],"picked":"Dagger Spray","floor":4},{"not_picked":["Sucker Punch","Burst"],"picked":"Crippling Poison","floor":5},{"not_picked":["Dagger Spray","Blade Dance"],"picked":"Catalyst","floor":7},{"not_picked":["Distraction","Endless Agony"],"picked":"Tactician","floor":12},{"not_picked":["Wraith Form v2","PiercingWail"],"picked":"Escape Plan","floor":14},{"not_picked":["Storm of Steel","Venomology"],"picked":"Grand Finale","floor":16},{"not_picked":["Cloak And Dagger","Escape Plan"],"picked":"Calculated Gamble","floor":18}],"player_experience":735223,"relics_obtained":[{"floor":14,"key":"Eternal Feather"}],"event_choices":[{"cards_removed":["Defend_G"],"damage_healed":0,"gold_gain":0,"player_choice":"Card Removal","damage_taken":7,"max_hp_gain":0,"max_hp_loss":0,"event_name":"Golden Wing","floor":2,"gold_loss":0},{"damage_healed":0,"gold_gain":275,"player_choice":"Desecrate","damage_taken":0,"max_hp_gain":0,"max_hp_loss":0,"event_name":"Golden Shrine","floor":3,"gold_loss":0,"cards_obtained":["Regret"]},{"cards_removed":["Strike_G"],"damage_healed":0,"gold_gain":0,"player_choice":"Forget","damage_taken":0,"max_hp_gain":0,"max_hp_loss":0,"event_name":"Living Wall","floor":11,"gold_loss":0},{"damage_healed":0,"gold_gain":0,"player_choice":"Ignored","damage_taken":0,"max_hp_gain":0,"max_hp_loss":0,"event_name":"Ghosts","floor":19,"gold_loss":0}],"is_beta":false,"boss_relics":[{"not_picked":["Pandora\u0027s Box","WristBlade"],"picked":"HoveringKite"}],"items_purged_floors":[10,21],"is_endless":false,"potions_floor_spawned":[4,14,16],"killed_by":"Shell Parasite","ascension_level":20}}