{"host":"hn9kwncajibu2nw8","time":1609979999,"event":{"mods":["AchievementEnabler","BaseMod","Block Reminder","Colored Powertips","DeckTracker","Highlight Path","KOR Keyword Fix","Minty Spire (QoL Compilation)","Quick Restart","Rare Cards Sparkle"],"gold_per_floor":[14,28,42,61,78,105,105,122,122,122,22,22,50,61,61,164,164,178,178,212,227,238,270,286,321,321,321,321,9,22,22,22,22,22],"floor_reached":33,"playtime":1739,"items_purged":["Strike_R","Strike_R"],"score":419,"play_id":"ac1c5296-2df2-4363-b8c8-121655472ab7","local_time":"20210107093959","is_ascension_mode":true,"campfire_choices":[{"data":"Evolve","floor":10.0,"key":"SMITH"},{"data":"Havoc","floor":12.0,"key":"SMITH"},{"data":"Barricade","floor":15.0,"key":"SMITH"},{"data":"True Grit","floor":27.0,"key":"SMITH"},{"data":"Entrench","floor":32.0,"key":"SMITH"}],"circlet_count":0,"master_deck":["Defend_R","Defend_R","Defend_R","Defend_R","Bash","Shockwave","Feel No Pain","Warcry","Evolve+1","Cleave","Havoc+1","Wild Strike","Dual Wield","Pommel Strike+1","Barricade+1","Fire Breathing","Double Tap","Shrug It Off","Fire Breathing+1","Body Slam+1","True Grit+1","Entrench+1","Shrug It Off","Panacea"],"relics":["Burning Blood","Meat on the Bone","Ornamental Fan","Coffee Dripper","Red Mask","StrikeDummy","Letter Opener","Nloth\u0027s Gift"],"acts_visited":["Exordium","TheCity"],"potions_floor_usage":[],"damage_taken":[{"damage":0.0,"enemies":"2 Louse","floor":1.0,"turns":4.0},{"damage":4.0,"enemies":"Small Slimes","floor":2.0,"turns":4.0},{"damage":16.0,"enemies":"Jaw Worm","floor":3.0,"turns":7.0},{"damage":10.0,"enemies":"Looter","floor":4.0,"turns":4.0},{"damage":9.0,"enemies":"Red Slaver","floor":5.0,"turns":4.0},{"damage":17.0,"enemies":"3 Sentries","floor":6.0,"turns":10.0},{"damage":7.0,"enemies":"Large Slime","floor":8.0,"turns":5.0},{"damage":6.0,"enemies":"Lagavulin","floor":13.0,"turns":6.0},{"damage":5.0,"enemies":"Exordium Wildlife","floor":14.0,"turns":3.0},{"damage":15.0,"enemies":"Hexaghost","floor":16.0,"turns":9.0},{"damage":1.0,"enemies":"3 Byrds","floor":18.0,"turns":5.0},{"damage":53.0,"enemies":"Masked Bandits","floor":20.0,"turns":5.0},{"damage":12.0,"enemies":"Spheric Guardian","floor":21.0,"turns":5.0},{"damage":14.0,"enemies":"Chosen and Byrds","floor":22.0,"turns":5.0},{"damage":44.0,"enemies":"Book of Stabbing","floor":23.0,"turns":6.0},{"damage":28.0,"enemies":"Shelled Parasite and Fungi","floor":24.0,"turns":5.0},{"damage":11.0,"enemies":"Gremlin Leader","floor":25.0,"turns":7.0},{"damage":12.0,"enemies":"Snake Plant","floor":30.0,"turns":5.0},{"damage":38,"enemies":"Automaton","floor":33,"turns":6}],"seed_played":"3143246717070078148","potions_obtained":[{"floor":2.0,"key":"Fire Potion"},{"floor":5.0,"key":"Dexterity Potion"},{"floor":8.0,"key":"SpeedPotion"},{"floor":16.0,"key":"Regen Potion"},{"floor":23.0,"key":"Weak Potion"},{"floor":30.0,"key":"Block Potion"}],"is_trial":false,"path_per_floor":["M","M","M","M","M","E","?","M","T","R","$","R","E","M","R","B",null,"M","?","?","M","M","E","M","E","T","R","?","$","M","?","R","B"],"character_chosen":"IRONCLAD","items_purchased":["Pommel Strike+1","Entrench","Shrug It Off","Panacea"],"campfire_rested":0,"item_purchase_floors":[11,29,29,29],"current_hp_per_floor":[78,80,70,66,63,52,45,56,56,56,56,56,56,57,57,48,72,77,77,42,48,52,31,21,28,28,28,28,28,34,19,19,0,0],"gold":22,"neow_bonus":"TRANSFORM_TWO_CARDS","is_daily":false,"chose_seed":false,"campfire_upgraded":5,"win_rate":0.0,"timestamp":1609979999,"path_taken":["M","M","M","M","M","E","?","M","T","R","$","R","E","M","R","BOSS","M","?","?","M","M","E","M","E","T","R","?","$","?","?","R","BOSS"],"items_purchased_type":["Card","Card","Card","Card"],"build_version":"2020-12-22","purchased_purges":2,"victory":false,"max_hp_per_floor":[80,80,80,80,80,80,80,80,80,80,80,80,80,80,80,80,80,80,80,80,80,80,80,80,80,80,80,80,80,80,85,85,85,85],"card_choices":[{"not_picked":["Thunderclap","Rage"],"picked":"Warcry","floor":1.0},{"not_picked":["Sword Boomerang","Bloodletting"],"picked":"Evolve","floor":2.0},{"not_picked":["Perfected Strike","Iron Wave"],"picked":"Cleave","floor":3.0},{"not_picked":["Shockwave","Rage"],"picked":"Havoc","floor":4.0},{"not_picked":["Barricade","Shockwave"],"picked":"Wild Strike","floor":5.0},{"not_picked":["Perfected Strike","Anger"],"picked":"Dual Wield","floor":6.0},{"not_picked":["Rampage","Anger","Thunderclap"],"picked":"SKIP","floor":8.0},{"not_picked":["Sentinel","Rampage+1"],"picked":"Barricade","floor":13.0},{"not_picked":["Perfected Strike+1","Headbutt+1"],"picked":"Fire Breathing","floor":14.0},{"not_picked":["Bludgeon+1","Immolate+1"],"picked":"Double Tap","floor":16.0},{"not_picked":["Headbutt+1","Wild Strike+1"],"picked":"Shrug It Off","floor":18.0},{"not_picked":["Spot Weakness","Iron Wave+1","Cleave+1"],"picked":"SKIP","floor":21.0},{"not_picked":["Anger+1","Heavy Blade+1"],"picked":"Fire Breathing+1","floor":22.0},{"not_picked":["Reaper+1","Thunderclap+1"],"picked":"Body Slam+1","floor":23.0},{"not_picked":["Havoc","Warcry"],"picked":"True Grit","floor":24.0},{"not_picked":["Sever Soul+1","Ghostly Armor","Spot Weakness"],"picked":"SKIP","floor":25.0},{"not_picked":["Pommel Strike","Headbutt","Iron Wave+1"],"picked":"SKIP","floor":30.0}],"player_experience":473836,"relics_obtained":[{"floor":6.0,"key":"Meat on the Bone"},{"floor":9.0,"key":"Molten Egg 2"},{"floor":13.0,"key":"Ornamental Fan"},{"floor":20.0,"key":"Red Mask"},{"floor":23.0,"key":"StrikeDummy"},{"floor":25.0,"key":"Letter Opener"}],"event_choices":[{"cards_removed":["Strike_R"],"damage_healed":0.0,"max_hp_gain":0.0,"max_hp_loss":0.0,"gold_gain":0.0,"event_name":"Golden Wing","player_choice":"Card Removal","floor":7.0,"gold_loss":0.0,"damage_taken":7.0},{"damage_healed":0.0,"max_hp_gain":0.0,"max_hp_loss":0.0,"gold_gain":0.0,"event_name":"The Mausoleum","player_choice":"Ignored","floor":19.0,"gold_loss":0.0,"damage_taken":0.0},{"damage_healed":0.0,"max_hp_gain":0.0,"max_hp_loss":0.0,"gold_gain":0.0,"event_name":"Masked Bandits","player_choice":"Fought Bandits","floor":20.0,"gold_loss":0.0,"damage_taken":0.0},{"damage_healed":0.0,"max_hp_gain":0.0,"max_hp_loss":0.0,"gold_gain":0.0,"event_name":"N\u0027loth","player_choice":"Traded Relic","floor":28.0,"relics_lost":["Molten Egg 2"],"gold_loss":0.0,"damage_taken":0.0,"relics_obtained":["Nloth\u0027s Gift"]},{"damage_healed":0.0,"max_hp_gain":5.0,"max_hp_loss":0.0,"gold_gain":0.0,"event_name":"Forgotten Altar","player_choice":"Shed Blood","floor":31.0,"gold_loss":0.0,"damage_taken":20.0}],"is_beta":false,"boss_relics":[{"not_picked":["Snecko Eye","Runic Dome"],"picked":"Coffee Dripper"}],"items_purged_floors":[11,29],"is_endless":false,"potions_floor_spawned":[2,5,8,16,20,21,23,30],"killed_by":"Automaton","ascension_level":8}}