{"host":"vddkjx04kiwje1tk","time":1609996220,"event":{"mods":["AchievementEnabler","BaseMod","Colored Map","Minty Spire (QoL Compilation)","Quick Restart","SuperFastMode"],"gold_per_floor":[118,118,118,43,62,94,110,137,162,162,189,189,208,226,226,226,226],"floor_reached":16,"playtime":238,"items_purged":["Strike_R"],"score":196,"play_id":"347ff1b1-92e9-4407-b636-8312c0efdbcf","local_time":"20210107141020","is_ascension_mode":true,"campfire_choices":[{"floor":10,"key":"REST"},{"data":"Armaments","floor":12,"key":"SMITH"},{"data":"Feed","floor":15,"key":"SMITH"}],"circlet_count":0,"master_deck":["Strike_R","Strike_R+1","Strike_R+1","Defend_R","Defend_R","Defend_R+1","Defend_R","Bash+1","Twin Strike","Evolve","Warcry","Armaments+1","Feed+1"],"relics":["Burning Blood","NeowsBlessing","Boot","Bag of Marbles","PreservedInsect","Whetstone"],"acts_visited":["Exordium"],"potions_floor_usage":[],"damage_taken":[{"damage":0,"enemies":"2 Louse","floor":1,"turns":1},{"damage":0,"enemies":"Small Slimes","floor":5,"turns":1},{"damage":0,"enemies":"3 Sentries","floor":6,"turns":2},{"damage":4,"enemies":"Jaw Worm","floor":7,"turns":3},{"damage":45,"enemies":"Lagavulin","floor":8,"turns":6},{"damage":23,"enemies":"3 Sentries","floor":11,"turns":9},{"damage":16,"enemies":"Exordium Wildlife","floor":13,"turns":3},{"damage":8,"enemies":"Blue Slaver","floor":14,"turns":3},{"damage":0,"enemies":"Slime Boss","floor":16,"turns":1}],"seed_played":"5764584018181209623","potions_obtained":[{"floor":1,"key":"SpeedPotion"},{"floor":6,"key":"SmokeBomb"},{"floor":13,"key":"Swift Potion"}],"is_trial":false,"path_per_floor":["M","?","?","$","M","E","M","E","T","R","E","R","M","M","R","B"],"character_chosen":"IRONCLAD","items_purchased":[],"campfire_rested":1,"item_purchase_floors":[],"current_hp_per_floor":[78,62,62,62,68,74,76,37,37,61,44,44,34,32,32,32,32],"gold":226,"neow_bonus":"THREE_ENEMY_KILL","is_daily":false,"chose_seed":false,"campfire_upgraded":2,"win_rate":0.0,"timestamp":1609996220,"path_taken":["M","?","?","$","M","E","M","E","T","R","E","R","M","M","R","BOSS"],"items_purchased_type":[],"build_version":"2020-12-22","purchased_purges":1,"victory":false,"max_hp_per_floor":[80,80,80,80,80,80,80,80,80,80,80,80,80,80,80,80,80],"card_choices":[{"not_picked":["Metallicize","Power Through"],"picked":"Twin Strike","floor":1},{"not_picked":["Iron Wave","Armaments"],"picked":"Evolve","floor":5},{"not_picked":["Second Wind","Blood for Blood"],"picked":"Warcry","floor":6},{"not_picked":["Anger","Shrug It Off","Reckless Charge"],"picked":"SKIP","floor":7},{"not_picked":["Clothesline","Wild Strike"],"picked":"Armaments","floor":8},{"not_picked":["Flame Barrier","Clash","Burning Pact"],"picked":"SKIP","floor":11},{"not_picked":["Flame Barrier","Bloodletting"],"picked":"Feed","floor":13},{"not_picked":["Pommel Strike","Armaments","Ghostly Armor"],"picked":"SKIP","floor":14}],"player_experience":245972,"relics_obtained":[{"floor":6,"key":"Boot"},{"floor":8,"key":"Bag of Marbles"},{"floor":9,"key":"PreservedInsect"},{"floor":11,"key":"Whetstone"}],"event_choices":[{"damage_healed":0,"gold_gain":0,"player_choice":"Entered Light","damage_taken":16,"max_hp_gain":0,"max_hp_loss":0,"event_name":"Shining Light","floor":2,"gold_loss":0,"cards_upgraded":["Defend_R","Bash"]},{"cards_removed":["Strike_R"],"damage_healed":0,"gold_gain":0,"player_choice":"Forget","damage_taken":0,"max_hp_gain":0,"max_hp_loss":0,"event_name":"Living Wall","floor":3,"gold_loss":0}],"is_beta":false,"boss_relics":[],"items_purged_floors":[4],"is_endless":false,"potions_floor_spawned":[1,6,13,14],"killed_by":"Slime Boss","ascension_level":7}}