{"host":"xtgfl0e7r8rfgbei","time":1609986623,"event":{"mods":["Arknights The Spire","BaseMod","Colored Map","Colored Powertips","Downfall","Infinite Spire","Marisa£®ÏF”Í°°ƒß¿Ì…≥£©","Minty Spire (QoL Compilation)","READ ME - Guardian Mod","Rare Cards Sparkle","Replay The Spire","StSLib","The Bug Knight","The Cursed","The Servant 0.9.4","≤–¡Ù÷ÆŒÔ"],"gold_per_floor":[119,219,239,239,252,287,287,287,367,367,393,393,411,421,498,598,698,716,533,548,548,548,573,573,601,601,601,619,619,718,738,738,843,843,862,874,889,889,904,904,918,918,918],"floor_reached":42,"playtime":2730,"items_purged":[],"score":568,"play_id":"4afa37f5-be96-437c-a329-330b24150c83","local_time":"20210107103022","is_ascension_mode":false,"campfire_choices":[{"data":"infinitespire:DeathsTouch","floor":7,"key":"SMITH"},{"floor":10,"key":"REST"},{"floor":24,"key":"REST"},{"floor":29,"key":"REST"},{"data":"ReplayTheSpireMod:Book of Names","floor":32,"key":"SMITH"}],"circlet_count":0,"master_deck":["Strike_S","Defend_S","KidneyShot","Exchange","DoubleEdge","Starlight","infinitespire:DeathsTouch+1","TimeWarp","ShatteredReality","Misdirection","SurpressingFire","LightFlow","MurderousAura+1","ShatteredReality","Starlight+1","Rearm+1","Ricochet","Desolation","FanOfKnives","ForgedInTime","ReplayTheSpireMod:Book of Names+1","BottledTime+1","Contraction","Initiator","Sunlight+1","StarChef+1","Rewind+1","Spin+1","DoubleEdge+1","SilverBlades+1","Parasite","Contraction+1","BottledTime+1"],"relics":["Uniform","Smiling Mask","HollowMod:PaleOreRelic","Toy Ornithopter","Replay:Wanted Poster","Strawberry","Lantern","Blue Doll","StrikeDummy","Pear","Astrolabe"],"acts_visited":["Exordium","TheCity","TheBeyond"],"potions_floor_usage":[16,16,25,28,33,33,40],"damage_taken":[{"damage":7,"enemies":"2 Louse","floor":1,"turns":3},{"damage":3,"enemies":"Cultist","floor":3,"turns":3},{"damage":0,"enemies":"Small Slimes","floor":5,"turns":2},{"damage":13,"enemies":"HollowMod:MossKnight","floor":6,"turns":6},{"damage":10,"enemies":"Looter","floor":13,"turns":2},{"damage":0,"enemies":"Large Slime","floor":14,"turns":3},{"damage":24,"enemies":"Hexaghost","floor":16,"turns":6},{"damage":34,"enemies":"3 Byrds","floor":18,"turns":5},{"damage":4,"enemies":"Chosen","floor":20,"turns":3},{"damage":33,"enemies":"Replay:Snechameleon","floor":23,"turns":5},{"damage":25,"enemies":"HollowMod:Nosk","floor":25,"turns":6},{"damage":16,"enemies":"Snake Plant","floor":28,"turns":4},{"damage":0,"enemies":"Centurion and Healer","floor":31,"turns":3},{"damage":0,"enemies":"Champ","floor":33,"turns":8},{"damage":3,"enemies":"3 Darklings","floor":35,"turns":3},{"damage":20,"enemies":"3 Shapes","floor":36,"turns":3},{"damage":43,"enemies":"Spire Growth","floor":37,"turns":4},{"damage":19,"enemies":"Writhing Mass","floor":39,"turns":6},{"damage":0,"enemies":"Nightmare","floor":40,"turns":1},{"damage":4,"enemies":"Transient","floor":41,"turns":5},{"damage":15,"enemies":"Maw","floor":42,"turns":2}],"seed_played":"-1642821791759752924","potions_obtained":[{"floor":3,"key":"EssenceOfSteel"},{"floor":5,"key":"Dexterity Potion"},{"floor":14,"key":"SkillPotion"},{"floor":20,"key":"Venom Potion"},{"floor":25,"key":"Milkshake"},{"floor":31,"key":"Block Potion"},{"floor":36,"key":"SmokeBomb"},{"floor":41,"key":"BlessingOfTheForge"}],"is_trial":false,"path_per_floor":["M","?","M","?","M","E","R","?","T","R","T","?","M","M","R_BF","B",null,"M","$","M","?","?","E","R","E","T","AVR","M","R","?","M","R","B",null,"M","M","M","?","M","NM","M","M"],"character_chosen":"THE_SERVANT","items_purchased":["Starlight+1","Strawberry"],"campfire_rested":3,"item_purchase_floors":[19,19],"current_hp_per_floor":[64,64,61,44,44,31,31,31,31,52,52,52,42,42,42,28,71,37,44,40,40,40,7,30,10,10,20,9,35,35,35,35,45,88,85,65,22,22,3,8,4,0,0],"gold":918,"neow_bonus":"TEN_PERCENT_HP_BONUS","is_daily":false,"chose_seed":false,"campfire_upgraded":2,"win_rate":0.0,"timestamp":1609986622,"path_taken":["M","?","?","?","M","E","R","?","T","R","?","?","M","M","R_BF","BOSS","M","$","M","?","?","E","R","E","T","AVR","M","R","?","M","R","BOSS","M","M","M","?","?","NM","M","M"],"items_purchased_type":["Card","Relic"],"build_version":"2020-12-22","purchased_purges":0,"victory":false,"max_hp_per_floor":[71,71,71,71,71,71,71,71,71,71,71,71,71,71,71,71,71,71,78,78,78,78,78,78,78,78,88,88,88,88,88,88,88,88,88,88,88,88,88,88,88,88,88],"card_choices":[{"not_picked":["FastForward","Alleviate"],"picked":"DoubleEdge","floor":1},{"not_picked":["TimeWarp","Potential"],"picked":"Starlight","floor":3},{"not_picked":["infinitespire:SevenWalls","infinitespire:Punishment"],"picked":"infinitespire:DeathsTouch","floor":4},{"not_picked":["Deny","DualDimension"],"picked":"TimeWarp","floor":5},{"not_picked":["DoubleEdge","Collapse"],"picked":"ShatteredReality","floor":6},{"not_picked":["ShatteredReality","Unruled"],"picked":"SurpressingFire","floor":13},{"not_picked":["Alleviate","FanOfKnives"],"picked":"LightFlow","floor":14},{"not_picked":["ForgedInTime","Solidify"],"picked":"MurderousAura","floor":16},{"not_picked":["Misdirection","TimeWarp"],"picked":"ShatteredReality","floor":18},{"not_picked":["Replace","Alleviate"],"picked":"Rearm+1","floor":20},{"not_picked":["Potential+1","TimeWarp"],"picked":"FanOfKnives","floor":23},{"not_picked":["ShatteredReality","Moonlight"],"picked":"ForgedInTime","floor":25},{"not_picked":["Replace","TimeWarp"],"picked":"BottledTime+1","floor":28},{"not_picked":["Unruled+1","Revamp"],"picked":"Contraction","floor":31},{"not_picked":["LightFlow","TheWorld"],"picked":"Initiator","floor":33},{"not_picked":["ShatteredReality","FastForward"],"picked":"Spin+1","floor":35},{"not_picked":["Potential+1","TimeWarp"],"picked":"DoubleEdge+1","floor":36},{"not_picked":["ShiftingGears+1","Sabotage+1"],"picked":"SilverBlades+1","floor":37},{"not_picked":["Replace+1","ShatteredReality"],"picked":"Contraction+1","floor":39},{"not_picked":["FastForward+1","Replace+1"],"picked":"BottledTime+1","floor":41}],"player_experience":336358,"relics_obtained":[{"floor":6,"key":"Smiling Mask"},{"floor":11,"key":"HollowMod:PaleOreRelic"},{"floor":12,"key":"Toy Ornithopter"},{"floor":23,"key":"Lantern"},{"floor":25,"key":"Blue Doll"},{"floor":26,"key":"StrikeDummy"}],"event_choices":[{"damage_healed":0,"gold_gain":100,"player_choice":"Pray","damage_taken":0,"max_hp_gain":0,"max_hp_loss":0,"event_name":"Golden Shrine","floor":2,"gold_loss":0},{"damage_healed":0,"gold_gain":0,"cards_transformed":["Defend_S"],"player_choice":"Change","damage_taken":0,"max_hp_gain":0,"max_hp_loss":0,"event_name":"Living Wall","floor":8,"gold_loss":0,"cards_obtained":["Misdirection"]},{"damage_healed":0,"gold_gain":0,"player_choice":"Ignored","damage_taken":0,"max_hp_gain":0,"max_hp_loss":0,"event_name":"Ghosts","floor":21,"gold_loss":0},{"damage_healed":0,"gold_gain":0,"cards_transformed":["Strike_S","Defend_S"],"player_choice":"Became Test Subject","damage_taken":0,"max_hp_gain":0,"max_hp_loss":0,"event_name":"Drug Dealer","floor":22,"gold_loss":0,"cards_obtained":["Ricochet","Desolation"]},{"damage_healed":0,"gold_gain":99,"player_choice":"Stole From Cult","damage_taken":0,"max_hp_gain":0,"max_hp_loss":0,"event_name":"Nest","floor":30,"gold_loss":0},{"damage_healed":0,"gold_gain":0,"player_choice":"Upgraded","damage_taken":0,"max_hp_gain":0,"max_hp_loss":0,"event_name":"Upgrade Shrine","floor":38,"gold_loss":0,"cards_upgraded":["MurderousAura"]}],"is_beta":false,"boss_relics":[{"not_picked":["Philosopher\u0027s Stone","Abe\u0027s Treasure"],"picked":"Replay:Wanted Poster"},{"not_picked":["Replay:Ancient Bell","infinitespire:Cupcake"],"picked":"Astrolabe"}],"items_purged_floors":[],"is_endless":false,"potions_floor_spawned":[3,5,14,20,25,31,36,40,41],"killed_by":"Maw","ascension_level":0}}