{"host":"J","time":1609980495,"event":{"mods":["BaseMod","Better Third Choice","Minty Spire (QoL Compilation)","Robot Space Explorer","StSLib"],"gold_per_floor":[117,133,152,327,337,367,367,393,439,439,47,47,66,95,95,216,216,229,229,78,90,105,105,131,131,131,131,147,161,76,110,110,214,214,226,236,236,251,44,44,44,74,74,91,106,133,149,167,167,167],"floor_reached":51,"playtime":2825,"items_purged":["Doubt","RobotSpaceExplorer:Defend","RobotSpaceExplorer:Strike"],"score":734,"play_id":"7fc425cb-137d-4074-b9f0-1ff4befad95b","local_time":"20210107014815","is_ascension_mode":false,"campfire_choices":[{"data":"RobotSpaceExplorer:StarLightning","floor":7.0,"key":"SMITH"},{"floor":12.0,"key":"REST"},{"data":"RobotSpaceExplorer:GlueShot","floor":15.0,"key":"SMITH"},{"data":"RobotSpaceExplorer:MiniLasers","floor":23.0,"key":"SMITH"},{"data":"RobotSpaceExplorer:FreezingShield","floor":25.0,"key":"SMITH"},{"data":"RobotSpaceExplorer:GlueShot","floor":27.0,"key":"SMITH"},{"data":"RobotSpaceExplorer:IronShell","floor":32.0,"key":"SMITH"},{"data":"RobotSpaceExplorer:Scan","floor":40.0,"key":"SMITH"},{"data":"RobotSpaceExplorer:Calculate","floor":49,"key":"SMITH"}],"circlet_count":0,"master_deck":["RobotSpaceExplorer:Defend","RobotSpaceExplorer:Defend","RobotSpaceExplorer:Scan+1","RobotSpaceExplorer:MiniLasers+1","RobotSpaceExplorer:GlueShot+1","RobotSpaceExplorer:StarLightning+1","RobotSpaceExplorer:FreezingShield+1","RobotSpaceExplorer:ScrapMissile","RobotSpaceExplorer:MetalStrike+1","RobotSpaceExplorer:IronShell+1","RobotSpaceExplorer:SurgingShield","RobotSpaceExplorer:ChargingLaser+1","RobotSpaceExplorer:ShovelStrike+1","RobotSpaceExplorer:GlueShot+1","RobotSpaceExplorer:StunGrenade+1","RobotSpaceExplorer:Fix+1","RobotSpaceExplorer:Pulsar+1","RobotSpaceExplorer:Explosion+1","RobotSpaceExplorer:Fix+1","RobotSpaceExplorer:Ammunition+1","RobotSpaceExplorer:LaserBurst+1","RobotSpaceExplorer:SurgingStrike+1","RobotSpaceExplorer:PlasmaMissile+1","RobotSpaceExplorer:BlastShield","RobotSpaceExplorer:Calculate+1","RobotSpaceExplorer:SurgingShield+1"],"relics":["RobotSpaceExplorer:RoboCore","NeowsBlessing","Eternal Feather","Molten Egg 2","Anchor","Bloody Idol","Mummified Hand","Odd Mushroom","SacredBark","Smiling Mask","White Beast Statue","Sundial","Ancient Tea Set","Astrolabe","Strange Spoon","Orichalcum","FossilizedHelix","RobotSpaceExplorer:ToughPlating"],"acts_visited":["Exordium","TheCity","TheBeyond"],"potions_floor_usage":[48,50,50],"damage_taken":[{"damage":0.0,"enemies":"Small Slimes","floor":1.0,"turns":2.0},{"damage":0.0,"enemies":"Jaw Worm","floor":2.0,"turns":1.0},{"damage":0.0,"enemies":"2 Louse","floor":3.0,"turns":1.0},{"damage":3.0,"enemies":"Blue Slaver","floor":5.0,"turns":5.0},{"damage":28.0,"enemies":"3 Sentries","floor":6.0,"turns":10.0},{"damage":24.0,"enemies":"Lagavulin","floor":8.0,"turns":8.0},{"damage":0.0,"enemies":"Exordium Thugs","floor":13.0,"turns":4.0},{"damage":3.0,"enemies":"The Mushroom Lair","floor":14.0,"turns":5.0},{"damage":21.0,"enemies":"Hexaghost","floor":16.0,"turns":14.0},{"damage":5.0,"enemies":"Chosen","floor":18.0,"turns":6.0},{"damage":7.0,"enemies":"3 Byrds","floor":21.0,"turns":6.0},{"damage":7.0,"enemies":"Snecko","floor":22.0,"turns":7.0},{"damage":1.0,"enemies":"Book of Stabbing","floor":24.0,"turns":5.0},{"damage":0.0,"enemies":"Centurion and Healer","floor":28.0,"turns":7.0},{"damage":9.0,"enemies":"Snake Plant","floor":29.0,"turns":6.0},{"damage":21.0,"enemies":"Gremlin Leader","floor":31.0,"turns":8.0},{"damage":17.0,"enemies":"Champ","floor":33.0,"turns":14.0},{"damage":0.0,"enemies":"3 Shapes","floor":35.0,"turns":11.0},{"damage":5.0,"enemies":"Orb Walker","floor":36.0,"turns":4.0},{"damage":10.0,"enemies":"3 Darklings","floor":38.0,"turns":6.0},{"damage":10.0,"enemies":"Reptomancer","floor":42.0,"turns":7.0},{"damage":12.0,"enemies":"Maw","floor":44.0,"turns":7.0},{"damage":10.0,"enemies":"Sphere and 2 Shapes","floor":45.0,"turns":5.0},{"damage":26.0,"enemies":"Giant Head","floor":46.0,"turns":8.0},{"damage":13,"enemies":"Jaw Worm Horde","floor":47,"turns":6},{"damage":0,"enemies":"Transient","floor":48,"turns":5},{"damage":60,"enemies":"Time Eater","floor":50,"turns":12}],"seed_played":"4945467959686099201","potions_obtained":[{"floor":5.0,"key":"LiquidMemories"},{"floor":8.0,"key":"Block Potion"},{"floor":14.0,"key":"Ancient Potion"},{"floor":18.0,"key":"Weak Potion"},{"floor":22.0,"key":"DuplicationPotion"},{"floor":24.0,"key":"SpeedPotion"},{"floor":33.0,"key":"BlessingOfTheForge"},{"floor":35.0,"key":"PowerPotion"},{"floor":36.0,"key":"Energy Potion"},{"floor":44.0,"key":"SteroidPotion"},{"floor":46.0,"key":"AttackPotion"},{"floor":47,"key":"ColorlessPotion"},{"floor":48,"key":"Fruit Juice"}],"is_trial":false,"path_per_floor":["M","M","M","?","M","E","R","E","T","?","$","R","M","?","R","B",null,"M","?","$","M","M","R","E","R","T","R","M","M","?","E","R","B",null,"M","M","?","M","$","R","$","E","T","M","M","E","M","M","R","B",null],"character_chosen":"RobotSpaceExplorer","items_purchased":["RobotSpaceExplorer:IronShell","Mummified Hand","RobotSpaceExplorer:GlueShot","Strange Spoon"],"campfire_rested":1,"item_purchase_floors":[11,11,20,39],"current_hp_per_floor":[75,75,75,75,72,44,53,29,29,29,29,58,58,55,64,43,69,64,64,64,62,60,69,69,69,69,69,69,65,65,55,67,57,69,69,69,69,69,69,69,69,69,69,62,63,48,40,55,70,25],"gold":167,"neow_bonus":"THREE_ENEMY_KILL","is_daily":false,"chose_seed":false,"campfire_upgraded":8,"win_rate":0.0,"timestamp":1609980495,"path_taken":["M","M","M","?","M","E","R","E","T","?","$","R","M","?","R","BOSS","M","?","$","M","M","R","E","R","T","R","M","M","?","E","R","BOSS","M","M","?","M","?","R","$","E","T","M","M","E","M","M","R","BOSS"],"items_purchased_type":["Card","Relic","Card","Relic"],"build_version":"2020-12-18","purchased_purges":3,"victory":true,"max_hp_per_floor":[75,75,75,75,75,75,75,75,75,69,69,69,69,69,69,69,69,69,69,69,69,69,69,69,69,69,69,69,69,69,69,69,69,69,69,69,69,69,69,69,69,69,69,69,69,69,69,79,79,79],"card_choices":[{"not_picked":["RobotSpaceExplorer:Ammunition","RobotSpaceExplorer:FranticSearch"],"picked":"RobotSpaceExplorer:GlueShot","floor":1.0},{"not_picked":["RobotSpaceExplorer:ShovelStrike","RobotSpaceExplorer:ShockKick"],"picked":"RobotSpaceExplorer:StarLightning","floor":2.0},{"not_picked":["RobotSpaceExplorer:Smokescreen","RobotSpaceExplorer:GlueShot","RobotSpaceExplorer:DoubleBlock"],"picked":"SKIP","floor":3.0},{"not_picked":["RobotSpaceExplorer:ShockKick","RobotSpaceExplorer:SurgingStrike"],"picked":"RobotSpaceExplorer:FreezingShield","floor":5.0},{"not_picked":["RobotSpaceExplorer:FreezingShield","RobotSpaceExplorer:SlimeMissile"],"picked":"RobotSpaceExplorer:ScrapMissile","floor":6.0},{"not_picked":["RobotSpaceExplorer:DroneSwarm","RobotSpaceExplorer:Ammunition"],"picked":"RobotSpaceExplorer:MetalStrike+1","floor":8.0},{"not_picked":["RobotSpaceExplorer:MiniBoosters","RobotSpaceExplorer:DoubleBlock"],"picked":"RobotSpaceExplorer:SurgingShield","floor":13.0},{"not_picked":["RobotSpaceExplorer:Wormhole","RobotSpaceExplorer:Multitool"],"picked":"RobotSpaceExplorer:ChargingLaser+1","floor":16.0},{"not_picked":["RobotSpaceExplorer:MetalStrike+1","RobotSpaceExplorer:FranticSearch"],"picked":"RobotSpaceExplorer:ShovelStrike+1","floor":18.0},{"not_picked":["RobotSpaceExplorer:ScrapToss+1","RobotSpaceExplorer:Ammunition+1"],"picked":"RobotSpaceExplorer:StunGrenade+1","floor":21.0},{"not_picked":["RobotSpaceExplorer:ScrapMissile+1","RobotSpaceExplorer:SelfCleaning"],"picked":"RobotSpaceExplorer:Fix+1","floor":22.0},{"not_picked":["RobotSpaceExplorer:StunGrenade+1","RobotSpaceExplorer:DoubleFind","RobotSpaceExplorer:StarDust"],"picked":"SKIP","floor":24.0},{"not_picked":["RobotSpaceExplorer:Ammunition+1","RobotSpaceExplorer:Blitz+1","RobotSpaceExplorer:FrostMissile+1"],"picked":"SKIP","floor":28.0},{"not_picked":["RobotSpaceExplorer:Wormhole","RobotSpaceExplorer:GlueShot+1","RobotSpaceExplorer:SlimeMissile+1"],"picked":"SKIP","floor":29.0},{"not_picked":["RobotSpaceExplorer:SurgingShield+1","RobotSpaceExplorer:SwiftStep+1"],"picked":"RobotSpaceExplorer:Pulsar+1","floor":31.0},{"not_picked":["RobotSpaceExplorer:TrailblazerForm","RobotSpaceExplorer:Multitool"],"picked":"RobotSpaceExplorer:Explosion+1","floor":33.0},{"not_picked":["RobotSpaceExplorer:FrostMissile+1","RobotSpaceExplorer:ScrapToss+1"],"picked":"RobotSpaceExplorer:SurgingStrike+1","floor":35.0},{"not_picked":["RobotSpaceExplorer:DoubleBlock","RobotSpaceExplorer:ShovelStrike+1","RobotSpaceExplorer:FranticSearch"],"picked":"SKIP","floor":36.0},{"not_picked":["RobotSpaceExplorer:FrostMissile+1","RobotSpaceExplorer:ScrapShield"],"picked":"RobotSpaceExplorer:PlasmaMissile+1","floor":38.0},{"not_picked":["RobotSpaceExplorer:SurgingStrike+1","RobotSpaceExplorer:ScrapShield+1","RobotSpaceExplorer:Counterblock"],"picked":"SKIP","floor":42.0},{"not_picked":["RobotSpaceExplorer:ImprovisedAttack+1","RobotSpaceExplorer:MiniDrones+1","RobotSpaceExplorer:Counterblock"],"picked":"SKIP","floor":44.0},{"not_picked":["RobotSpaceExplorer:ShovelStrike+1","RobotSpaceExplorer:GlueShot"],"picked":"RobotSpaceExplorer:BlastShield","floor":45.0},{"not_picked":["RobotSpaceExplorer:GlueShot","RobotSpaceExplorer:MetalStrike+1"],"picked":"RobotSpaceExplorer:Calculate","floor":46.0},{"not_picked":["RobotSpaceExplorer:ScrapToss+1","RobotSpaceExplorer:SurgingStrike+1","RobotSpaceExplorer:Ammunition+1"],"picked":"SKIP","floor":47},{"not_picked":["RobotSpaceExplorer:Ammunition+1","RobotSpaceExplorer:Counterblock+1"],"picked":"RobotSpaceExplorer:SurgingShield+1","floor":48}],"player_experience":1067366,"relics_obtained":[{"floor":6.0,"key":"Eternal Feather"},{"floor":8.0,"key":"Molten Egg 2"},{"floor":9.0,"key":"Anchor"},{"floor":14.0,"key":"Odd Mushroom"},{"floor":24.0,"key":"Smiling Mask"},{"floor":26.0,"key":"White Beast Statue"},{"floor":31.0,"key":"Ancient Tea Set"},{"floor":42.0,"key":"Orichalcum"},{"floor":43.0,"key":"FossilizedHelix"},{"floor":46.0,"key":"RobotSpaceExplorer:ToughPlating"}],"event_choices":[{"damage_healed":0.0,"max_hp_gain":0.0,"max_hp_loss":0.0,"gold_gain":175.0,"event_name":"betterThird:BetterSerpent","player_choice":"AGREE","floor":4.0,"gold_loss":0.0,"damage_taken":152.0},{"damage_healed":0.0,"max_hp_gain":0.0,"max_hp_loss":6.0,"gold_gain":0.0,"event_name":"Golden Idol","player_choice":"Lose Max HP","floor":10.0,"gold_loss":0.0,"damage_taken":0.0,"relics_obtained":["Golden Idol"]},{"damage_healed":0.0,"max_hp_gain":0.0,"max_hp_loss":0.0,"gold_gain":0.0,"event_name":"Mushrooms","player_choice":"Fought Mushrooms","floor":14.0,"gold_loss":0.0,"damage_taken":0.0},{"damage_healed":0.0,"max_hp_gain":0.0,"max_hp_loss":0.0,"gold_gain":0.0,"event_name":"Forgotten Altar","player_choice":"Gave Idol","floor":19.0,"relics_lost":["Golden Idol"],"gold_loss":0.0,"damage_taken":0.0,"relics_obtained":["Bloody Idol"]},{"damage_healed":0.0,"max_hp_gain":0.0,"max_hp_loss":0.0,"gold_gain":0.0,"event_name":"Addict","player_choice":"Obtained Relic","floor":30.0,"gold_loss":85.0,"damage_taken":0.0,"relics_obtained":["Sundial"]},{"cards_removed":["RobotSpaceExplorer:Defend"],"damage_healed":0.0,"max_hp_gain":0.0,"max_hp_loss":0.0,"gold_gain":0.0,"event_name":"Falling","player_choice":"Removed Skill","floor":37.0,"gold_loss":0.0,"damage_taken":0.0}],"is_beta":true,"boss_relics":[{"not_picked":["Runic Dome","Tiny House"],"picked":"SacredBark"},{"not_picked":["Cursed Key","Coffee Dripper"],"picked":"Astrolabe"}],"items_purged_floors":[11,20,39],"is_endless":false,"potions_floor_spawned":[5,8,14,18,22,24,28,29,31,33,35,36,38,42,44,45,46,47,48],"ascension_level":0}}