{"host":"rknezr0ykt7pds1i","time":1609983316,"event":{"mods":["BaseMod","Downfall","Marisa????????","Minty Spire (QoL Compilation)","Replay The Spire","StSLib","The Alterego","The Servant 0.9.4","Waifu the Spire"],"gold_per_floor":[117,127,127,145,157,157,188,202,227,227,244,244,261,277,277,376,376,387,387,387,404,418,445,445,470,495,495,518,538,223,252,252,374,374,407,407,407,407,429,471,266,266,266,59,90,125,85,102,102,122],"floor_reached":51,"playtime":3582,"items_purged":["Overencumbered","Replay:Sluggish","Shame"],"score":999,"play_id":"1f530f5b-2591-4674-9bba-ec1ce9f316c5","local_time":"20210106203516","is_ascension_mode":false,"campfire_choices":[{"data":"alterego_mod:Nekomimi","floor":6,"key":"SMITH"},{"floor":10,"key":"REST"},{"data":"alterego_mod:Rake","floor":12,"key":"SMITH"},{"data":"alterego_mod:BrynhildrsRune","floor":15,"key":"SMITH"},{"data":"alterego_mod:Palingenesis","floor":24,"key":"SMITH"},{"data":"alterego_mod:Nekomimi","floor":42,"key":"SMITH"},{"floor":49,"key":"REST"}],"circlet_count":0,"master_deck":["alterego_mod:Strike","alterego_mod:Strike","alterego_mod:Defend","alterego_mod:Defend","alterego_mod:Defend+1","alterego_mod:Defend","alterego_mod:Impale+1","alterego_mod:BigMeatyClaws","alterego_mod:BrynhildrsRune+1","alterego_mod:1TonWallop+1","alterego_mod:Support+1","alterego_mod:MagicResistance","alterego_mod:Nekomimi+1","Pot Of Greed","Pot Of Greed","alterego_mod:Stockings","alterego_mod:Pet","alterego_mod:Rake+1","alterego_mod:Palingenesis+1","alterego_mod:Collar+1","alterego_mod:Maid+1","alterego_mod:MagicResistance+1","alterego_mod:Birthday+1","alterego_mod:TrashNCrash","Pot Of Greed","alterego_mod:STier+1","alterego_mod:Cooking+1","alterego_mod:Alter","alterego_mod:Alter","alterego_mod:GoddessCore+1","alterego_mod:Pet","alterego_mod:Undulate","Voices","alterego_mod:Nekomimi+1","Pot Of Greed","alterego_mod:BrynhildrRomantia","ReplayTheSpireMod:Restless Dread","alterego_mod:Cushion+1","alterego_mod:Rip+1"],"relics":["Runic Pyramid","Grinning Jar","Boot","Replay:Grab Bag","Cursed Key","Busted Crown","Ring of Chaos","Blue Doll","Replay:Bandana","Smiling Mask","ReplayTheSpireMod:TigerMarble","SlaversCollar","Ring of Hypnosis","ReplayTheSpireMod:Shallot","Garlic","Guardian:BottledAnomaly","White Beast Statue","Ice Cream","Replay:Kaleidoscope"],"acts_visited":["Exordium","TheCity","TheBeyond"],"potions_floor_usage":[7,23,25,29,50],"damage_taken":[{"damage":3,"enemies":"Small Slimes","floor":1,"turns":7},{"damage":14,"enemies":"Jaw Worm","floor":2,"turns":4},{"damage":8,"enemies":"Cultist","floor":4,"turns":6},{"damage":9,"enemies":"Exordium Wildlife","floor":5,"turns":3},{"damage":23,"enemies":"Gremlin Nob","floor":7,"turns":4},{"damage":4,"enemies":"Gremlin Gang","floor":8,"turns":2},{"damage":0,"enemies":"3 Louse","floor":11,"turns":3},{"damage":3,"enemies":"Exordium Wildlife","floor":13,"turns":4},{"damage":9,"enemies":"Blue Slaver","floor":14,"turns":5},{"damage":38,"enemies":"Fading Forest","floor":16,"turns":11},{"damage":1,"enemies":"Chosen","floor":18,"turns":7},{"damage":1,"enemies":"Spheric Guardian","floor":21,"turns":3},{"damage":26,"enemies":"Centurion and Healer","floor":22,"turns":9},{"damage":0,"enemies":"Book of Stabbing","floor":23,"turns":9},{"damage":52,"enemies":"Slavers","floor":25,"turns":7},{"damage":27,"enemies":"Snecko","floor":28,"turns":7},{"damage":16,"enemies":"Snake Plant","floor":29,"turns":5},{"damage":21,"enemies":"Chosen and Byrds","floor":31,"turns":8},{"damage":34,"enemies":"Pondfish","floor":33,"turns":12},{"damage":7,"enemies":"Orb Walker","floor":35,"turns":4},{"damage":1,"enemies":"3 Darklings","floor":39,"turns":7},{"damage":30,"enemies":"Giant Head","floor":40,"turns":12},{"damage":24,"enemies":"Nemesis","floor":46,"turns":9},{"damage":21,"enemies":"Sphere and 2 Shapes","floor":48,"turns":7},{"damage":44,"enemies":"Awakened One","floor":50,"turns":14}],"seed_played":"692509714060386683","potions_obtained":[{"floor":4,"key":"BlessingOfTheForge"},{"floor":5,"key":"Fire Potion"},{"floor":11,"key":"Block Potion"},{"floor":21,"key":"sneckomod:MuddlingPotion"},{"floor":23,"key":"Adrenaline Potion"},{"floor":31,"key":"Explosive Potion"},{"floor":33,"key":"Guardian:BlockOnCardUsePotion"}],"is_trial":false,"path_per_floor":["M","M","?","M","M","R","E","M","T","R","M","R","M","M","R","B",null,"M","?","?","M","M","E","R","E","T","?","M","M","$","M","R","B",null,"M","?","?","T","M","E","$","R","T","$","?","E","?","M","R","B",null],"character_chosen":"The_Alterego","items_purchased":["ReplayTheSpireMod:TigerMarble","alterego_mod:Alter","Guardian:BottledAnomaly","alterego_mod:BrynhildrRomantia"],"campfire_rested":2,"item_purchase_floors":[30,30,41,44],"current_hp_per_floor":[70,63,49,48,46,46,30,33,33,54,70,70,70,68,68,43,70,70,70,70,69,57,67,67,39,39,39,22,13,13,74,74,74,74,74,74,74,74,74,51,51,51,51,51,51,34,34,47,69,41],"gold":122,"neow_bonus":"BOSS_RELIC","is_daily":false,"chose_seed":false,"campfire_upgraded":5,"win_rate":0.0,"timestamp":1609983316,"path_taken":["M","M","?","M","M","R","E","M","T","R","M","R","M","M","R","BOSS","M","?","?","M","?","E","R","E","T","?","M","M","$","?","R","BOSS","M","?","?","?","M","E","?","R","T","$","?","E","?","M","R","BOSS"],"items_purchased_type":["Relic","Card","Relic","Card"],"build_version":"2020-12-22","purchased_purges":3,"victory":true,"max_hp_per_floor":[70,70,70,70,70,70,70,70,70,70,70,70,70,70,70,70,70,70,70,70,70,70,70,70,70,70,70,70,74,74,74,74,74,74,74,74,74,74,74,74,74,74,74,74,74,74,74,74,74,73],"card_choices":[{"not_picked":["alterego_mod:PerceptionDisorder","alterego_mod:PresenceConcealment"],"picked":"alterego_mod:1TonWallop","floor":1},{"not_picked":["alterego_mod:MagicResistance","alterego_mod:Skirt"],"picked":"alterego_mod:Support","floor":2},{"not_picked":["alterego_mod:GachaTicket","alterego_mod:Rip"],"picked":"alterego_mod:MagicResistance","floor":4},{"not_picked":["alterego_mod:HighServant","alterego_mod:Rip"],"picked":"alterego_mod:Nekomimi","floor":5},{"not_picked":["alterego_mod:Belle","alterego_mod:Mirror"],"picked":"alterego_mod:Stockings","floor":7},{"not_picked":["alterego_mod:Birthday","alterego_mod:Undulate"],"picked":"alterego_mod:Pet","floor":8},{"not_picked":["alterego_mod:Undulate","alterego_mod:Cycle"],"picked":"alterego_mod:Rake","floor":11},{"not_picked":["alterego_mod:Bounce","alterego_mod:Punishment","alterego_mod:Cooking"],"picked":"SKIP","floor":13},{"not_picked":["alterego_mod:Birthday","alterego_mod:Rip","alterego_mod:DustData"],"picked":"SKIP","floor":14},{"not_picked":["alterego_mod:VirginLaserPalladion","alterego_mod:Rake"],"picked":"alterego_mod:Palingenesis","floor":16},{"not_picked":[],"picked":"alterego_mod:Collar+1","floor":18},{"not_picked":[],"picked":"alterego_mod:MagicResistance+1","floor":21},{"not_picked":[],"picked":"alterego_mod:Birthday+1","floor":22},{"not_picked":["alterego_mod:Rip"],"picked":"SKIP","floor":23},{"not_picked":[],"picked":"alterego_mod:TrashNCrash","floor":25},{"not_picked":[],"picked":"alterego_mod:STier","floor":28},{"not_picked":[],"picked":"alterego_mod:Cooking+1","floor":29},{"not_picked":[],"picked":"alterego_mod:GoddessCore+1","floor":31},{"not_picked":[],"picked":"alterego_mod:Undulate","floor":35},{"not_picked":["alterego_mod:TrashNCrash"],"picked":"SKIP","floor":39},{"not_picked":[],"picked":"alterego_mod:Nekomimi","floor":40},{"not_picked":[],"picked":"alterego_mod:Cushion+1","floor":45},{"not_picked":["alterego_mod:RocketPunch+1"],"picked":"SKIP","floor":46},{"not_picked":[],"picked":"alterego_mod:Rip+1","floor":48}],"player_experience":219459,"relics_obtained":[{"floor":7,"key":"Grinning Jar"},{"floor":9,"key":"Boot"},{"floor":23,"key":"Blue Doll"},{"floor":25,"key":"Replay:Bandana"},{"floor":26,"key":"Smiling Mask"},{"floor":36,"key":"Ring of Hypnosis"},{"floor":38,"key":"ReplayTheSpireMod:Shallot"},{"floor":40,"key":"Garlic"},{"floor":43,"key":"White Beast Statue"},{"floor":45,"key":"Ice Cream"},{"floor":46,"key":"Replay:Kaleidoscope"}],"event_choices":[{"damage_healed":0,"gold_gain":0,"player_choice":"Entered Light","damage_taken":14,"max_hp_gain":0,"max_hp_loss":0,"event_name":"Shining Light","floor":3,"gold_loss":0,"cards_upgraded":["alterego_mod:Support","alterego_mod:Impale"]},{"damage_healed":0,"gold_gain":0,"player_choice":"Read","damage_taken":0,"max_hp_gain":0,"max_hp_loss":0,"event_name":"The Library","floor":19,"gold_loss":0,"cards_obtained":["alterego_mod:Maid"]},{"cards_removed":["alterego_mod:Strike"],"damage_healed":0,"gold_gain":0,"player_choice":"Purged","damage_taken":0,"max_hp_gain":0,"max_hp_loss":0,"event_name":"Purifier","floor":20,"gold_loss":0},{"damage_healed":0,"gold_gain":0,"player_choice":"Leave","damage_taken":0,"max_hp_gain":0,"max_hp_loss":0,"event_name":"FaceTrader","floor":27,"gold_loss":0},{"damage_healed":0,"gold_gain":0,"player_choice":"Ignored","damage_taken":0,"max_hp_gain":0,"max_hp_loss":0,"event_name":"Mysterious Sphere","floor":37,"gold_loss":0},{"damage_healed":0,"gold_gain":0,"player_choice":"Upgraded Two","damage_taken":0,"max_hp_gain":0,"max_hp_loss":0,"event_name":"Designer","floor":47,"gold_loss":40,"cards_upgraded":["alterego_mod:Maid","alterego_mod:STier"]}],"is_beta":false,"boss_relics":[{"not_picked":["Sozu","Calling Bell"],"picked":"Replay:Grab Bag"},{"not_picked":["Runic Dome","ReplayTheSpireMod:DimensionalGlitch"],"picked":"Cursed Key"},{"not_picked":["Replay:Bronze Core","Velvet Choker"],"picked":"Busted Crown"},{"not_picked":["Empty Cage","Replay:Drink Me"],"picked":"Ring of Chaos"},{"not_picked":["Replay:Ancient Bell","Honey Jar"],"picked":"SlaversCollar"}],"items_purged_floors":[30,41,44],"is_endless":false,"potions_floor_spawned":[4,5,11,21,23,31,33,46,48],"ascension_level":0}}