{"host":"h4lp0eeso8a0ssq0","time":1609995952,"event":{"mods":["2.2 Compatiblity","AchievementEnabler","BaseMod","CapriCore","Colored Map","Minty Spire (QoL Compilation)","StSLib","SuperFastMode"],"gold_per_floor":[115,35,35,53,53,87,97,97,122,197,197,213,69,81,81,181,181,201,215,25,25,36,36,0,0,48,48,63,73,73,108,108,206,206,223,7,21,36,46,46,61,72,99,126,126,151,161,161,161,161,161,161,10,10,10,10],"floor_reached":55,"playtime":2672,"items_purged":["Strike_B"],"score":751,"play_id":"9a4583ba-9452-4e22-9184-99cbe19640e0","local_time":"20210107140552","is_ascension_mode":false,"campfire_choices":[{"data":"Dualcast","floor":8.0,"key":"SMITH"},{"data":"Rainbow","floor":15.0,"key":"SMITH"},{"data":"Apotheosis","floor":23.0,"key":"SMITH"},{"data":"Defragment","floor":27.0,"key":"SMITH"},{"data":"Hologram","floor":32.0,"key":"SMITH"},{"data":"Machine Learning","floor":40.0,"key":"SMITH"},{"floor":49.0,"key":"RECALL"},{"data":"Defragment","floor":52,"key":"SMITH"}],"circlet_count":0,"master_deck":["Strike_B","Defend_B","Defend_B","Defend_B","Defend_B","Zap","Dualcast+1","Genetic Algorithm","Capacitor","Lockon","Rebound","Loop","Hologram+1","Capacitor","Rainbow+1","Defragment+1","Fission","Coolheaded+1","Apotheosis+1","Fission","Redo","Coolheaded+1","Skim+1","Fission","Machine Learning+1","Glacier","Defragment+1","Stack+1","Redo+1","Coolheaded","Decay"],"relics":["FrozenCore","NeowsBlessing","Eternal Feather","Akabeko","Orichalcum","Vajra","Strawberry","Blood Vial","Anchor","Cursed Key","Incense Burner","CeramicFish","ClockworkSouvenir"],"acts_visited":["Exordium","TheCity","TheBeyond","TheEnding"],"potions_floor_usage":[50,54],"damage_taken":[{"damage":0.0,"enemies":"Small Slimes","floor":1.0,"turns":1.0},{"damage":0.0,"enemies":"Jaw Worm","floor":4.0,"turns":1.0},{"damage":0.0,"enemies":"Lagavulin","floor":6.0,"turns":1.0},{"damage":3.0,"enemies":"Cultist","floor":7.0,"turns":3.0},{"damage":3.0,"enemies":"Exordium Wildlife","floor":12.0,"turns":3.0},{"damage":1.0,"enemies":"2 Fungi Beasts","floor":14.0,"turns":3.0},{"damage":13.0,"enemies":"Hexaghost","floor":16.0,"turns":9.0},{"damage":9.0,"enemies":"3 Byrds","floor":18.0,"turns":7.0},{"damage":0.0,"enemies":"Chosen","floor":19.0,"turns":6.0},{"damage":5.0,"enemies":"Shelled Parasite and Fungi","floor":22.0,"turns":8.0},{"damage":14.0,"enemies":"Snecko","floor":28.0,"turns":6.0},{"damage":12.0,"enemies":"Centurion and Healer","floor":29.0,"turns":8.0},{"damage":1.0,"enemies":"Book of Stabbing","floor":31.0,"turns":6.0},{"damage":29.0,"enemies":"Collector","floor":33.0,"turns":12.0},{"damage":8.0,"enemies":"Orb Walker","floor":35.0,"turns":4.0},{"damage":0.0,"enemies":"3 Darklings","floor":37.0,"turns":8.0},{"damage":8.0,"enemies":"4 Shapes","floor":38.0,"turns":6.0},{"damage":0.0,"enemies":"Sphere and 2 Shapes","floor":39.0,"turns":8.0},{"damage":5.0,"enemies":"3 Darklings","floor":41.0,"turns":6.0},{"damage":16.0,"enemies":"Transient","floor":42.0,"turns":5.0},{"damage":0.0,"enemies":"Nemesis","floor":44.0,"turns":7.0},{"damage":5.0,"enemies":"Giant Head","floor":46.0,"turns":8.0},{"damage":0.0,"enemies":"Maw","floor":47.0,"turns":5.0},{"damage":0.0,"enemies":"Jaw Worm Horde","floor":48.0,"turns":1.0},{"damage":66,"enemies":"Awakened One","floor":50,"turns":20},{"damage":37,"enemies":"Shield and Spear","floor":54,"turns":12},{"damage":48,"enemies":"The Heart","floor":55,"turns":11}],"seed_played":"6642958503744149087","potions_obtained":[{"floor":1.0,"key":"Strength Potion"},{"floor":6.0,"key":"DuplicationPotion"},{"floor":7.0,"key":"BlessingOfTheForge"},{"floor":19.0,"key":"Explosive Potion"},{"floor":31.0,"key":"AttackPotion"},{"floor":33.0,"key":"PowerPotion"},{"floor":41.0,"key":"SmokeBomb"}],"is_trial":false,"path_per_floor":["M","$","?","M","T","E","M","R","T","?","?","M","$","M","R","B",null,"M","M","$","?","M","R","?","?","T","R","M","M","?","E","R","B",null,"M","$","M","M","M","R","M","M","T","E","?","E","M","M","R","B",null,"R","$","E","B"],"character_chosen":"DEFECT","items_purchased":["Capacitor","Capacitor","Rainbow","Apotheosis","Defragment","SmokeBomb","ClockworkSouvenir"],"campfire_rested":0,"item_purchase_floors":[2,13,13,20,36,36,53],"current_hp_per_floor":[75,75,68,68,68,68,65,71,71,60,48,45,45,44,53,40,75,66,66,66,66,61,73,73,73,80,82,68,56,56,57,72,45,82,74,74,76,70,72,82,77,63,63,65,65,62,64,66,82,16,82,82,82,45,0,0],"gold":10,"neow_bonus":"THREE_ENEMY_KILL","is_daily":false,"chose_seed":false,"campfire_upgraded":7,"win_rate":0.0,"timestamp":1609995952,"path_taken":["M","$","?","M","?","E","?","R","T","?","?","M","$","M","R","BOSS","M","M","$","?","?","R","?","?","T","R","M","M","?","E","R","BOSS","M","$","M","M","M","R","M","?","T","E","?","E","M","M","R","BOSS","R","$","E","BOSS"],"items_purchased_type":["Card","Card","Card","Card","Card","Potion","Relic"],"build_version":"2020-12-22","purchased_purges":1,"victory":false,"max_hp_per_floor":[75,75,75,75,75,75,75,75,75,75,75,75,75,75,75,75,75,75,75,75,75,75,75,75,75,82,82,82,82,82,82,82,82,82,82,82,82,82,82,82,82,82,82,82,82,82,82,82,82,82,82,82,82,82,82,82],"card_choices":[{"not_picked":["Steam","Turbo"],"picked":"Genetic Algorithm","floor":1.0},{"not_picked":["Leap","Heatsinks"],"picked":"Lockon","floor":4.0},{"not_picked":["Chaos","Loop"],"picked":"Rebound","floor":6.0},{"not_picked":["Go for the Eyes","Doom and Gloom"],"picked":"Loop","floor":7.0},{"not_picked":["Streamline","Steam"],"picked":"Hologram","floor":12.0},{"not_picked":["Cold Snap","Streamline"],"picked":"Defragment","floor":14.0},{"not_picked":["Multi-Cast","Echo Form"],"picked":"Fission","floor":16.0},{"not_picked":["Rebound","Lockon+1","Steam"],"picked":"SKIP","floor":18.0},{"not_picked":["Steam Power","Doom and Gloom"],"picked":"Coolheaded+1","floor":19.0},{"not_picked":["Coolheaded","Rebound"],"picked":"Redo","floor":22.0},{"not_picked":["Go for the Eyes","Gash"],"picked":"Coolheaded+1","floor":28.0},{"not_picked":["Reinforced Body+1","Tempest"],"picked":"Skim+1","floor":29.0},{"not_picked":["Hologram+1","Amplify"],"picked":"Fission","floor":31.0},{"not_picked":["Core Surge","Thunder Strike"],"picked":"Machine Learning","floor":33.0},{"not_picked":["Fusion+1","Barrage+1"],"picked":"Glacier","floor":35.0},{"not_picked":["Gash","Turbo","Glacier"],"picked":"SKIP","floor":37.0},{"not_picked":["Gash","Redo"],"picked":"Stack+1","floor":38.0},{"not_picked":["Rebound","Conserve Battery+1"],"picked":"Redo+1","floor":39.0},{"not_picked":["Reboot","Heatsinks","Barrage+1"],"picked":"SKIP","floor":41.0},{"not_picked":["Cold Snap","Stack"],"picked":"Coolheaded","floor":42.0},{"not_picked":["White Noise","Glacier","Hyperbeam"],"picked":"SKIP","floor":44.0},{"not_picked":["Coolheaded+1","Sweeping Beam+1","Doom and Gloom"],"picked":"SKIP","floor":46.0},{"not_picked":["Beam Cell+1","Go for the Eyes+1","Static Discharge"],"picked":"SKIP","floor":47.0}],"player_experience":85824,"relics_obtained":[{"floor":5.0,"key":"Eternal Feather"},{"floor":6.0,"key":"Akabeko"},{"floor":9.0,"key":"Orichalcum"},{"floor":26.0,"key":"Strawberry"},{"floor":31.0,"key":"Anchor"},{"floor":44.0,"key":"Incense Burner"},{"floor":46.0,"key":"CeramicFish"}],"event_choices":[{"cards_removed":["Strike_B"],"damage_healed":0.0,"max_hp_gain":0.0,"max_hp_loss":0.0,"gold_gain":0.0,"event_name":"Golden Wing","player_choice":"Card Removal","floor":3.0,"gold_loss":0.0,"damage_taken":7.0},{"damage_healed":0.0,"max_hp_gain":0.0,"max_hp_loss":0.0,"gold_gain":75.0,"event_name":"World of Goop","player_choice":"Gather Gold","floor":10.0,"gold_loss":0.0,"damage_taken":11.0},{"damage_healed":0.0,"max_hp_gain":0.0,"max_hp_loss":0.0,"gold_gain":0.0,"event_name":"Scrap Ooze","player_choice":"Success","floor":11.0,"gold_loss":0.0,"damage_taken":12.0,"relics_obtained":["Vajra"]},{"damage_healed":0.0,"max_hp_gain":0.0,"max_hp_loss":0.0,"gold_gain":0.0,"event_name":"Duplicator","player_choice":"Copied","floor":21.0,"gold_loss":0.0,"damage_taken":0.0,"cards_obtained":["Fission"]},{"damage_healed":0.0,"max_hp_gain":0.0,"max_hp_loss":0.0,"gold_gain":0.0,"event_name":"Masked Bandits","player_choice":"Paid Fearfully","floor":24.0,"gold_loss":36.0,"damage_taken":0.0},{"cards_removed":["Strike_B"],"damage_healed":0.0,"max_hp_gain":0.0,"max_hp_loss":0.0,"gold_gain":0.0,"event_name":"Back to Basics","player_choice":"Elegance","floor":25.0,"gold_loss":0.0,"damage_taken":0.0},{"damage_healed":0.0,"max_hp_gain":0.0,"max_hp_loss":0.0,"gold_gain":0.0,"event_name":"WeMeetAgain","player_choice":"Gave Potion","floor":30.0,"gold_loss":0.0,"damage_taken":0.0,"relics_obtained":["Blood Vial"]},{"damage_healed":0.0,"max_hp_gain":0.0,"max_hp_loss":0.0,"gold_gain":0.0,"event_name":"Mysterious Sphere","player_choice":"Ignored","floor":45.0,"gold_loss":0.0,"damage_taken":0.0}],"is_beta":false,"boss_relics":[{"not_picked":["Nuclear Battery","Snecko Eye"],"picked":"FrozenCore"},{"not_picked":["Sozu","Black Star"],"picked":"Cursed Key"}],"items_purged_floors":[36],"is_endless":false,"potions_floor_spawned":[1,6,7,14,19,28,31,33,35,38,39,41,54],"killed_by":"The Heart","ascension_level":0}}