{"host":"ng8aq1q5gznbd93k","time":1609991197,"event":{"mods":["AchievementEnabler","BaseMod","Downfall","Minty Spire (QoL Compilation)","StSLib","SuperFastMode","The Bug Knight"],"gold_per_floor":[123,135,147,172,194,206,252,264,276,299,386,417,429,429],"floor_reached":13,"playtime":304,"items_purged":[],"score":89,"play_id":"cca0fa37-c5b8-4aa7-b2aa-f72755ef8831","local_time":"20210106214637","is_ascension_mode":true,"campfire_choices":[{"data":"Zap","floor":6,"key":"SMITH"},{"floor":8,"key":"REST"}],"circlet_count":0,"master_deck":["Strike_B","Strike_B+1","Strike_B","Strike_B","Defend_B","Defend_B","Defend_B","Defend_B+1","Zap+1","Dualcast","Ball Lightning","Coolheaded+1","Lockon","Leap+1","Leap+1","Chaos+1"],"relics":["Cracked Core","MawBank","Toxic Egg 2","Emotion Chip","Bottled Flame"],"acts_visited":["Exordium"],"potions_floor_usage":[12],"damage_taken":[{"damage":6,"enemies":"Jaw Worm","floor":1,"turns":4},{"damage":0,"enemies":"2 Louse","floor":4,"turns":2},{"damage":3,"enemies":"Small Slimes","floor":5,"turns":3},{"damage":24,"enemies":"Gremlin Nob","floor":7,"turns":4},{"damage":8,"enemies":"Red Slaver","floor":10,"turns":2},{"damage":12,"enemies":"Gremlin Gang","floor":12,"turns":4},{"damage":14,"enemies":"3 Sentries","floor":13,"turns":2}],"seed_played":"-332254196182260356","potions_obtained":[{"floor":4,"key":"champ:CounterPotion"}],"is_trial":false,"path_per_floor":["M","?","?","M","M","R","E","R","T","M","?","M","E"],"character_chosen":"DEFECT","items_purchased":[],"campfire_rested":1,"item_purchase_floors":[],"current_hp_per_floor":[69,62,47,47,44,44,20,42,42,34,23,11,0,0],"gold":429,"neow_bonus":"RANDOM_COMMON_RELIC","is_daily":false,"chose_seed":false,"campfire_upgraded":1,"win_rate":0.0,"timestamp":1609991197,"path_taken":["M","?","?","?","M","R","E","R","T","M","?","M","E"],"items_purchased_type":[],"build_version":"2020-12-22","purchased_purges":0,"victory":false,"max_hp_per_floor":[75,75,75,75,75,75,75,75,75,75,75,75,75,75],"card_choices":[{"not_picked":["Streamline","Skim"],"picked":"Ball Lightning","floor":1},{"not_picked":["Rebound","Recycle+1"],"picked":"Coolheaded+1","floor":4},{"not_picked":["Steam+1","Sweeping Beam"],"picked":"Lockon","floor":5},{"not_picked":["Cold Snap","Streamline"],"picked":"Leap+1","floor":7},{"not_picked":["Stack+1","Rebound"],"picked":"Leap+1","floor":10},{"not_picked":["Beam Cell","Go for the Eyes"],"picked":"Chaos+1","floor":12}],"player_experience":118970,"relics_obtained":[{"floor":7,"key":"Emotion Chip"},{"floor":9,"key":"Bottled Flame"}],"event_choices":[{"damage_healed":0,"gold_gain":0,"player_choice":"Success","damage_taken":7,"relics_obtained":["Toxic Egg 2"],"max_hp_gain":0,"max_hp_loss":0,"event_name":"Scrap Ooze","floor":2,"gold_loss":0},{"damage_healed":0,"gold_gain":0,"player_choice":"Entered Light","damage_taken":15,"max_hp_gain":0,"max_hp_loss":0,"event_name":"Shining Light","floor":3,"gold_loss":0,"cards_upgraded":["Strike_B","Defend_B"]},{"damage_healed":0,"gold_gain":75,"player_choice":"Gather Gold","damage_taken":11,"max_hp_gain":0,"max_hp_loss":0,"event_name":"World of Goop","floor":11,"gold_loss":0}],"is_beta":false,"boss_relics":[],"items_purged_floors":[],"is_endless":false,"potions_floor_spawned":[4],"killed_by":"3 Sentries","ascension_level":1}}