{"host":"v0vmrynbtd2rjg7e","time":1609995944,"event":{"mods":["BaseMod","Downfall","Minty Spire (QoL Compilation)","Shop Mod","StSLib"],"gold_per_floor":[114,125,137,237,251,251,262,277,301,317,52,17,17,31,31,128,128,96,96,108,207,207,207],"floor_reached":22,"playtime":1182,"items_purged":[],"score":180,"play_id":"5e1659cc-cec4-4211-a982-0053a7f45dc0","local_time":"20210107130544","is_ascension_mode":false,"campfire_choices":[{"data":"Noxious Fumes","floor":6,"key":"SMITH"},{"data":"Bane","floor":13,"key":"SMITH"},{"floor":15,"key":"REST"}],"circlet_count":0,"master_deck":["Strike_G","Strike_G","Strike_G","Strike_G","Strike_G","Defend_G","Defend_G","Defend_G","Defend_G","Defend_G","Survivor","Neutralize","Deadly Poison","Noxious Fumes+1","Outmaneuver","Flying Knee","Bane+1","Riddle With Holes","Poisoned Stab","Noxious Fumes","Infinite Blades","Burst","Dagger Spray","Deflect+1"],"relics":["Ring of the Snake","NeowsBlessing","Strawberry","MerchantsRug","Runic Pyramid"],"acts_visited":["Exordium","TheCity"],"potions_floor_usage":[7,16,16,22],"damage_taken":[{"damage":0,"enemies":"2 Louse","floor":1,"turns":1},{"damage":0,"enemies":"Cultist","floor":2,"turns":1},{"damage":0,"enemies":"Small Slimes","floor":3,"turns":1},{"damage":2,"enemies":"2 Fungi Beasts","floor":5,"turns":4},{"damage":2,"enemies":"Looter","floor":7,"turns":4},{"damage":14,"enemies":"Large Slime","floor":8,"turns":6},{"damage":7,"enemies":"3 Louse","floor":10,"turns":4},{"damage":11,"enemies":"Exordium Thugs","floor":14,"turns":4},{"damage":44,"enemies":"The Guardian","floor":16,"turns":8},{"damage":29,"enemies":"2 Thieves","floor":18,"turns":5},{"damage":7,"enemies":"Chosen","floor":20,"turns":5},{"damage":28,"enemies":"Snake Plant","floor":22,"turns":4}],"seed_played":"-4768031570587728908","potions_obtained":[{"floor":1,"key":"SkillPotion"},{"floor":2,"key":"SpeedPotion"},{"floor":5,"key":"Dexterity Potion"},{"floor":7,"key":"Fire Potion"},{"floor":16,"key":"SmokeBomb"},{"floor":20,"key":"Strength Potion"}],"is_trial":false,"path_per_floor":["M","M","M","?","M","R","M","M","T","M","$","?","R","M","R","B",null,"M","?","M","?","M"],"character_chosen":"THE_SILENT","items_purchased":["MerchantsRug","Poisoned Stab","Noxious Fumes"],"campfire_rested":1,"item_purchase_floors":[11,11,11],"current_hp_per_floor":[70,70,70,70,68,68,66,52,59,52,52,71,71,60,77,33,77,48,34,27,27,0,0],"gold":207,"neow_bonus":"THREE_ENEMY_KILL","is_daily":false,"chose_seed":false,"campfire_upgraded":2,"win_rate":0.0,"timestamp":1609995944,"path_taken":["M","M","M","?","?","R","M","M","T","M","$","?","R","M","R","BOSS","M","?","M","?","M"],"items_purchased_type":["Relic","Card","Card"],"build_version":"2020-12-22","purchased_purges":0,"victory":false,"max_hp_per_floor":[70,70,70,70,70,70,70,70,77,77,77,77,77,77,77,77,77,77,82,82,82,82,82],"card_choices":[{"not_picked":["Skewer","Underhanded Strike"],"picked":"Deadly Poison","floor":1},{"not_picked":["Crippling Poison","Sucker Punch"],"picked":"Noxious Fumes","floor":2},{"not_picked":["Dodge and Roll","Slice"],"picked":"Outmaneuver","floor":3},{"not_picked":["Slice","Backstab","Predator"],"picked":"SKIP","floor":5},{"not_picked":["Outmaneuver","Dagger Throw"],"picked":"Flying Knee","floor":7},{"not_picked":["Quick Slash","Sucker Punch"],"picked":"Bane","floor":8},{"not_picked":["Outmaneuver","Footwork"],"picked":"Riddle With Holes","floor":10},{"not_picked":["Quick Slash","A Thousand Cuts"],"picked":"Infinite Blades","floor":14},{"not_picked":["Doppelganger","A Thousand Cuts"],"picked":"Burst","floor":16},{"not_picked":["Tactician","Leg Sweep"],"picked":"Dagger Spray","floor":18},{"not_picked":["Acrobatics","Quick Slash"],"picked":"Deflect+1","floor":20}],"player_experience":21634,"relics_obtained":[{"floor":9,"key":"Strawberry"}],"event_choices":[{"damage_healed":0,"gold_gain":100,"player_choice":"Pray","damage_taken":0,"max_hp_gain":0,"max_hp_loss":0,"event_name":"Golden Shrine","floor":4,"gold_loss":0},{"damage_healed":19,"gold_gain":0,"player_choice":"Healed","damage_taken":0,"max_hp_gain":0,"max_hp_loss":0,"event_name":"The Cleric","floor":12,"gold_loss":35},{"damage_healed":0,"gold_gain":0,"player_choice":"Shed Blood","damage_taken":19,"max_hp_gain":5,"max_hp_loss":0,"event_name":"Forgotten Altar","floor":19,"gold_loss":0},{"damage_healed":0,"gold_gain":99,"player_choice":"Stole From Cult","damage_taken":0,"max_hp_gain":0,"max_hp_loss":0,"event_name":"Nest","floor":21,"gold_loss":0}],"is_beta":false,"boss_relics":[{"not_picked":["Fusion Hammer","Cursed Key"],"picked":"Runic Pyramid"}],"items_purged_floors":[],"is_endless":false,"potions_floor_spawned":[1,2,5,7,16,20],"killed_by":"Snake Plant","ascension_level":0}}