{"host":"u7lm8z2rvb4dg2oo","time":1609997642,"event":{"mods":["AchievementEnabler","BaseMod","Colored Map","Colored Powertips","Curses Come First","Googly Eyes","Highlight Path","Minty Spire (QoL Compilation)","Quick Restart","StSLib"],"gold_per_floor":[110,110,110,123,142,142,167,185,208,240,83,83,116,130,130,225,225,242,242,242],"floor_reached":19,"playtime":1143,"items_purged":[],"score":329,"play_id":"343e0939-03b5-4760-a266-51451868a702","local_time":"20210107003402","is_ascension_mode":true,"campfire_choices":[{"data":"BattleHymn","floor":6.0,"key":"SMITH"},{"data":"MasterReality","floor":12.0,"key":"SMITH"},{"floor":15.0,"key":"REST"}],"circlet_count":0,"master_deck":["AscendersBane","Strike_P","Strike_P+1","Strike_P","Strike_P","Defend_P","Defend_P","Defend_P","Defend_P","Eruption","Vigilance","BattleHymn+1","Eruption+1","Protect","Blasphemy","WindmillStrike","TalkToTheHand","MasterReality+1","FlurryOfBlows","Vault"],"relics":["PureWater","NeowsBlessing","Omamori","Whetstone","Smiling Mask","Orrery","Damaru","Calling Bell","Bronze Scales","Darkstone Periapt","Unceasing Top"],"acts_visited":["Exordium","TheCity"],"potions_floor_usage":[],"damage_taken":[{"damage":0.0,"enemies":"Cultist","floor":1.0,"turns":1.0},{"damage":0.0,"enemies":"2 Louse","floor":4.0,"turns":1.0},{"damage":0.0,"enemies":"Small Slimes","floor":5.0,"turns":1.0},{"damage":20.0,"enemies":"Gremlin Nob","floor":7.0,"turns":3.0},{"damage":2.0,"enemies":"3 Louse","floor":8.0,"turns":2.0},{"damage":0.0,"enemies":"Lagavulin","floor":10.0,"turns":3.0},{"damage":16.0,"enemies":"3 Sentries","floor":13.0,"turns":6.0},{"damage":21.0,"enemies":"Blue Slaver","floor":14.0,"turns":3.0},{"damage":20.0,"enemies":"The Guardian","floor":16.0,"turns":8.0},{"damage":26.0,"enemies":"2 Thieves","floor":18.0,"turns":4.0},{"damage":29,"enemies":"Masked Bandits","floor":19,"turns":4}],"seed_played":"1080983869666858372","potions_obtained":[{"floor":5.0,"key":"Strength Potion"},{"floor":7.0,"key":"Swift Potion"},{"floor":8.0,"key":"Dexterity Potion"},{"floor":16.0,"key":"PowerPotion"}],"is_trial":false,"path_per_floor":["M","?","?","M","M","R","E","M","T","E","$","R","E","M","R","B",null,"M","?"],"character_chosen":"WATCHER","items_purchased":["Orrery"],"campfire_rested":1,"item_purchase_floors":[11],"current_hp_per_floor":[65,65,65,65,65,65,45,43,43,43,43,43,27,6,27,7,56,30,1,1],"gold":242,"neow_bonus":"THREE_ENEMY_KILL","is_daily":false,"chose_seed":false,"campfire_upgraded":2,"win_rate":0.0,"timestamp":1609997642,"path_taken":["M","?","?","?","M","R","E","M","T","E","$","R","E","M","R","BOSS","M","?"],"items_purchased_type":["Relic"],"build_version":"2020-12-22","purchased_purges":0,"victory":false,"max_hp_per_floor":[72,72,72,72,72,72,72,72,72,72,72,72,72,72,72,72,72,72,72,72],"card_choices":[{"not_picked":["FlyingSleeves","Pray"],"picked":"BattleHymn","floor":1.0},{"not_picked":["Halt","Crescendo","Swivel"],"picked":"SKIP","floor":4.0},{"not_picked":["Halt","CutThroughFate"],"picked":"Protect","floor":5.0},{"not_picked":["MentalFortress","FlyingSleeves"],"picked":"Blasphemy","floor":7.0},{"not_picked":["EmptyFist","Meditate","CrushJoints"],"picked":"SKIP","floor":8.0},{"not_picked":["WreathOfFlame","EmptyBody"],"picked":"WindmillStrike","floor":10.0},{"not_picked":["Evaluate","JustLucky"],"picked":"TalkToTheHand","floor":11.0},{"not_picked":["Prostrate","Collect"],"picked":"MasterReality","floor":11.0},{"not_picked":["Consecrate","Weave"],"picked":"FlurryOfBlows","floor":13.0},{"not_picked":["Pray","Crescendo","EmptyMind"],"picked":"SKIP","floor":14.0},{"not_picked":["Scrawl","DevaForm"],"picked":"Vault","floor":16.0},{"not_picked":["ClearTheMind+1","Swivel","JustLucky"],"picked":"SKIP","floor":18.0}],"player_experience":1106629,"relics_obtained":[{"floor":7.0,"key":"Omamori"},{"floor":9.0,"key":"Whetstone"},{"floor":10.0,"key":"Smiling Mask"},{"floor":13.0,"key":"Damaru"},{"floor":17.0,"key":"Bronze Scales"},{"floor":17.0,"key":"Darkstone Periapt"},{"floor":17.0,"key":"Unceasing Top"}],"event_choices":[{"damage_healed":0.0,"max_hp_gain":0.0,"max_hp_loss":0.0,"gold_gain":0.0,"event_name":"Liars Game","player_choice":"Ignored","floor":2.0,"gold_loss":0.0,"damage_taken":0.0},{"damage_healed":0.0,"max_hp_gain":0.0,"max_hp_loss":0.0,"gold_gain":0.0,"event_name":"Match and Keep!","player_choice":"1 cards matched","floor":3.0,"gold_loss":0.0,"damage_taken":0.0,"cards_obtained":["Eruption"]},{"damage_healed":0,"gold_gain":0,"player_choice":"Fought Bandits","damage_taken":0,"max_hp_gain":0,"max_hp_loss":0,"event_name":"Masked Bandits","floor":19,"gold_loss":0}],"is_beta":false,"boss_relics":[{"not_picked":["Velvet Choker","Runic Dome"],"picked":"Calling Bell"}],"items_purged_floors":[],"is_endless":false,"potions_floor_spawned":[5,7,8,16],"killed_by":"Masked Bandits","ascension_level":11}}