{"host":"ji1fk25fd1ga4ji1","time":1609982577,"event":{"mods":["2.2 Compatiblity","BaseMod","Colored Map","DeckTracker","Minty Spire (QoL Compilation)","Permanent Neow","Quick Restart","StSLib","SuperFastMode"],"gold_per_floor":[118,133,133,133,151,170,185,185,210,135,135,160,160,176,176,304,304,327,327,348,363,214,214,258,277,304,304,323,323,198,214,214,214,214],"floor_reached":33,"playtime":856,"items_purged":["Strike_R","Strike_R","Strike_R"],"score":299,"play_id":"ee961bd4-060e-487e-967d-ff047c1d3625","local_time":"20210107102257","is_ascension_mode":true,"campfire_choices":[{"data":"Berserk","floor":8,"key":"SMITH"},{"data":"True Grit","floor":11,"key":"SMITH"},{"data":"Heavy Blade","floor":13,"key":"SMITH"},{"data":"Ghostly Armor","floor":15,"key":"SMITH"},{"data":"Searing Blow+1","floor":23,"key":"SMITH"},{"floor":27,"key":"REST"},{"floor":29,"key":"REST"},{"floor":32,"key":"REST"}],"circlet_count":0,"master_deck":["Strike_R","Strike_R+1","Defend_R","Defend_R","Defend_R+1","Defend_R","Bash","Heavy Blade+1","Thunderclap","True Grit+1","Ghostly Armor+1","Berserk+1","Feed","Searing Blow+2","True Grit+1","Cleave+1"],"relics":["Burning Blood","Golden Idol","Toy Ornithopter","Mark of Pain","Bag of Marbles","Akabeko"],"acts_visited":["TheCity"],"potions_floor_usage":[16,20,21,24,24,33],"damage_taken":[{"damage":0,"enemies":"Small Slimes","floor":1,"turns":3},{"damage":17,"enemies":"Jaw Worm","floor":2,"turns":5},{"damage":0,"enemies":"Cultist","floor":5,"turns":3},{"damage":3,"enemies":"Exordium Wildlife","floor":6,"turns":6},{"damage":4,"enemies":"3 Louse","floor":7,"turns":4},{"damage":2,"enemies":"Blue Slaver","floor":12,"turns":5},{"damage":0,"enemies":"2 Fungi Beasts","floor":14,"turns":4},{"damage":29,"enemies":"The Guardian","floor":16,"turns":14},{"damage":6,"enemies":"Chosen","floor":18,"turns":8},{"damage":27,"enemies":"Spheric Guardian","floor":20,"turns":9},{"damage":8,"enemies":"Snake Plant","floor":21,"turns":4},{"damage":56,"enemies":"Slavers","floor":24,"turns":9},{"damage":41,"enemies":"Sentry and Sphere","floor":25,"turns":6},{"damage":30,"enemies":"Centurion and Healer","floor":28,"turns":7},{"damage":7,"enemies":"3 Cultists","floor":31,"turns":7},{"damage":97,"enemies":"Champ","floor":33,"turns":17}],"seed_played":"-3408839900905833504","potions_obtained":[{"floor":1,"key":"LiquidMemories"},{"floor":2,"key":"DistilledChaos"},{"floor":14,"key":"Weak Potion"},{"floor":18,"key":"HeartOfIron"},{"floor":21,"key":"ElixirPotion"}],"is_trial":false,"path_per_floor":["M","M","?","?","M","M","M","R","T","$","R","M","R","M","R","B",null,"M","?","M","M","$","R","E","M","T","R","M","R","$","M","R","B"],"character_chosen":"IRONCLAD","items_purchased":["BloodPotion"],"campfire_rested":3,"item_purchase_floors":[22],"current_hp_per_floor":[80,69,49,33,39,42,44,44,44,44,44,48,48,54,54,36,80,80,80,67,70,70,70,49,17,17,43,22,49,49,51,79,0,0],"gold":214,"neow_bonus":"THREE_CARDS","is_daily":false,"chose_seed":false,"campfire_upgraded":5,"win_rate":0.0,"timestamp":1609982577,"path_taken":["M","M","?","?","M","M","M","R","T","?","R","M","R","M","R","BOSS","M","?","M","?","$","R","E","M","T","R","M","R","$","M","R","BOSS"],"items_purchased_type":["Potion"],"build_version":"2020-12-22","purchased_purges":3,"victory":false,"max_hp_per_floor":[80,80,80,80,80,80,80,80,80,80,80,80,80,80,80,80,80,80,80,83,83,83,83,86,89,89,89,92,92,92,95,95,95,95],"card_choices":[{"not_picked":["True Grit","Thunderclap"],"picked":"Heavy Blade","floor":0.0},{"not_picked":["Sever Soul","Headbutt"],"picked":"Thunderclap","floor":1},{"not_picked":["Thunderclap","Dark Embrace"],"picked":"True Grit","floor":2},{"not_picked":["Carnage","Body Slam"],"picked":"Ghostly Armor","floor":5},{"not_picked":["Iron Wave","Pommel Strike","Seeing Red"],"picked":"SKIP","floor":6},{"not_picked":["Body Slam","Headbutt"],"picked":"Berserk","floor":7},{"not_picked":["Body Slam","Thunderclap","Infernal Blade"],"picked":"SKIP","floor":12},{"not_picked":["Wild Strike","Infernal Blade","Perfected Strike"],"picked":"SKIP","floor":14},{"not_picked":["Fiend Fire","Brutality"],"picked":"Feed","floor":16},{"not_picked":["Sword Boomerang","Combust"],"picked":"Searing Blow+1","floor":18},{"not_picked":["Sword Boomerang","Armaments"],"picked":"Cleave+1","floor":20},{"not_picked":["Ghostly Armor","Warcry","Cleave+1"],"picked":"SKIP","floor":21},{"not_picked":["Demon Form","Armaments","Thunderclap"],"picked":"SKIP","floor":24},{"not_picked":["Clothesline","Uppercut","Headbutt+1"],"picked":"SKIP","floor":25},{"not_picked":["Anger","Havoc","Heavy Blade"],"picked":"SKIP","floor":28},{"not_picked":["Clothesline","Blood for Blood+1","Sword Boomerang"],"picked":"SKIP","floor":31},{"not_picked":["Clothesline","Blood for Blood+1","Sword Boomerang"],"picked":"SKIP","floor":31}],"player_experience":805417,"relics_obtained":[{"floor":9,"key":"Toy Ornithopter"},{"floor":24,"key":"Bag of Marbles"},{"floor":26,"key":"Akabeko"}],"event_choices":[{"damage_healed":0,"gold_gain":0,"player_choice":"Take Damage","damage_taken":20,"relics_obtained":["Golden Idol"],"max_hp_gain":0,"max_hp_loss":0,"event_name":"Golden Idol","floor":3,"gold_loss":0},{"damage_healed":0,"gold_gain":0,"player_choice":"Entered Light","damage_taken":16,"max_hp_gain":0,"max_hp_loss":0,"event_name":"Shining Light","floor":4,"gold_loss":0,"cards_upgraded":["Strike_R","Defend_R"]},{"damage_healed":0,"gold_gain":0,"player_choice":"Copied","damage_taken":0,"max_hp_gain":0,"max_hp_loss":0,"event_name":"Duplicator","floor":19,"gold_loss":0,"cards_obtained":["True Grit"]}],"is_beta":false,"boss_relics":[{"not_picked":["Runic Pyramid","Runic Dome"],"picked":"Mark of Pain"}],"items_purged_floors":[10,22,30],"is_endless":false,"potions_floor_spawned":[1,2,14,18,21],"killed_by":"Champ","ascension_level":1}}