{"host":"obplhmlw33xb91v8","time":1609983061,"event":{"mods":["BaseMod","Block Reminder","Curses Come First","Evolution","Minty Spire (QoL Compilation)","Quick Restart","Relic Stats","Replay The Spire","Spicy Shops","StSLib","Uncapped","Waifu the Spire","slay the spire mod where everything is the same but ironclad has a cowboy hat"],"gold_per_floor":[116,116,116,18,36,67,18,18,18,18,38,113,159,190,190,190,190],"floor_reached":16,"playtime":446,"items_purged":[],"score":151,"play_id":"8ae90591-e5fe-49bd-b3bc-494c09a40933","local_time":"20210106203101","is_ascension_mode":true,"campfire_choices":[{"data":"Sucker Punch","floor":8,"key":"SMITH"},{"data":"Slice","floor":10,"key":"SMITH"},{"floor":15,"key":"REST"}],"circlet_count":0,"master_deck":["Strike_G","Strike_G","Strike_G","Strike_G","Defend_G","Defend_G+1","Defend_G","Defend_G","Defend_G","Survivor+1","Neutralize","PiercingWail","Sucker Punch+1","Slice+1","Hidden Blade","ReplayTheSpireMod:Scrap Shanks"],"relics":["Ring of the Snake","EVO:Axolotl","NeowsBlessing","Golden Idol","Lizard Tail","War Paint","Boot","CaptainsWheel","Vampiric Spirits"],"acts_visited":["Exordium"],"potions_floor_usage":[14,16,16],"damage_taken":[{"damage":0,"enemies":"Small Slimes","floor":1,"turns":1},{"damage":0,"enemies":"Jaw Worm","floor":5,"turns":1},{"damage":0,"enemies":"3 Sentries","floor":6,"turns":1},{"damage":0,"enemies":"2 Louse","floor":11,"turns":2},{"damage":9,"enemies":"Gremlin Nob","floor":14,"turns":4},{"damage":78,"enemies":"Hexaghost","floor":16,"turns":16}],"seed_played":"-5773512695454645440","potions_obtained":[{"floor":5,"key":"LiquidMemories"},{"floor":14,"key":"Weak Potion"}],"is_trial":false,"path_per_floor":["M","?","?","$","M","E","$","R","T","R","M","?","?","E","R","B"],"character_chosen":"THE_SILENT","items_purchased":["Lizard Tail","Sucker Punch","PowerPotion"],"campfire_rested":1,"item_purchase_floors":[4,4,7],"current_hp_per_floor":[70,70,65,65,65,65,65,65,65,65,65,54,28,19,38,0,0],"gold":190,"neow_bonus":"THREE_ENEMY_KILL","is_daily":false,"chose_seed":false,"campfire_upgraded":2,"win_rate":0.0,"timestamp":1609983061,"path_taken":["M","?","?","$","M","E","$","R","T","R","M","?","?","E","R","BOSS"],"items_purchased_type":["Relic","Card","Potion"],"build_version":"2020-12-22","purchased_purges":0,"victory":false,"max_hp_per_floor":[70,70,65,65,65,65,65,65,65,65,65,65,65,65,65,65,65],"relic_stats":{"Lizard Tail":32,"counters":[6,25],"Golden Idol":29,"War Paint":["Survivor","Defend_G"],"Boot":[31],"obtain_stats":[{"Lizard Tail":4,"CaptainsWheel":13,"NeowsBlessing":0,"Golden Idol":3,"Vampiric Spirits":14,"EVO:Axolotl":0,"War Paint":6,"Boot":9,"Ring of the Snake":0},{"Lizard Tail":1,"CaptainsWheel":4,"NeowsBlessing":0,"Golden Idol":1,"Vampiric Spirits":5,"EVO:Axolotl":0,"War Paint":3,"Boot":3,"Ring of the Snake":0},{"Lizard Tail":1,"CaptainsWheel":5,"NeowsBlessing":0,"Golden Idol":1,"Vampiric Spirits":9,"EVO:Axolotl":0,"War Paint":3,"Boot":3,"Ring of the Snake":0}],"Ring of the Snake":[12]},"card_choices":[{"not_picked":["Prepared","Bane"],"picked":"PiercingWail","floor":1},{"not_picked":["Deadly Poison","Calculated Gamble","PiercingWail"],"picked":"SKIP","floor":5},{"not_picked":["Backflip","Deflect"],"picked":"Slice","floor":6},{"not_picked":["Predator","Toxin Wave","ReplayTheSpireMod:The Works"],"picked":"SKIP","floor":11},{"not_picked":["Distraction","Slice"],"picked":"Hidden Blade","floor":13},{"not_picked":["Escape Plan","Flying Knee"],"picked":"ReplayTheSpireMod:Scrap Shanks","floor":14}],"player_experience":150348,"relics_obtained":[{"floor":6,"key":"War Paint"},{"floor":9,"key":"Boot"},{"floor":13,"key":"CaptainsWheel"},{"floor":14,"key":"Vampiric Spirits"}],"event_choices":[{"cards_removed":["Strike_G"],"damage_healed":0,"gold_gain":0,"player_choice":"Forget","damage_taken":0,"max_hp_gain":0,"max_hp_loss":0,"event_name":"Living Wall","floor":2,"gold_loss":0},{"damage_healed":0,"gold_gain":0,"player_choice":"Lose Max HP","damage_taken":0,"relics_obtained":["Golden Idol"],"max_hp_gain":0,"max_hp_loss":5,"event_name":"Golden Idol","floor":3,"gold_loss":0},{"damage_healed":0,"gold_gain":75,"player_choice":"Gather Gold","damage_taken":11,"max_hp_gain":0,"max_hp_loss":0,"event_name":"World of Goop","floor":12,"gold_loss":0}],"is_beta":false,"boss_relics":[],"items_purged_floors":[],"is_endless":false,"potions_floor_spawned":[5,14],"killed_by":"Hexaghost","ascension_level":3}}