{"host":"egyxg9lnjq7g2hmw","time":1609997683,"event":{"mods":["AchievementEnabler","BaseMod","Block Reminder","Colored Map","Colored Powertips","Highlight Path","Minty Spire (QoL Compilation)","Rare Cards Sparkle","StSLib"],"gold_per_floor":[365,365,310,320,340,366,366,391,416,416,448,350,370,271,271,367,367,377,377,302,320,339,339,339],"floor_reached":23,"playtime":1359,"items_purged":["Strike_B","Strike_B"],"score":303,"play_id":"e96df705-4c33-4df1-bc34-95b77890efd2","local_time":"20210106213443","is_ascension_mode":true,"campfire_choices":[{"data":"Zap","floor":7.0,"key":"SMITH"},{"data":"Capacitor","floor":10.0,"key":"SMITH"},{"floor":15.0,"key":"REST"}],"circlet_count":0,"master_deck":["Defend_B","Defend_B","Defend_B","Defend_B","Zap+1","Dualcast","Capacitor+1","Cold Snap","Rebound","Glacier","Cold Snap","Seek","Ball Lightning","Electrodynamics","Capacitor+1","Barrage"],"relics":["Cracked Core","Orichalcum","Potion Belt","Bag of Marbles","Smiling Mask","Mummified Hand","Velvet Choker"],"acts_visited":["Exordium","TheCity"],"potions_floor_usage":[16,23,23],"damage_taken":[{"damage":0.0,"enemies":"Small Slimes","floor":1.0,"turns":4.0},{"damage":10.0,"enemies":"2 Louse","floor":4.0,"turns":3.0},{"damage":0.0,"enemies":"Cultist","floor":5.0,"turns":3.0},{"damage":10.0,"enemies":"3 Sentries","floor":6.0,"turns":6.0},{"damage":8.0,"enemies":"Lagavulin","floor":8.0,"turns":5.0},{"damage":19.0,"enemies":"Gremlin Nob","floor":11.0,"turns":5.0},{"damage":1.0,"enemies":"2 Fungi Beasts","floor":13.0,"turns":3.0},{"damage":3,"enemies":"The Guardian","floor":16,"turns":8},{"damage":22,"enemies":"Shell Parasite","floor":18,"turns":6},{"damage":0,"enemies":"Spheric Guardian","floor":21,"turns":5},{"damage":19,"enemies":"Centurion and Healer","floor":22,"turns":4},{"damage":19,"enemies":"Gremlin Leader","floor":23,"turns":6}],"seed_played":"5580236589727846951","potions_obtained":[{"floor":1.0,"key":"FocusPotion"},{"floor":4.0,"key":"FocusPotion"},{"floor":11.0,"key":"Swift Potion"},{"floor":13.0,"key":"Energy Potion"},{"floor":21,"key":"PowerPotion"}],"is_trial":false,"path_per_floor":["M","?","?","M","M","E","R","E","T","R","E","$","M","$","R","B",null,"M","?","?","M","M","E"],"character_chosen":"DEFECT","items_purchased":["FocusPotion","Ball Lightning"],"campfire_rested":1,"item_purchase_floors":[12,14],"current_hp_per_floor":[68,61,61,51,51,41,41,33,33,33,14,14,13,13,33,30,59,37,37,37,37,18,0,0],"gold":339,"neow_bonus":"TWO_FIFTY_GOLD","is_daily":false,"chose_seed":false,"campfire_upgraded":2,"win_rate":0.0,"timestamp":1609997683,"path_taken":["M","?","?","M","M","E","R","E","T","R","E","$","M","$","R","BOSS","M","?","?","M","M","E"],"items_purchased_type":["Potion","Card"],"build_version":"2020-12-22","purchased_purges":2,"victory":false,"max_hp_per_floor":[68,68,68,68,68,68,68,68,68,68,68,68,68,68,68,68,68,68,68,68,68,68,68,68],"card_choices":[{"not_picked":["Turbo","Gash"],"picked":"Capacitor","floor":1.0},{"not_picked":["Compile Driver","Self Repair"],"picked":"Cold Snap","floor":4.0},{"not_picked":["Reprogram","All For One"],"picked":"Rebound","floor":5.0},{"not_picked":["Hologram","Blizzard","Leap"],"picked":"SKIP","floor":6.0},{"not_picked":["Conserve Battery","Leap"],"picked":"Glacier","floor":8.0},{"not_picked":["Beam Cell","Steam Power"],"picked":"Cold Snap","floor":11.0},{"not_picked":["Hologram","Steam"],"picked":"Seek","floor":13.0},{"not_picked":["Biased Cognition","Creative AI"],"picked":"Electrodynamics","floor":16},{"not_picked":["Redo","Leap"],"picked":"Capacitor+1","floor":18},{"not_picked":["Aggregate+1","Rip and Tear","Stack+1"],"picked":"SKIP","floor":21},{"not_picked":["Biased Cognition","Coolheaded"],"picked":"Barrage","floor":22}],"player_experience":587082,"relics_obtained":[{"floor":6.0,"key":"Potion Belt"},{"floor":8.0,"key":"Bag of Marbles"},{"floor":9.0,"key":"Smiling Mask"},{"floor":11.0,"key":"Mummified Hand"}],"event_choices":[{"cards_removed":["Strike_B"],"damage_healed":0.0,"max_hp_gain":0.0,"max_hp_loss":0.0,"gold_gain":0.0,"event_name":"Golden Wing","player_choice":"Card Removal","floor":2.0,"gold_loss":0.0,"damage_taken":7.0},{"damage_healed":0.0,"max_hp_gain":0.0,"max_hp_loss":0.0,"gold_gain":0.0,"event_name":"WeMeetAgain","player_choice":"Paid Gold","floor":3.0,"gold_loss":55.0,"damage_taken":0.0,"relics_obtained":["Orichalcum"]},{"damage_healed":0,"gold_gain":0,"player_choice":"Ignored","damage_taken":0,"max_hp_gain":0,"max_hp_loss":0,"event_name":"Ghosts","floor":19,"gold_loss":0},{"cards_removed":["Strike_B"],"damage_healed":0,"gold_gain":0,"player_choice":"Gave Gold","damage_taken":0,"max_hp_gain":0,"max_hp_loss":0,"event_name":"Beggar","floor":20,"gold_loss":75}],"is_beta":false,"boss_relics":[{"not_picked":["Runic Pyramid","Sozu"],"picked":"Velvet Choker"}],"items_purged_floors":[12,14],"is_endless":false,"potions_floor_spawned":[1,4,11,13,21],"killed_by":"Gremlin Leader","ascension_level":9}}