{"host":"c97twqu0op5dg8i4","time":1609979969,"event":{"mods":["BaseMod","Minty Spire (QoL Compilation)"],"gold_per_floor":[112,112,128,140,140,169,169,187,187,187,199,234,244,194,194,194,194],"floor_reached":16,"playtime":493,"items_purged":[],"score":134,"play_id":"18efc7e3-8d44-4d8b-bc3b-5adb62d60144","local_time":"20210106193929","is_ascension_mode":true,"campfire_choices":[{"data":"Uppercut","floor":7,"key":"SMITH"},{"data":"Bash","floor":10,"key":"SMITH"},{"data":"True Grit","floor":15,"key":"SMITH"}],"circlet_count":0,"master_deck":["Strike_R","Strike_R","Strike_R","Defend_R","Defend_R","Defend_R","Defend_R","Bash+1","Heavy Blade","Feel No Pain","Uppercut+1","Second Wind","Cleave","True Grit+1","Shrug It Off"],"relics":["Burning Blood","NeowsBlessing","PreservedInsect","Blue Candle","Singing Bowl"],"acts_visited":["Exordium"],"potions_floor_usage":[6,8,12,13,16,16],"damage_taken":[{"damage":0,"enemies":"Small Slimes","floor":1,"turns":1},{"damage":0,"enemies":"Cultist","floor":3,"turns":1},{"damage":0,"enemies":"Jaw Worm","floor":4,"turns":1},{"damage":36,"enemies":"Gremlin Nob","floor":6,"turns":5},{"damage":36,"enemies":"Lots of Slimes","floor":8,"turns":6},{"damage":0,"enemies":"Large Slime","floor":11,"turns":4},{"damage":28,"enemies":"3 Sentries","floor":12,"turns":7},{"damage":4,"enemies":"Blue Slaver","floor":13,"turns":2},{"damage":64,"enemies":"Hexaghost","floor":16,"turns":14}],"seed_played":"7478348631167141330","potions_obtained":[{"floor":1,"key":"ColorlessPotion"},{"floor":4,"key":"Regen Potion"},{"floor":5,"key":"Regen Potion"},{"floor":5,"key":"BloodPotion"},{"floor":8,"key":"Block Potion"},{"floor":11,"key":"Strength Potion"},{"floor":13,"key":"Regen Potion"}],"is_trial":false,"path_per_floor":["M","?","M","M","?","E","R","M","T","R","M","E","M","?","R","B"],"character_chosen":"IRONCLAD","items_purchased":[],"campfire_rested":0,"item_purchase_floors":[],"current_hp_per_floor":[80,80,80,80,80,59,59,44,44,44,50,46,48,48,48,0,0],"gold":194,"neow_bonus":"THREE_ENEMY_KILL","is_daily":false,"chose_seed":false,"campfire_upgraded":3,"win_rate":0.0,"timestamp":1609979969,"path_taken":["M","?","?","M","?","E","R","M","T","R","M","E","?","?","R","BOSS"],"items_purchased_type":[],"build_version":"2020-12-22","purchased_purges":0,"victory":false,"max_hp_per_floor":[80,80,80,80,80,80,80,80,80,80,80,82,82,82,82,82,82],"card_choices":[{"not_picked":["Wild Strike","Twin Strike"],"picked":"Heavy Blade","floor":1},{"not_picked":["Havoc","Armaments"],"picked":"Feel No Pain","floor":3},{"not_picked":["Feel No Pain","Thunderclap"],"picked":"Uppercut","floor":4},{"not_picked":["Bloodletting","Body Slam"],"picked":"Second Wind","floor":6},{"not_picked":["Twin Strike","Heavy Blade"],"picked":"Cleave","floor":8},{"not_picked":["Clash","Pommel Strike"],"picked":"True Grit","floor":11},{"not_picked":["Limit Break","Clash","Armaments"],"picked":"Singing Bowl","floor":12},{"not_picked":["Body Slam","Shockwave"],"picked":"Shrug It Off","floor":13}],"player_experience":245612,"relics_obtained":[{"floor":6,"key":"PreservedInsect"},{"floor":9,"key":"Blue Candle"},{"floor":12,"key":"Singing Bowl"}],"event_choices":[{"cards_removed":["Strike_R"],"damage_healed":0,"gold_gain":0,"player_choice":"Card Removal","damage_taken":0,"max_hp_gain":0,"max_hp_loss":0,"event_name":"Wheel of Change","floor":2,"gold_loss":0},{"damage_healed":0,"gold_gain":0,"player_choice":"Got Potions","damage_taken":0,"max_hp_gain":0,"max_hp_loss":0,"event_name":"Lab","floor":5,"gold_loss":0},{"cards_removed":["Strike_R"],"damage_healed":0,"gold_gain":0,"player_choice":"Card Removal","damage_taken":0,"max_hp_gain":0,"max_hp_loss":0,"event_name":"The Cleric","floor":14,"gold_loss":50}],"is_beta":false,"boss_relics":[],"items_purged_floors":[],"is_endless":false,"potions_floor_spawned":[1,4,8,11,13],"killed_by":"Hexaghost","ascension_level":4}}