{"host":"vddkjx04kiwje1tk","time":1609994723,"event":{"mods":["AchievementEnabler","BaseMod","Colored Map","Minty Spire (QoL Compilation)","Quick Restart","SuperFastMode"],"gold_per_floor":[110,31,48,48,48,48,61,61,84,112,125,125,50,62,62,159,159,169,200,125,25,25,25,25,25,25,25,25],"floor_reached":27,"playtime":482,"items_purged":["Strike_R","Defend_R"],"score":313,"play_id":"2cb95831-0a34-4ded-bb2a-f7591e2ac1cb","local_time":"20210107134523","is_ascension_mode":true,"campfire_choices":[{"data":"Demon Form","floor":6,"key":"SMITH"},{"floor":15,"key":"REST"},{"floor":23,"key":"REST"},{"floor":25,"key":"REST"}],"circlet_count":0,"master_deck":["Strike_R+1","Strike_R","Defend_R","Defend_R","Defend_R","Bash+1","Pommel Strike","Demon Form+1","Twin Strike","Evolve","Reaper","Infernal Blade+1"],"relics":["Burning Blood","Omamori","Strawberry","Boot","Akabeko","SlaversCollar","Red Mask","Calipers"],"acts_visited":["Exordium","TheCity"],"potions_floor_usage":[14,19],"damage_taken":[{"damage":11,"enemies":"Cultist","floor":1,"turns":4},{"damage":20,"enemies":"2 Louse","floor":3,"turns":3},{"damage":7,"enemies":"Small Slimes","floor":7,"turns":4},{"damage":0,"enemies":"Lagavulin","floor":10,"turns":4},{"damage":7,"enemies":"3 Louse","floor":11,"turns":3},{"damage":18,"enemies":"Exordium Thugs","floor":14,"turns":4},{"damage":18,"enemies":"The Guardian","floor":16,"turns":7},{"damage":62,"enemies":"Shell Parasite","floor":18,"turns":6},{"damage":78,"enemies":"Masked Bandits","floor":19,"turns":5},{"damage":0,"enemies":"2 Thieves","floor":27,"turns":1}],"seed_played":"1807750153028878579","potions_obtained":[{"floor":3,"key":"Dexterity Potion"},{"floor":12,"key":"FairyPotion"},{"floor":12,"key":"Strength Potion"},{"floor":14,"key":"Fruit Juice"},{"floor":19,"key":"BlessingOfTheForge"}],"is_trial":false,"path_per_floor":["M","$","M","?","?","R","M","?","T","E","M","?","$","M","R","B",null,"M","?","?","$","?","R","$","R","T","M"],"character_chosen":"IRONCLAD","items_purchased":["Demon Form"],"campfire_rested":3,"item_purchase_floors":[2],"current_hp_per_floor":[67,67,53,60,43,43,42,42,42,48,47,47,47,40,67,55,83,43,21,21,21,21,48,48,75,75,75,75],"gold":25,"neow_bonus":"RANDOM_COMMON_RELIC","is_daily":false,"chose_seed":false,"campfire_upgraded":1,"win_rate":0.0,"timestamp":1609994723,"path_taken":["M","$","?","?","?","R","M","?","T","E","M","?","$","M","R","BOSS","M","?","?","$","?","R","$","R","T","M"],"items_purchased_type":["Card"],"build_version":"2020-12-22","purchased_purges":2,"victory":false,"max_hp_per_floor":[80,80,80,87,87,87,87,87,87,87,87,87,87,92,92,92,92,92,92,92,92,92,92,92,92,92,92,92],"card_choices":[{"not_picked":["True Grit","Warcry"],"picked":"Pommel Strike","floor":1},{"not_picked":["Shrug It Off","Anger"],"picked":"Twin Strike","floor":3},{"not_picked":["Spot Weakness","Combust"],"picked":"Evolve","floor":7},{"not_picked":["Uppercut","Clothesline","Cleave"],"picked":"SKIP","floor":10},{"not_picked":["Rage","Disarm","Double Tap"],"picked":"SKIP","floor":11},{"not_picked":["Ghostly Armor","Iron Wave","Armaments"],"picked":"SKIP","floor":14},{"not_picked":["Offering","Impervious"],"picked":"Reaper","floor":16},{"not_picked":["Shrug It Off","Warcry"],"picked":"Infernal Blade+1","floor":18}],"player_experience":245972,"relics_obtained":[{"floor":9,"key":"Boot"},{"floor":10,"key":"Akabeko"},{"floor":19,"key":"Red Mask"},{"floor":26,"key":"Calipers"}],"event_choices":[{"damage_healed":0,"gold_gain":0,"player_choice":"Box","damage_taken":0,"relics_obtained":["Strawberry"],"max_hp_gain":0,"max_hp_loss":0,"event_name":"Big Fish","floor":4,"gold_loss":0,"cards_obtained":["Regret"]},{"damage_healed":0,"gold_gain":0,"player_choice":"Entered Light","damage_taken":17,"max_hp_gain":0,"max_hp_loss":0,"event_name":"Shining Light","floor":5,"gold_loss":0,"cards_upgraded":["Strike_R","Bash"]},{"damage_healed":0,"gold_gain":0,"player_choice":"Ignored","damage_taken":0,"max_hp_gain":0,"max_hp_loss":0,"event_name":"Liars Game","floor":8,"gold_loss":0},{"damage_healed":0,"gold_gain":0,"player_choice":"Got Potions","damage_taken":0,"max_hp_gain":0,"max_hp_loss":0,"event_name":"Lab","floor":12,"gold_loss":0},{"damage_healed":0,"gold_gain":0,"player_choice":"Fought Bandits","damage_taken":0,"max_hp_gain":0,"max_hp_loss":0,"event_name":"Masked Bandits","floor":19,"gold_loss":0},{"cards_removed":["Strike_R"],"damage_healed":0,"gold_gain":0,"player_choice":"Gave Gold","damage_taken":0,"max_hp_gain":0,"max_hp_loss":0,"event_name":"Beggar","floor":20,"gold_loss":75},{"cards_removed":["Strike_R"],"damage_healed":0,"gold_gain":0,"player_choice":"Elegance","damage_taken":0,"max_hp_gain":0,"max_hp_loss":0,"event_name":"Back to Basics","floor":22,"gold_loss":0}],"is_beta":false,"boss_relics":[{"not_picked":["Snecko Eye","Runic Dome"],"picked":"SlaversCollar"}],"items_purged_floors":[13,21],"is_endless":false,"potions_floor_spawned":[3,14,19],"killed_by":"2 Thieves","ascension_level":7}}