{"host":"zxkjcgzis4pm3za5","time":1609992392,"event":{"mods":["AchievementEnabler","BaseMod","Colored Map","Colored Powertips","Minty Spire (QoL Compilation)","Quick Restart","RNG Fix","Random Character Button","StSLib"],"gold_per_floor":[117,131,306,351,366,393,15,46,71,100,118,118,118,118,118,209,209,222,222,188,209,134,134,159,195,221,24,24,55,55,88,88,179,179,202,202,226,226,126,170,201,201,225,225,266,226,241,280,280,280,280,280,38,72,72,72],"floor_reached":55,"playtime":1994,"items_purged":["Doubt","Strike_R+1","Strike_R+1"],"score":1420,"play_id":"56edff11-c8e8-4b87-9717-7f6d68341715","local_time":"20210107093632","is_ascension_mode":true,"campfire_choices":[{"floor":15.0,"key":"REST"},{"data":"Armaments","floor":23,"key":"SMITH"},{"data":"Immolate","floor":32,"key":"SMITH"},{"floor":42,"key":"RECALL"},{"data":"Uppercut","floor":44,"key":"SMITH"},{"data":"Limit Break","floor":49,"key":"SMITH"},{"data":"Flame Barrier","floor":52,"key":"SMITH"}],"circlet_count":0,"master_deck":["AscendersBane","Defend_R+1","Defend_R+1","Defend_R+1","Defend_R+1","Bash","Cleave+1","Thunderclap","Inflame","Spot Weakness","Armaments+1","Shockwave","Heavy Blade","Reaper+1","Battle Trance","Sword Boomerang","Shrug It Off+1","Immolate+1","Flame Barrier+1","Burning Pact","Uppercut+1","Limit Break+1"],"relics":["Burning Blood","NeowsBlessing","Art of War","Ancient Tea Set","ClockworkSouvenir","Bronze Scales","Matryoshka","Juzu Bracelet","Toy Ornithopter","Vajra","Golden Idol","Red Skull","Velvet Choker","Blood Vial","The Courier","Bag of Marbles","MutagenicStrength","Lizard Tail","Bottled Flame","Black Star","Anchor","Singing Bowl","Du-Vu Doll","StoneCalendar","Eternal Feather","PreservedInsect","StrikeDummy","Medical Kit","Mummified Hand","Boot"],"acts_visited":["Exordium","TheCity","TheBeyond","TheEnding"],"potions_floor_usage":[35,50,55,55],"damage_taken":[{"damage":0.0,"enemies":"Jaw Worm","floor":1.0,"turns":1.0},{"damage":0.0,"enemies":"Cultist","floor":2.0,"turns":1.0},{"damage":0.0,"enemies":"Small Slimes","floor":5.0,"turns":1.0},{"damage":37.0,"enemies":"Gremlin Nob","floor":6.0,"turns":5.0},{"damage":20.0,"enemies":"3 Sentries","floor":8.0,"turns":5.0},{"damage":28.0,"enemies":"Gremlin Nob","floor":10.0,"turns":4.0},{"damage":8.0,"enemies":"Exordium Thugs","floor":11.0,"turns":4.0},{"damage":23.0,"enemies":"Slime Boss","floor":16.0,"turns":10.0},{"damage":6.0,"enemies":"Spheric Guardian","floor":18.0,"turns":3.0},{"damage":0,"enemies":"3 Byrds","floor":21,"turns":3},{"damage":15,"enemies":"Centurion and Healer","floor":24,"turns":4},{"damage":27,"enemies":"Book of Stabbing","floor":25,"turns":4},{"damage":13,"enemies":"Slavers","floor":29,"turns":4},{"damage":14,"enemies":"Gremlin Leader","floor":31,"turns":3},{"damage":20,"enemies":"Champ","floor":33,"turns":10},{"damage":10,"enemies":"3 Darklings","floor":35,"turns":2},{"damage":3,"enemies":"3 Shapes","floor":37,"turns":1},{"damage":78,"enemies":"Giant Head","floor":40,"turns":8},{"damage":20,"enemies":"Mind Bloom Boss Battle","floor":41,"turns":7},{"damage":10,"enemies":"Nemesis","floor":45,"turns":3},{"damage":11,"enemies":"Spire Growth","floor":47,"turns":4},{"damage":6,"enemies":"Reptomancer","floor":48,"turns":4},{"damage":44,"enemies":"Donu and Deca","floor":50,"turns":6},{"damage":58,"enemies":"Shield and Spear","floor":54,"turns":4},{"damage":67,"enemies":"The Heart","floor":55,"turns":3}],"seed_played":"280749118460082544","potions_obtained":[{"floor":6.0,"key":"AttackPotion"},{"floor":10.0,"key":"PowerPotion"},{"floor":16.0,"key":"AttackPotion"},{"floor":25,"key":"FearPotion"},{"floor":31,"key":"Explosive Potion"},{"floor":33,"key":"Fruit Juice"},{"floor":35,"key":"GamblersBrew"},{"floor":40,"key":"EssenceOfSteel"}],"is_trial":false,"path_per_floor":["M","M","?","T","M","E","$","E","T","E","M","?","?","?","R","B",null,"M","?","$","M","?","R","M","E","T","$","?","E","?","E","R","B",null,"M","?","M","?","$","E","?","R","T","R","E","?","M","E","R","B",null,"R","$","E","B"],"character_chosen":"IRONCLAD","items_purchased":["ClockworkSouvenir","Bronze Scales","Battle Trance","Immolate","Flame Barrier","CultistPotion","Medical Kit","Swift Potion"],"campfire_rested":1,"item_purchase_floors":[7,7,20,27,27,53,53,53],"current_hp_per_floor":[78,80,80,80,80,49,49,35,35,13,16,16,16,9,31,14,59,64,64,64,70,70,70,61,56,56,56,56,72,72,66,66,54,69,79,69,74,74,74,80,74,74,74,74,72,72,85,87,87,87,87,87,87,44,0,0],"gold":72,"neow_bonus":"THREE_ENEMY_KILL","is_daily":false,"chose_seed":false,"campfire_upgraded":5,"win_rate":0.0,"timestamp":1609992392,"path_taken":["M","?","?","?","M","E","$","E","T","E","M","?","?","?","R","BOSS","M","?","$","M","?","R","M","E","T","$","?","E","?","E","R","BOSS","M","?","M","?","?","E","?","R","T","R","E","?","M","E","R","BOSS","R","$","E","BOSS"],"items_purchased_type":["Relic","Relic","Card","Card","Card","Potion","Relic","Potion"],"build_version":"2020-12-22","purchased_purges":3,"victory":false,"max_hp_per_floor":[80,80,80,80,80,80,80,80,80,80,80,80,74,74,74,74,74,74,74,74,74,74,74,74,74,74,74,74,74,74,74,74,74,74,79,79,79,79,79,81,83,83,83,83,83,83,85,87,87,87,87,87,87,89,89,89],"card_choices":[{"not_picked":["Thunderclap","Headbutt"],"picked":"Cleave","floor":1.0},{"not_picked":["Shrug It Off","Iron Wave"],"picked":"Thunderclap","floor":2.0},{"not_picked":["Second Wind","Seeing Red"],"picked":"Inflame","floor":5.0},{"not_picked":["Dark Embrace","Flex"],"picked":"Spot Weakness","floor":6.0},{"not_picked":["Exhume","Brutality"],"picked":"Armaments","floor":8.0},{"not_picked":["Iron Wave","Hemokinesis"],"picked":"Shockwave","floor":10.0},{"not_picked":["Clothesline","Iron Wave"],"picked":"Heavy Blade","floor":11.0},{"not_picked":["Bludgeon","Double Tap"],"picked":"Reaper","floor":16.0},{"not_picked":["Second Wind","Wild Strike","Power Through"],"picked":"SKIP","floor":18.0},{"not_picked":["Clash+1","Anger","Inflame"],"picked":"SKIP","floor":21},{"not_picked":["Anger","Heavy Blade"],"picked":"Sword Boomerang","floor":24},{"not_picked":["Burning Pact","Cleave"],"picked":"Shrug It Off+1","floor":25},{"not_picked":["Wild Strike+1","Flex+1","Reckless Charge"],"picked":"SKIP","floor":29},{"not_picked":["Wild Strike","Clash"],"picked":"Burning Pact","floor":31},{"not_picked":["Cleave+1","Iron Wave","Perfected Strike"],"picked":"SKIP","floor":35},{"not_picked":["Pommel Strike+1","Pummel"],"picked":"Uppercut","floor":37},{"not_picked":["Inflame","Armaments","Sever Soul"],"picked":"Singing Bowl","floor":40},{"not_picked":["Inflame","Cleave+1","Thunderclap+1"],"picked":"Singing Bowl","floor":41},{"not_picked":["Clash+1","Thunderclap"],"picked":"Limit Break","floor":45},{"not_picked":["Hemokinesis","Anger+1","Headbutt"],"picked":"Singing Bowl","floor":47},{"not_picked":["Body Slam","Dark Embrace+1","Uppercut"],"picked":"Singing Bowl","floor":48},{"not_picked":["Dark Embrace","Flame Barrier","Spot Weakness+1"],"picked":"Singing Bowl","floor":54}],"player_experience":186496,"relics_obtained":[{"floor":4.0,"key":"Art of War"},{"floor":6.0,"key":"Ancient Tea Set"},{"floor":8.0,"key":"Matryoshka"},{"floor":9.0,"key":"Juzu Bracelet"},{"floor":9.0,"key":"Toy Ornithopter"},{"floor":10.0,"key":"Vajra"},{"floor":25,"key":"Blood Vial"},{"floor":26,"key":"The Courier"},{"floor":26,"key":"Bag of Marbles"},{"floor":29,"key":"Lizard Tail"},{"floor":31,"key":"Bottled Flame"},{"floor":40,"key":"Anchor"},{"floor":40,"key":"Singing Bowl"},{"floor":41,"key":"Du-Vu Doll"},{"floor":45,"key":"StoneCalendar"},{"floor":45,"key":"Eternal Feather"},{"floor":48,"key":"PreservedInsect"},{"floor":48,"key":"StrikeDummy"},{"floor":54,"key":"Mummified Hand"},{"floor":54,"key":"Boot"}],"event_choices":[{"damage_healed":0.0,"max_hp_gain":0.0,"max_hp_loss":0.0,"gold_gain":175.0,"event_name":"Liars Game","player_choice":"AGREE","floor":3.0,"gold_loss":0.0,"damage_taken":0.0,"cards_obtained":["Doubt"]},{"cards_removed":["Strike_R"],"damage_healed":0.0,"max_hp_gain":0.0,"max_hp_loss":0.0,"gold_gain":0.0,"event_name":"Purifier","player_choice":"Purged","floor":12.0,"gold_loss":0.0,"damage_taken":0.0},{"damage_healed":0.0,"max_hp_gain":0.0,"max_hp_loss":6.0,"gold_gain":0.0,"event_name":"Golden Idol","player_choice":"Lose Max HP","floor":13.0,"gold_loss":0.0,"damage_taken":0.0,"relics_obtained":["Golden Idol"]},{"damage_healed":0.0,"max_hp_gain":0.0,"max_hp_loss":0.0,"gold_gain":0.0,"event_name":"Scrap Ooze","player_choice":"Success","floor":14.0,"gold_loss":0.0,"damage_taken":7.0,"relics_obtained":["Red Skull"]},{"damage_healed":0.0,"max_hp_gain":0.0,"max_hp_loss":0.0,"gold_gain":0.0,"event_name":"Back to Basics","player_choice":"Simplicity","floor":19.0,"gold_loss":0.0,"damage_taken":0.0,"cards_upgraded":["Strike_R","Strike_R","Strike_R","Strike_R","Defend_R","Defend_R","Defend_R","Defend_R"]},{"cards_removed":["Strike_R"],"damage_healed":0,"gold_gain":0,"player_choice":"Gave Gold","damage_taken":0,"max_hp_gain":0,"max_hp_loss":0,"event_name":"Beggar","floor":22,"gold_loss":75},{"damage_healed":0,"gold_gain":0,"player_choice":"Inject Mutagens","damage_taken":0,"relics_obtained":["MutagenicStrength"],"max_hp_gain":0,"max_hp_loss":0,"event_name":"Drug Dealer","floor":28,"gold_loss":0},{"cards_removed":["Strike_R"],"damage_healed":0,"gold_gain":0,"player_choice":"Purged","damage_taken":0,"max_hp_gain":0,"max_hp_loss":0,"event_name":"Purifier","floor":30,"gold_loss":0},{"damage_healed":0,"gold_gain":0,"player_choice":"Memory 3","damage_taken":10,"max_hp_gain":0,"max_hp_loss":0,"event_name":"SensoryStone","floor":36,"gold_loss":0},{"damage_healed":0,"gold_gain":0,"player_choice":"Ignored","damage_taken":0,"max_hp_gain":0,"max_hp_loss":0,"event_name":"Tomb of Lord Red Mask","floor":38,"gold_loss":0},{"damage_healed":0,"gold_gain":0,"player_choice":"Fight","damage_taken":0,"max_hp_gain":0,"max_hp_loss":0,"event_name":"MindBloom","floor":41,"gold_loss":0},{"damage_healed":0,"gold_gain":0,"player_choice":"Upgraded Two","damage_taken":0,"max_hp_gain":0,"max_hp_loss":0,"event_name":"Designer","floor":46,"gold_loss":40,"cards_upgraded":["Cleave","Reaper"]}],"is_beta":false,"boss_relics":[{"not_picked":["Calling Bell","Philosopher\u0027s Stone"],"picked":"Velvet Choker"},{"not_picked":["Runic Dome","Snecko Eye"],"picked":"Black Star"}],"items_purged_floors":[7,27,39],"is_endless":false,"potions_floor_spawned":[6,10,16,25,31,33,35,40,41],"killed_by":"The Heart","ascension_level":13}}