{"host":"ff4g3thpm8pmsxyp","time":1609990347,"event":{"mods":["AchievementEnabler","BaseMod","Colored Map","DeckTracker","Highlight Path","Minty Spire (QoL Compilation)","Permanent Neow","Rare Cards Sparkle","Relic Stats","StSLib","SuperFastMode"],"gold_per_floor":[361,361,386,407,113,113,113,153,179,212,252,252,286,319,319,457,457,491,513,542,39,72,72,72],"floor_reached":23,"playtime":951,"items_purged":["Writhe","Strike_P"],"score":306,"play_id":"4729b630-5e4f-4376-b938-fe84e47505ab","local_time":"20210106223227","is_ascension_mode":true,"campfire_choices":[{"data":"EmptyFist","floor":6,"key":"SMITH"},{"floor":15,"key":"REST"}],"circlet_count":0,"master_deck":["Strike_P","Strike_P","Strike_P","Defend_P","Defend_P","Defend_P","Defend_P","Eruption","Vigilance","Vengeance","EmptyFist+1","Tantrum","TalkToTheHand","Halt","MentalFortress","FlurryOfBlows","Conclude+1","Vengeance","Adaptation","Scrawl","Halt","FearNoEvil+1","Protect","MentalFortress","FearNoEvil+1","SandsOfTime+1","Halt"],"relics":["PureWater","Golden Idol","CeramicFish","Smiling Mask","Pen Nib","Orichalcum","VioletLotus","Molten Egg 2"],"acts_visited":["Exordium","TheCity"],"potions_floor_usage":[7,8,16,19,22,23],"damage_taken":[{"damage":3,"enemies":"Jaw Worm","floor":1,"turns":4},{"damage":0,"enemies":"Cultist","floor":3,"turns":3},{"damage":4,"enemies":"2 Louse","floor":4,"turns":2},{"damage":5,"enemies":"Gremlin Nob","floor":8,"turns":3},{"damage":4,"enemies":"Red Slaver","floor":10,"turns":2},{"damage":8,"enemies":"Lagavulin","floor":11,"turns":6},{"damage":8,"enemies":"Blue Slaver","floor":13,"turns":2},{"damage":3,"enemies":"3 Louse","floor":14,"turns":3},{"damage":0,"enemies":"Slime Boss","floor":16,"turns":5},{"damage":5,"enemies":"Chosen","floor":18,"turns":3},{"damage":17,"enemies":"3 Byrds","floor":19,"turns":3},{"damage":21,"enemies":"Centurion and Healer","floor":20,"turns":5},{"damage":15,"enemies":"Snecko","floor":22,"turns":4},{"damage":38,"enemies":"Slavers","floor":23,"turns":2}],"seed_played":"5418744395941791167","potions_obtained":[{"floor":7,"key":"Fruit Juice"},{"floor":7,"key":"Swift Potion"},{"floor":7,"key":"Fire Potion"},{"floor":11,"key":"SkillPotion"},{"floor":13,"key":"EssenceOfSteel"},{"floor":14,"key":"BottledMiracle"},{"floor":18,"key":"Regen Potion"}],"is_trial":false,"path_per_floor":["M","?","M","M","$","R","?","E","T","M","E","?","M","M","R","B",null,"M","M","M","$","M","E"],"character_chosen":"WATCHER","items_purchased":["CeramicFish","TalkToTheHand","Halt","Molten Egg 2","MentalFortress","FearNoEvil+1","SandsOfTime+1"],"campfire_rested":1,"item_purchase_floors":[5,5,5,21,21,21,21],"current_hp_per_floor":[69,51,51,47,47,47,52,47,47,43,35,35,27,24,47,47,77,72,64,43,43,28,0,0],"gold":72,"neow_bonus":"TWO_FIFTY_GOLD","is_daily":false,"chose_seed":false,"campfire_upgraded":1,"win_rate":0.0,"timestamp":1609990347,"path_taken":["M","?","M","M","$","R","?","E","T","?","E","?","M","?","R","BOSS","M","M","M","$","M","E"],"items_purchased_type":["Relic","Card","Card","Relic","Card","Card","Card"],"build_version":"2020-12-22","purchased_purges":2,"victory":false,"max_hp_per_floor":[72,72,72,72,72,72,77,77,77,77,77,77,77,77,77,77,77,77,77,77,77,77,77,77],"relic_stats":{"counters":[14,47],"Golden Idol":79,"CeramicFish":135,"Pen Nib":[7],"VioletLotus":[3],"Orichalcum":[30],"Smiling Mask":50,"obtain_stats":[{"Golden Idol":2,"CeramicFish":5,"Molten Egg 2":21,"Pen Nib":9,"VioletLotus":17,"PureWater":0,"Orichalcum":11,"Smiling Mask":8},{"Golden Idol":1,"CeramicFish":3,"Molten Egg 2":12,"Pen Nib":4,"VioletLotus":9,"PureWater":0,"Orichalcum":6,"Smiling Mask":4},{"Golden Idol":4,"CeramicFish":9,"Molten Egg 2":41,"Pen Nib":12,"VioletLotus":30,"PureWater":0,"Orichalcum":20,"Smiling Mask":12}]},"card_choices":[{"not_picked":["Evaluate","Swivel"],"picked":"Vengeance","floor":1},{"not_picked":["ReachHeaven","SashWhip"],"picked":"EmptyFist","floor":3},{"not_picked":["SignatureMove","Indignation"],"picked":"Tantrum","floor":4},{"not_picked":["JustLucky","Swivel"],"picked":"MentalFortress","floor":8},{"not_picked":["Protect","SandsOfTime"],"picked":"FlurryOfBlows","floor":10},{"not_picked":["Prostrate","Crescendo"],"picked":"Conclude","floor":11},{"not_picked":["Nirvana","ClearTheMind"],"picked":"Vengeance","floor":13},{"not_picked":["Consecrate","Study"],"picked":"Adaptation","floor":14},{"not_picked":["Ragnarok","MasterReality"],"picked":"Scrawl","floor":16},{"not_picked":["CrushJoints","Indignation"],"picked":"Halt","floor":18},{"not_picked":["SashWhip","Crescendo+1"],"picked":"FearNoEvil+1","floor":19},{"not_picked":["PathToVictory","BowlingBash+1"],"picked":"Protect","floor":20},{"not_picked":["FlyingSleeves+1","CrushJoints+1"],"picked":"Halt","floor":22}],"player_experience":252005,"relics_obtained":[{"floor":8,"key":"Smiling Mask"},{"floor":9,"key":"Pen Nib"},{"floor":11,"key":"Orichalcum"}],"event_choices":[{"damage_healed":0,"gold_gain":0,"player_choice":"Take Damage","damage_taken":18,"relics_obtained":["Golden Idol"],"max_hp_gain":0,"max_hp_loss":0,"event_name":"Golden Idol","floor":2,"gold_loss":0},{"damage_healed":0,"gold_gain":0,"player_choice":"Got Potions","damage_taken":0,"max_hp_gain":0,"max_hp_loss":0,"event_name":"Lab","floor":7,"gold_loss":0},{"damage_healed":0,"gold_gain":0,"player_choice":"Upgraded","damage_taken":0,"max_hp_gain":0,"max_hp_loss":0,"event_name":"Upgrade Shrine","floor":12,"gold_loss":0,"cards_upgraded":["Conclude"]}],"is_beta":false,"boss_relics":[{"not_picked":["Black Star","Tiny House"],"picked":"VioletLotus"}],"items_purged_floors":[5,21],"is_endless":false,"potions_floor_spawned":[11,13,14,18],"killed_by":"Slavers","ascension_level":4}}