{"host":"hnfelxnirsihwvcb","time":1609980875,"event":{"mods":["BaseMod","Colored Map","DeckTracker","Highlight Path","Minty Spire (QoL Compilation)","Quick Restart","Relic Sorter","Relic Stats","Shop Mod","StSLib","SuperFastMode"],"gold_per_floor":[19,19,94,94,110,149,149,183,183,183,183],"floor_reached":10,"playtime":284,"items_purged":[],"score":93,"play_id":"c9832ec4-015e-4afa-8efa-583fe2751064","local_time":"20210107015435","is_ascension_mode":true,"campfire_choices":[{"floor":7,"key":"REST"}],"circlet_count":0,"master_deck":["Strike_B","Strike_B","Strike_B","Defend_B","Defend_B","Defend_B","Defend_B","Zap","Dualcast","Rainbow","Gash","Gash","Genetic Algorithm","Steam"],"relics":["Cracked Core","Golden Idol","Cables","Mango","The Courier"],"acts_visited":["Exordium"],"potions_floor_usage":[8],"damage_taken":[{"damage":6,"enemies":"2 Louse","floor":1,"turns":2},{"damage":2,"enemies":"Small Slimes","floor":5,"turns":3},{"damage":35,"enemies":"Gremlin Nob","floor":6,"turns":5},{"damage":14,"enemies":"3 Sentries","floor":8,"turns":3},{"damage":31,"enemies":"Lagavulin","floor":10,"turns":6}],"seed_played":"6951935702179177070","potions_obtained":[{"floor":1,"key":"SpeedPotion"},{"floor":5,"key":"PowerPotion"},{"floor":8,"key":"SneckoOil"}],"is_trial":false,"path_per_floor":["M","?","?","?","M","E","R","E","T","E"],"character_chosen":"DEFECT","items_purchased":[],"campfire_rested":1,"item_purchase_floors":[],"current_hp_per_floor":[69,51,40,40,38,3,25,25,25,0,0],"gold":183,"neow_bonus":"THREE_RARE_CARDS","is_daily":false,"chose_seed":false,"campfire_upgraded":0,"win_rate":0.0,"timestamp":1609980875,"path_taken":["M","?","?","?","M","E","R","E","T","E"],"items_purchased_type":[],"build_version":"2020-12-22","purchased_purges":0,"victory":false,"max_hp_per_floor":[75,75,75,75,75,75,75,89,89,89,89],"relic_stats":{"counters":[5,19],"Golden Idol":18,"obtain_stats":[{"Golden Idol":2,"Mango":8,"The Courier":9,"Cracked Core":0,"Cables":6},{"Golden Idol":1,"Mango":4,"The Courier":4,"Cracked Core":0,"Cables":3},{"Golden Idol":2,"Mango":13,"The Courier":13,"Cracked Core":0,"Cables":10}],"Cables":[8,6,2,0,0]},"card_choices":[{"not_picked":["Echo Form","Fission"],"picked":"Rainbow","floor":0},{"not_picked":["Hologram","Redo"],"picked":"Gash","floor":1},{"not_picked":["Coolheaded","Ball Lightning"],"picked":"Gash","floor":5},{"not_picked":["Streamline","Gash"],"picked":"Genetic Algorithm","floor":6},{"not_picked":["Turbo","Blizzard"],"picked":"Steam","floor":8}],"player_experience":786268,"relics_obtained":[{"floor":6,"key":"Cables"},{"floor":8,"key":"Mango"},{"floor":9,"key":"The Courier"}],"event_choices":[{"damage_healed":0,"gold_gain":0,"player_choice":"Take Damage","damage_taken":18,"relics_obtained":["Golden Idol"],"max_hp_gain":0,"max_hp_loss":0,"event_name":"Golden Idol","floor":2,"gold_loss":0},{"damage_healed":0,"gold_gain":75,"player_choice":"Gather Gold","damage_taken":11,"max_hp_gain":0,"max_hp_loss":0,"event_name":"World of Goop","floor":3,"gold_loss":0},{"cards_removed":["Strike_B"],"damage_healed":0,"gold_gain":0,"player_choice":"Forget","damage_taken":0,"max_hp_gain":0,"max_hp_loss":0,"event_name":"Living Wall","floor":4,"gold_loss":0}],"is_beta":false,"boss_relics":[],"items_purged_floors":[],"is_endless":false,"potions_floor_spawned":[1,5,8],"killed_by":"Lagavulin","ascension_level":5}}