{"host":"ygfasg9u7olr7skw","time":1609986239,"event":{"mods":["AchievementEnabler","BaseMod","Better Note","Better Vampires","Colored Powertips","Minty Spire (QoL Compilation)","Replay The Spire","Spicy Shops","StSLib","The IronCluck"],"gold_per_floor":[209,228,228,328,338,367,367,399,399,399,54,69,69,69,69,170,220,236,236,249,59,71,71,71,71],"floor_reached":24,"playtime":1651,"items_purged":["Strike_G","Strike_G"],"score":204,"play_id":"ccd053d6-5b32-498b-a520-607d3a2b2e6e","local_time":"20210106212359","is_ascension_mode":false,"campfire_choices":[{"floor":7,"key":"REST"},{"floor":13,"key":"REST"},{"floor":15,"key":"REST"},{"floor":23,"key":"REST"}],"circlet_count":0,"master_deck":["Strike_G","Defend_G","Defend_G","Defend_G","Defend_G","Defend_G","Survivor","Neutralize","Poisoned Stab","Deadly Poison","Bane+1","ReplayTheSpireMod:Necrosis","Poisoned Stab","Bane","Replay:Poison Smokescreen+1","Poisoned Stab","Draining Mist+1"],"relics":["Ring of the Snake","Juzu Bracelet","Replay:Multitool","Replay:Accelerometer","Ice Cream","Question Card","Frozen Eye","Tiny House","CultistMask"],"acts_visited":["Exordium","TheCity"],"potions_floor_usage":[8,16,18],"damage_taken":[{"damage":0,"enemies":"2 Louse","floor":1,"turns":3},{"damage":4,"enemies":"Cultist","floor":2,"turns":4},{"damage":2,"enemies":"Jaw Worm","floor":5,"turns":4},{"damage":33,"enemies":"Gremlin Nob","floor":6,"turns":5},{"damage":33,"enemies":"3 Sentries","floor":8,"turns":12},{"damage":3,"enemies":"3 Louse","floor":12,"turns":5},{"damage":18,"enemies":"Hexaghost","floor":16,"turns":11},{"damage":0,"enemies":"Spheric Guardian","floor":18,"turns":3},{"damage":23,"enemies":"Shell Parasite","floor":20,"turns":6},{"damage":25,"enemies":"Centurion and Healer","floor":22,"turns":6},{"damage":57,"enemies":"Slavers","floor":24,"turns":4}],"seed_played":"1824530949969641134","potions_obtained":[{"floor":5,"key":"SkillPotion"},{"floor":6,"key":"Cursed Concoction"},{"floor":12,"key":"SpeedPotion"},{"floor":16,"key":"AttackPotion"},{"floor":17,"key":"Dexterity Potion"},{"floor":20,"key":"Ancient Potion"}],"is_trial":false,"path_per_floor":["M","M","?","?","M","E","R","E","T","?","$","M","R","?","R","B",null,"M","?","M","$","M","R","E"],"character_chosen":"THE_SILENT","items_purchased":["Question Card","Frozen Eye","Poisoned Stab"],"campfire_rested":4,"item_purchase_floors":[11,11,21],"current_hp_per_floor":[70,66,66,66,64,31,52,19,19,19,19,16,37,30,51,33,75,75,75,52,52,27,49,0,0],"gold":71,"neow_bonus":"HUNDRED_GOLD","is_daily":false,"chose_seed":false,"campfire_upgraded":0,"win_rate":0.0,"timestamp":1609986239,"path_taken":["M","M","?","?","M","E","R","E","T","?","$","M","R","?","R","BOSS","M","?","M","$","M","R","E"],"items_purchased_type":["Relic","Relic","Card"],"build_version":"2020-12-22","purchased_purges":2,"victory":false,"max_hp_per_floor":[70,70,70,70,70,70,70,70,70,70,70,70,70,70,70,70,75,75,75,75,75,75,75,75,75],"card_choices":[{"not_picked":["PiercingWail","Dagger Throw"],"picked":"Poisoned Stab","floor":1},{"not_picked":["PiercingWail","All Out Attack"],"picked":"Deadly Poison","floor":2},{"not_picked":["Dagger Throw","Dodge and Roll","Tactician"],"picked":"SKIP","floor":5},{"not_picked":["Dagger Spray","ReplayTheSpireMod:Scrap Shanks","Outmaneuver"],"picked":"SKIP","floor":6},{"not_picked":["Skewer","Prepared","Underhanded Strike"],"picked":"SKIP","floor":8},{"not_picked":["Tactician","Hidden Blade","ReplayTheSpireMod:Exploit Weakness"],"picked":"Bane","floor":12},{"not_picked":["Envenom","Malaise","Venomology"],"picked":"ReplayTheSpireMod:Necrosis","floor":16},{"not_picked":["Underhanded Strike","Acrobatics","Quick Slash"],"picked":"Poisoned Stab","floor":17},{"not_picked":["Cloak And Dagger","Prepared","Hidden Blade"],"picked":"Bane","floor":18},{"not_picked":["Sneak Up+1","Flying Knee","Dagger Spray"],"picked":"Replay:Poison Smokescreen+1","floor":20},{"not_picked":["ReplayTheSpireMod:Exploit Weakness","Outmaneuver+1","Finisher"],"picked":"Draining Mist+1","floor":22}],"player_experience":213178,"relics_obtained":[{"floor":6,"key":"Juzu Bracelet"},{"floor":8,"key":"Replay:Multitool"},{"floor":9,"key":"Replay:Accelerometer"},{"floor":10,"key":"Ice Cream"}],"event_choices":[{"cards_removed":["Strike_G"],"damage_healed":0,"gold_gain":0,"player_choice":"Forget","damage_taken":0,"max_hp_gain":0,"max_hp_loss":0,"event_name":"Living Wall","floor":3,"gold_loss":0},{"damage_healed":0,"gold_gain":100,"player_choice":"Pray","damage_taken":0,"max_hp_gain":0,"max_hp_loss":0,"event_name":"Golden Shrine","floor":4,"gold_loss":0},{"damage_healed":0,"gold_gain":0,"player_choice":"Relic","damage_taken":0,"max_hp_gain":0,"max_hp_loss":0,"event_name":"Wheel of Change","floor":10,"gold_loss":0},{"cards_removed":["Strike_G"],"damage_healed":0,"gold_gain":0,"player_choice":"Card Removal","damage_taken":7,"max_hp_gain":0,"max_hp_loss":0,"event_name":"Golden Wing","floor":14,"gold_loss":0},{"damage_healed":0,"gold_gain":0,"player_choice":"Trade","damage_taken":0,"relics_obtained":["CultistMask"],"max_hp_gain":0,"max_hp_loss":0,"event_name":"FaceTrader","floor":19,"gold_loss":0}],"is_beta":false,"boss_relics":[{"not_picked":["ChewingGum","HoveringKite"],"picked":"Tiny House"}],"items_purged_floors":[11,21],"is_endless":false,"potions_floor_spawned":[5,6,12,16,20],"killed_by":"Slavers","ascension_level":0}}