{"host":"n9u8fygc1apihmnd","time":1609994839,"event":{"mods":["AchievementEnabler","Astrologer","BaseMod","Beaked The Cultist","Better Third Choice","BetterRewards","CapriCore","Colored Powertips","Conspire","Downfall","Duelist Mod","Energized Spire","Friendly Minions","Gremlin Mod","GungeonMod","Hermit","HololiveMod","Hubris","Infinite Spire","Jedi Mod","Jorbs\u0027s Wanderer Trilogy","KinomotoSakuraMod(????)","Koishi","Marisa????????","Minty Spire (QoL Compilation)","Permanent Neow","QueenMod","Random Character Button","Remilia??????","Replay The Spire","Shedinja","Spicy Shops","StSLib","The Animator","The Bug Knight","The Construct","The Cursed","The Disciple","The Hayseed","The Hierophant","The Immortal","The Mystic","The Necromancer","The Runesmith","The Senshi","The Servant 0.9.4","The Wild Card","TheBandit","WarShipGirlsR/????R mod","everything is the same but u backflip on backflip","vexMod"],"gold_per_floor":[118,118,137,153,153,153,165,190,215,225,68,86,28,38,38,141,141,160,160,170,145,157,187,187,203,251,262,262,275,275,294,294,294,294],"floor_reached":33,"playtime":1661,"items_purged":[],"score":298,"play_id":"a08570ff-cdb6-44fb-af73-efc72641e3ec","local_time":"20210106204719","is_ascension_mode":false,"campfire_choices":[{"data":"ClowCardTheShield","floor":6,"key":"SMITH"},{"floor":15,"key":"REST"},{"floor":24,"key":"REST"},{"floor":28,"key":"REST"},{"floor":32,"key":"REST"}],"circlet_count":0,"master_deck":["SakuraCardTheSword+","ClowCardTheSword","ClowCardTheSword","ClowCardTheSword","ClowCardTheShield","ClowCardTheShield","ClowCardTheShield+1","ClowCardTheShield","SpellCardSeal","SpellCardRelease","ClowCardTheSand","ClowCardTheMaze","ClowCardTheShot","ClowCardTheSweet","ClowCardTheFloat","ClowCardTheMaze","ClowCardTheMist","ClowCardTheFly+1","ClowCardTheWindy","ClowCardTheFight","ClowCardTheVoice","ClowCardTheErase+1","ClowCardThePower","ClowCardTheLibra+1","ClowCardTheSand","ClowCardTheBig+1","ClowCardTheEarthy","ClowCardTheShot"],"relics":["KSMOD_SealedBook","KSMOD_SealedWand","hubris:Towel","infinitespire:Beetle Shell","Omamori","jedi:fakemustache","jedi:paperlyon","Gremlin Horn","ReplayTheSpireMod:TigerMarble","MutagenicStrength"],"acts_visited":["Exordium","TheCity"],"potions_floor_usage":[33],"damage_taken":[{"damage":1,"enemies":"Jaw Worm","floor":1,"turns":5},{"damage":4,"enemies":"2 Louse","floor":3,"turns":4},{"damage":5,"enemies":"conspire:RoseBush","floor":4,"turns":4},{"damage":6,"enemies":"3 Louse","floor":7,"turns":4},{"damage":34,"enemies":"Gremlin Nob","floor":8,"turns":6},{"damage":10,"enemies":"conspire:2 RoseBushes","floor":10,"turns":5},{"damage":8,"enemies":"2 Fungi Beasts","floor":12,"turns":5},{"damage":15,"enemies":"Looter","floor":14,"turns":4},{"damage":8,"enemies":"The Guardian","floor":16,"turns":10},{"damage":23,"enemies":"conspire:FuzzyDice","floor":18,"turns":6},{"damage":15,"enemies":"Snecko","floor":20,"turns":4},{"damage":17,"enemies":"conspire:HollyBat","floor":22,"turns":9},{"damage":0,"enemies":"theDuelist:KaibaA2","floor":23,"turns":5},{"damage":12,"enemies":"Snake Plant","floor":25,"turns":4},{"damage":14,"enemies":"Centurion and Healer","floor":27,"turns":6},{"damage":0,"enemies":"Snecko","floor":29,"turns":5},{"damage":26,"enemies":"Snake Plant","floor":31,"turns":5},{"damage":72,"enemies":"hubris:MusketHawk","floor":33,"turns":6}],"seed_played":"-960766104544294612","potions_obtained":[{"floor":3,"key":"SpeedPotion"},{"floor":12,"key":"jedi:wingpotion"},{"floor":14,"key":"Swift Potion"},{"floor":16,"key":"champ:CounterPotion"}],"is_trial":false,"path_per_floor":["M","?","M","M","?","R","M","E","T","M","$","M","$","M","R","B",null,"M","?","M","?","M","E","R","M","T","M","R","M","?","M","R","B"],"character_chosen":"KINOMOTOSAKURA","items_purchased":["jedi:fakemustache","ClowCardTheFly+1"],"campfire_rested":4,"item_purchase_floors":[11,13],"current_hp_per_floor":[69,69,65,60,60,60,54,25,25,20,30,22,27,17,38,35,70,47,47,37,37,25,34,55,48,48,39,60,60,60,39,60,0,0],"gold":294,"neow_bonus":"","is_daily":false,"chose_seed":false,"campfire_upgraded":1,"win_rate":0.0,"timestamp":1609994839,"path_taken":["M","?","M","M","?","R","M","E","T","M","$","M","$","M","R","BOSS","M","?","M","?","M","E","R","M","T","M","R","M","?","M","R","BOSS"],"items_purchased_type":["Relic","Card"],"build_version":"2020-12-22","purchased_purges":0,"victory":false,"max_hp_per_floor":[70,70,70,70,70,70,70,70,70,70,70,70,70,70,70,70,70,70,70,70,70,70,70,70,70,70,70,70,70,70,70,70,70,70],"card_choices":[{"not_picked":["ClowCardTheIllusion","ClowCardTheFlower"],"picked":"ClowCardTheSand","floor":1},{"not_picked":["ClowCardTheShot","ClowCardTheSleep"],"picked":"ClowCardTheMaze","floor":3},{"not_picked":["ClowCardTheRain","ClowCardTheMove"],"picked":"ClowCardTheShot","floor":4},{"not_picked":["ClowCardTheWood","ClowCardTheMist"],"picked":"ClowCardTheSweet","floor":7},{"not_picked":["ClowCardTheStorm","ClowCardTheMirror"],"picked":"ClowCardTheFloat","floor":8},{"not_picked":["ClowCardTheShot","ClowCardTheVoice"],"picked":"ClowCardTheMaze","floor":10},{"not_picked":["ClowCardTheVoice","ClowCardTheMove"],"picked":"ClowCardTheMist","floor":12},{"not_picked":["ClowCardTheSand","ClowCardTheLock"],"picked":"ClowCardTheWindy","floor":14},{"not_picked":["ClowCardTheLight","ClowCardTheReturn"],"picked":"ClowCardTheFight","floor":16},{"not_picked":["ClowCardTheSleep","ClowCardTheLock+1"],"picked":"ClowCardTheVoice","floor":18},{"not_picked":["ClowCardTheDark","ClowCardTheSilent+1"],"picked":"ClowCardTheErase+1","floor":20},{"not_picked":["ClowCardTheEarthy","ClowCardTheSand+1"],"picked":"ClowCardThePower","floor":22},{"not_picked":["ClowCardTheSand","ClowCardTheRain+1"],"picked":"ClowCardTheLibra+1","floor":23},{"not_picked":["ClowCardTheGlow","ClowCardTheFly"],"picked":"ClowCardTheSand","floor":25},{"not_picked":["ClowCardTheShadow","ClowCardTheLibra"],"picked":"ClowCardTheBig+1","floor":27},{"not_picked":["ClowCardTheChange","ClowCardTheIllusion"],"picked":"ClowCardTheEarthy","floor":29},{"not_picked":["ClowCardTheSand","ClowCardTheEarthy"],"picked":"ClowCardTheShot","floor":31}],"player_experience":82921,"relics_obtained":[{"floor":8,"key":"infinitespire:Beetle Shell"},{"floor":9,"key":"Omamori"},{"floor":23,"key":"Gremlin Horn"},{"floor":26,"key":"ReplayTheSpireMod:TigerMarble"}],"event_choices":[{"damage_healed":0,"gold_gain":0,"player_choice":"Disagree","damage_taken":0,"max_hp_gain":0,"max_hp_loss":0,"event_name":"conspire:LoneGhost","floor":2,"gold_loss":0},{"damage_healed":0,"gold_gain":0,"player_choice":"Inject Mutagens","damage_taken":0,"relics_obtained":["MutagenicStrength"],"max_hp_gain":0,"max_hp_loss":0,"event_name":"Drug Dealer","floor":30,"gold_loss":0}],"is_beta":false,"boss_relics":[{"not_picked":["energizedSpire:CursedPentagram","hubris:Backtick"],"picked":"jedi:paperlyon"}],"items_purged_floors":[],"is_endless":false,"potions_floor_spawned":[3,12,14,16,18,23,27,31],"killed_by":"hubris:MusketHawk","ascension_level":0}}