{"host":"ga4s3hj9m6nkn6gp","time":1609980643,"event":{"mods":["AchievementEnabler","BaseMod","Bestiary","Colored Powertips","Highlight Path","Minty Spire (QoL Compilation)","Relic Stats","everything is the same but u backflip on backflip"],"gold_per_floor":[110,129,129,54,129,155,155,175,175,100,120,120,137,157,157,234,234,253,53,53,53,63,63,93,106,106,136,147,177,227,243,243,243,243],"floor_reached":33,"playtime":1606,"items_purged":["Strike_G","Strike_G"],"score":614,"play_id":"a508b260-4e9c-43e1-8533-faa18510cb2a","local_time":"20210107015043","is_ascension_mode":true,"campfire_choices":[{"data":"Dash","floor":7.0,"key":"SMITH"},{"data":"Sucker Punch","floor":12.0,"key":"SMITH"},{"data":"Dagger Spray","floor":15.0,"key":"SMITH"},{"data":"Noxious Fumes","floor":23.0,"key":"SMITH"},{"data":"Wraith Form v2","floor":32,"key":"SMITH"}],"circlet_count":0,"master_deck":["AscendersBane","Strike_G","Strike_G","Defend_G","Defend_G","Defend_G","Defend_G","Defend_G","Survivor","Neutralize","Sucker Punch+1","Dash+1","Dagger Spray+1","Escape Plan","Wraith Form v2+1","Blade Dance","Noxious Fumes+1","Acrobatics","Ghostly","Ghostly","Ghostly","Blade Dance+1","Backstab","Noxious Fumes","Noxious Fumes"],"relics":["Ring of the Snake","Blood Vial","Meat on the Bone","Mercury Hourglass","Sozu","Art of War","Incense Burner","Dream Catcher"],"acts_visited":["Exordium","TheCity"],"potions_floor_usage":[33],"damage_taken":[{"damage":0.0,"enemies":"2 Louse","floor":1.0,"turns":4.0},{"damage":2.0,"enemies":"Small Slimes","floor":2.0,"turns":4.0},{"damage":29.0,"enemies":"3 Sentries","floor":6.0,"turns":15.0},{"damage":0.0,"enemies":"Jaw Worm","floor":8.0,"turns":4.0},{"damage":9.0,"enemies":"Exordium Wildlife","floor":11.0,"turns":4.0},{"damage":0.0,"enemies":"Lots of Slimes","floor":13.0,"turns":3.0},{"damage":1.0,"enemies":"Looter","floor":14.0,"turns":3.0},{"damage":18.0,"enemies":"The Guardian","floor":16.0,"turns":10.0},{"damage":12.0,"enemies":"Chosen","floor":18.0,"turns":7.0},{"damage":0.0,"enemies":"2 Thieves","floor":22.0,"turns":4.0},{"damage":11.0,"enemies":"Gremlin Leader","floor":24.0,"turns":6.0},{"damage":14.0,"enemies":"Chosen and Byrds","floor":25.0,"turns":7.0},{"damage":10,"enemies":"Slavers","floor":27,"turns":5},{"damage":3,"enemies":"Snake Plant","floor":28,"turns":4},{"damage":6,"enemies":"Book of Stabbing","floor":29,"turns":7},{"damage":0,"enemies":"Centurion and Healer","floor":31,"turns":9},{"damage":29,"enemies":"Collector","floor":33,"turns":8}],"seed_played":"4029072177764751274","potions_obtained":[{"floor":2.0,"key":"Poison Potion"},{"floor":6.0,"key":"CultistPotion"},{"floor":16.0,"key":"Poison Potion"}],"is_trial":false,"path_per_floor":["M","M","?","?","?","E","R","M","T","$","M","R","M","M","R","B",null,"M","$","?","?","M","R","E","M","T","E","M","E","?","M","R","B"],"character_chosen":"THE_SILENT","items_purchased":["Noxious Fumes","Acrobatics"],"campfire_rested":0,"item_purchase_floors":[19,19],"current_hp_per_floor":[61,61,66,66,55,28,28,42,42,42,47,47,49,50,50,46,65,55,55,55,35,35,35,24,24,24,28,27,23,23,25,25,0,0],"gold":243,"neow_bonus":"RANDOM_COMMON_RELIC","is_daily":false,"chose_seed":false,"campfire_upgraded":5,"win_rate":0.0,"timestamp":1609980643,"path_taken":["M","M","?","?","?","E","R","M","T","$","M","R","M","M","R","BOSS","M","$","?","?","M","R","E","M","T","E","M","E","?","M","R","BOSS"],"items_purchased_type":["Card","Card"],"build_version":"2020-12-22","purchased_purges":2,"victory":false,"max_hp_per_floor":[66,66,71,71,71,71,71,71,71,71,71,71,71,71,71,71,71,71,71,71,35,35,35,35,35,35,35,35,35,35,35,35,35,35],"relic_stats":{"Blood Vial":30,"Sozu":4,"Dream Catcher":0,"counters":[17,102],"Art of War":[4],"obtain_stats":[{"Blood Vial":0,"Sozu":17,"Dream Catcher":29,"Art of War":24,"Incense Burner":27,"Ring of the Snake":0,"Meat on the Bone":6,"Mercury Hourglass":9},{"Blood Vial":0,"Sozu":8,"Dream Catcher":15,"Art of War":11,"Incense Burner":13,"Ring of the Snake":0,"Meat on the Bone":3,"Mercury Hourglass":4},{"Blood Vial":0,"Sozu":46,"Dream Catcher":86,"Art of War":63,"Incense Burner":75,"Ring of the Snake":0,"Meat on the Bone":23,"Mercury Hourglass":27}],"Ring of the Snake":[34],"Meat on the Bone":60,"Mercury Hourglass":[330]},"card_choices":[{"not_picked":["Deflect","Cloak And Dagger"],"picked":"Sucker Punch","floor":1.0},{"not_picked":["Concentrate","Quick Slash"],"picked":"Dash","floor":2.0},{"not_picked":["Setup","Masterful Stab"],"picked":"Dagger Spray","floor":6.0},{"not_picked":["Backflip","Accuracy"],"picked":"Escape Plan","floor":8.0},{"not_picked":["Cloak And Dagger","Dodge and Roll","Deadly Poison"],"picked":"SKIP","floor":11.0},{"not_picked":["Dagger Spray","Eviscerate","Cloak And Dagger"],"picked":"SKIP","floor":13.0},{"not_picked":["Distraction","Bane","Poisoned Stab"],"picked":"SKIP","floor":14.0},{"not_picked":["Malaise","Adrenaline"],"picked":"Wraith Form v2","floor":16.0},{"not_picked":["Dash","Sucker Punch"],"picked":"Blade Dance","floor":18.0},{"not_picked":["Acrobatics","Die Die Die"],"picked":"Blade Dance+1","floor":22.0},{"not_picked":["Slice","Deadly Poison+1","Flying Knee"],"picked":"SKIP","floor":24.0},{"not_picked":["Dodge and Roll","Backflip","Expertise"],"picked":"SKIP","floor":25.0},{"not_picked":["Dagger Throw","Quick Slash"],"picked":"Backstab","floor":27},{"not_picked":["Deflect","Sucker Punch"],"picked":"Noxious Fumes","floor":28},{"not_picked":["Expertise","Distraction","Sucker Punch"],"picked":"SKIP","floor":29},{"not_picked":["Endless Agony","Poisoned Stab"],"picked":"Noxious Fumes","floor":31}],"player_experience":591088,"relics_obtained":[{"floor":6.0,"key":"Meat on the Bone"},{"floor":9.0,"key":"Mercury Hourglass"},{"floor":24.0,"key":"Art of War"},{"floor":27,"key":"Incense Burner"},{"floor":29,"key":"Dream Catcher"}],"event_choices":[{"damage_healed":0.0,"max_hp_gain":5.0,"max_hp_loss":0.0,"gold_gain":0.0,"event_name":"Big Fish","player_choice":"Donut","floor":3.0,"gold_loss":0.0,"damage_taken":0.0},{"cards_removed":["Strike_G"],"damage_healed":0.0,"max_hp_gain":0.0,"max_hp_loss":0.0,"gold_gain":0.0,"event_name":"The Cleric","player_choice":"Card Removal","floor":4.0,"gold_loss":75.0,"damage_taken":0.0},{"damage_healed":0.0,"max_hp_gain":0.0,"max_hp_loss":0.0,"gold_gain":75.0,"event_name":"World of Goop","player_choice":"Gather Gold","floor":5.0,"gold_loss":0.0,"damage_taken":11.0},{"damage_healed":0.0,"max_hp_gain":0.0,"max_hp_loss":36.0,"gold_gain":0.0,"event_name":"Ghosts","player_choice":"Became a Ghost","floor":21.0,"gold_loss":0.0,"damage_taken":0.0,"cards_obtained":["Ghostly","Ghostly","Ghostly"]},{"damage_healed":0,"gold_gain":50,"player_choice":"Stole From Cult","damage_taken":0,"max_hp_gain":0,"max_hp_loss":0,"event_name":"Nest","floor":30,"gold_loss":0}],"is_beta":false,"boss_relics":[{"not_picked":["Empty Cage","SlaversCollar"],"picked":"Sozu"}],"items_purged_floors":[10,19],"is_endless":false,"potions_floor_spawned":[2,6,13,16,22,27,28,29],"killed_by":"Collector","ascension_level":20}}