{"host":"wppa8gky53tnknhf","time":1609982865,"event":{"mods":["AchievementEnabler","Act Like it!","BaseMod","Better Third Choice","BetterRewards","Card Forge","Colored Powertips","Energized Spire","Hubris","Infinite Spire","Marked Mod","Minty Spire (QoL Compilation)","Permanent Neow","Quick Restart","Rare Cards Sparkle","Relic Stats","Remove Card Discount Mod","Replay The Spire","Spikes Relics","Spire Birthday Party","StSLib","The Death Knight","Wandering Minibosses"],"gold_per_floor":[17,30,49,64,76,76,102,102,102,102,134,160,172,197,209,323,323],"floor_reached":16,"playtime":651,"items_purged":[],"score":225,"play_id":"995880f2-c703-4087-b1f3-5a68078e6495","local_time":"20210107012745","is_ascension_mode":true,"campfire_choices":[{"floor":6,"key":"RECALL"},{"floor":8,"key":"REST"},{"floor":13,"key":"REST"},{"floor":15,"key":"REST"}],"circlet_count":0,"master_deck":["DeathKnight:Strike_DeathKnight+1","DeathKnight:Strike_DeathKnight+1","DeathKnight:Strike_DeathKnight+1","DeathKnight:Strike_DeathKnight+1","DeathKnight:Strike_DeathKnight+1","DeathKnight:Defend_DeathKnight+1","DeathKnight:Defend_DeathKnight+1","DeathKnight:Defend_DeathKnight+1","DeathKnight:Defend_DeathKnight+1","DeathKnight:Defend_DeathKnight+1","DeathKnight:RuneTap+1","DeathKnight:RuneStrike+1","DeathKnight:Razorice+1","DeathKnight:PillarOfFrost+1","DeathKnight:FrosPresence+1","DeathKnight:IceboundArmor+1","DeathKnight:IceboundArmor+1","DeathKnight:RunicCorruption+1","DeathKnight:BladedArmor+1","DeathKnight:Hysteria+1","DeathKnight:MindFreeze+1"],"relics":["DeathKnight:BrokenRuneblade","Hammer of Thor","Seething Fire","Anvil of the Gods","MawBank"],"acts_visited":["Exordium"],"potions_floor_usage":[4,7,12,16],"damage_taken":[{"damage":0,"enemies":"Cultist","floor":1,"turns":3},{"damage":0,"enemies":"Small Slimes","floor":2,"turns":3},{"damage":6,"enemies":"2 Louse","floor":3,"turns":2},{"damage":18,"enemies":"Lots of Slimes","floor":4,"turns":7},{"damage":0,"enemies":"3 Louse","floor":5,"turns":4},{"damage":0,"enemies":"Lagavulin","floor":7,"turns":8},{"damage":55,"enemies":"Gremlin Nob","floor":11,"turns":6},{"damage":3,"enemies":"Exordium Wildlife","floor":12,"turns":6},{"damage":0,"enemies":"Large Slime","floor":14,"turns":8},{"damage":2,"enemies":"Hexaghost","floor":16,"turns":9}],"seed_played":"-8423951501350606029","potions_obtained":[{"floor":2,"key":"LiquidMemories"},{"floor":4,"key":"PowerPotion"},{"floor":7,"key":"DuplicationPotion"},{"floor":11,"key":"DistilledChaos"},{"floor":14,"key":"GamblersBrew"}],"is_trial":false,"path_per_floor":["M","M","M","M","M","R","E","R","T","?","E","M","R","M","R","B"],"character_chosen":"DEATH_KNIGHT","items_purchased":[],"campfire_rested":3,"item_purchase_floors":[],"current_hp_per_floor":[75,75,69,51,51,51,51,73,73,73,18,15,37,37,59,57,57],"gold":323,"neow_bonus":"THREE_RARE_CARDS","is_daily":false,"chose_seed":false,"campfire_upgraded":0,"win_rate":0.0,"timestamp":1609982865,"path_taken":["M","M","M","M","M","R","E","R","T","?","E","M","R","M","R","BOSS"],"items_purchased_type":[],"build_version":"2020-12-22","purchased_purges":0,"victory":false,"max_hp_per_floor":[75,75,75,75,75,75,75,75,75,75,75,75,75,75,75,75,75],"relic_stats":{"counters":[10,56],"MawBank":60,"obtain_stats":[{"Anvil of the Gods":0,"Hammer of Thor":0,"Seething Fire":0,"MawBank":11,"DeathKnight:BrokenRuneblade":0},{"Anvil of the Gods":0,"Hammer of Thor":0,"Seething Fire":0,"MawBank":7,"DeathKnight:BrokenRuneblade":0},{"Anvil of the Gods":0,"Hammer of Thor":0,"Seething Fire":0,"MawBank":33,"DeathKnight:BrokenRuneblade":0}]},"card_choices":[{"not_picked":["DeathKnight:Defile","DeathKnight:RunicDetonation"],"picked":"DeathKnight:Razorice","floor":0},{"not_picked":["DeathKnight:MutagenicPlague","DeathKnight:DeathGrip"],"picked":"DeathKnight:PillarOfFrost","floor":1},{"not_picked":["DeathKnight:MutagenicPlague","DeathKnight:DeathGrip"],"picked":"DeathKnight:PillarOfFrost","floor":1},{"not_picked":["DeathKnight:Parry","DeathKnight:DeathGrip"],"picked":"DeathKnight:FrosPresence","floor":2},{"not_picked":["DeathKnight:Hysteria","DeathKnight:Pestilence"],"picked":"DeathKnight:IceboundArmor","floor":3},{"not_picked":["DeathKnight:DeathStrike","DeathKnight:DreadStrike"],"picked":"DeathKnight:IceboundArmor","floor":4},{"not_picked":["DeathKnight:UnholyPresence","DeathKnight:DeathCoil","DeathKnight:DancingRuneblade"],"picked":"SKIP","floor":5},{"not_picked":["DeathKnight:Ossuary","DeathKnight:Runeguard"],"picked":"DeathKnight:RunicCorruption","floor":7},{"not_picked":["DeathKnight:Lichborne","DeathKnight:Defile"],"picked":"DeathKnight:BladedArmor","floor":11},{"not_picked":["DeathKnight:Obliterate","DeathKnight:MindFreeze"],"picked":"DeathKnight:Hysteria","floor":12},{"not_picked":["DeathKnight:BoneSpear","DeathKnight:Ossuary"],"picked":"DeathKnight:MindFreeze","floor":14}],"player_experience":718247,"relics_obtained":[{"floor":11,"key":"MawBank"}],"event_choices":[{"damage_healed":0,"gold_gain":0,"player_choice":"Ignored","damage_taken":0,"max_hp_gain":0,"max_hp_loss":0,"event_name":"NoteForYourself","floor":10,"gold_loss":0}],"is_beta":false,"boss_relics":[],"items_purged_floors":[],"is_endless":false,"potions_floor_spawned":[2,4,7,11,14],"killed_by":"Hexaghost","ascension_level":1}}