{"host":"iz3c9fhlsuknuus5","time":1609979000,"event":{"mods":["BaseMod","Better Third Choice","Colored Map","Colored Powertips","Downfall","GifTheSpireLib","Minty Spire (QoL Compilation)","Quick Restart","StSLib"],"gold_per_floor":[99,119,139,49,49,49,49,49,60,45,45,45,59,77,89,192,192,192,212,223,223,223,233,233,233,247,265,282,298,298,312,332,436,436,436,436,448,448,333,348,373,373,373,373,373],"floor_reached":43,"playtime":2029,"items_purged":["hexamod:Strike","hexamod:SixthSeal"],"score":449,"play_id":"09c3bc07-ed61-4c06-902a-9f9c515c007a","local_time":"20210107002320","is_ascension_mode":false,"campfire_choices":[{"data":"expansioncontent:StudyTheSpire","floor":1.0,"key":"SMITH"},{"data":"hexamod:EmpoweringStance","floor":12.0,"key":"SMITH"},{"data":"hexamod:GhostShield","floor":18.0,"key":"SMITH"},{"floor":25.0,"key":"REST"},{"floor":30.0,"key":"REST"},{"data":"hexamod:Sear","floor":35.0,"key":"SMITH"},{"floor":42.0,"key":"REST"}],"circlet_count":0,"master_deck":["hexamod:Strike+1","hexamod:Strike+1","hexamod:Defend+1","hexamod:Defend+1","hexamod:Defend+1","hexamod:Defend+1","hexamod:Sear+1","hexamod:Float+1","expansioncontent:StudyTheSpire+1","hexamod:EmpoweringStance+1","hexamod:AdvancingGuard+1","hexamod:GhostShield+1"],"relics":["hexamod:SpiritBrand","downfall:ShatteredFragment","Mercury Hourglass","Busted Crown","MutagenicStrength","hexamod:InflammatoryLetter","Philosopher\u0027s Stone","Strawberry"],"acts_visited":["Exordium","TheCity","TheBeyond"],"potions_floor_usage":[43],"damage_taken":[{"damage":6.0,"enemies":"Jaw Worm","floor":2.0,"turns":4.0},{"damage":0.0,"enemies":"2 Louse","floor":3.0,"turns":4.0},{"damage":10.0,"enemies":"downfall:FleeingMerchant","floor":4.0,"turns":4.0},{"damage":0.0,"enemies":"Cultist","floor":9.0,"turns":3.0},{"damage":0.0,"enemies":"downfall:FleeingMerchant","floor":10.0,"turns":4.0},{"damage":0.0,"enemies":"Red Slaver","floor":13.0,"turns":3.0},{"damage":0.0,"enemies":"Large Slime","floor":14.0,"turns":4.0},{"damage":2.0,"enemies":"Lots of Slimes","floor":15.0,"turns":3.0},{"damage":10.0,"enemies":"downfall:Ironclad","floor":16.0,"turns":9.0},{"damage":0.0,"enemies":"Shell Parasite","floor":19.0,"turns":5.0},{"damage":30.0,"enemies":"Sentry and Sphere","floor":20.0,"turns":7.0},{"damage":6.0,"enemies":"Centurion and Healer","floor":23.0,"turns":6.0},{"damage":16.0,"enemies":"3 Cultists","floor":26.0,"turns":7.0},{"damage":5.0,"enemies":"Shelled Parasite and Fungi","floor":27.0,"turns":4.0},{"damage":13.0,"enemies":"Snake Plant","floor":28.0,"turns":4.0},{"damage":0.0,"enemies":"3 Cultists","floor":29.0,"turns":6.0},{"damage":3.0,"enemies":"Sentry and Sphere","floor":31.0,"turns":6.0},{"damage":2.0,"enemies":"Centurion and Healer","floor":32.0,"turns":5.0},{"damage":0.0,"enemies":"downfall:Silent","floor":33.0,"turns":7.0},{"damage":12.0,"enemies":"Orb Walker","floor":37.0,"turns":4.0},{"damage":6.0,"enemies":"downfall:FleeingMerchant","floor":39.0,"turns":4.0},{"damage":0.0,"enemies":"3 Shapes","floor":40.0,"turns":3.0},{"damage":108,"enemies":"Nemesis","floor":43,"turns":8}],"seed_played":"6121253944270510757","potions_obtained":[{"floor":2.0,"key":"sneckomod:MuddlingPotion"},{"floor":3.0,"key":"FearPotion"},{"floor":16.0,"key":"hexamod:EctoCoolerPotion"},{"floor":23.0,"key":"LiquidBronze"},{"floor":26.0,"key":"PowerPotion"},{"floor":27.0,"key":"SkillPotion"},{"floor":40.0,"key":"SteroidPotion"}],"is_trial":false,"path_per_floor":["R","M","M","$","?","?","T","?","M","$","?","R","M","M","M","B",null,"R","M","M","?","?","M","T","R","M","M","M","M","R","M","M","B",null,"R","?","M","?","$","M","T","R","E"],"character_chosen":"THE_SPIRIT","items_purchased":[],"campfire_rested":3,"item_purchase_floors":[],"current_hp_per_floor":[63,57,57,47,26,47,47,47,47,47,47,47,47,47,45,35,63,63,63,33,33,33,27,27,45,29,24,11,21,39,36,34,34,63,63,63,51,51,45,45,52,70,0,0,0],"gold":373,"neow_bonus":"RANDOM_COLORLESS_2","is_daily":false,"chose_seed":false,"campfire_upgraded":4,"win_rate":0.0,"timestamp":1609979000,"path_taken":["R","M","M","$","?","?","T","?","?","?","?","R","M","M","M","BOSS","R","M","?","?","?","M","T","R","M","M","M","M","R","M","M","BOSS","R","?","M","?","$","M","T","R","E"],"items_purchased_type":[],"build_version":"2020-12-22","purchased_purges":2,"victory":false,"max_hp_per_floor":[63,63,63,63,63,63,63,63,63,63,63,63,63,63,63,63,63,63,63,63,63,63,63,63,63,63,63,63,63,63,63,63,63,63,63,63,63,63,63,63,70,70,70,70,70],"card_choices":[{"not_picked":["Panache","Violence"],"picked":"expansioncontent:StudyTheSpire","floor":0.0},{"not_picked":["hexamod:SpectersWail","hexamod:GhostOfSpirePast","hexamod:AdvancingGuard"],"picked":"SKIP","floor":2.0},{"not_picked":["hexamod:RadiantFlame","hexamod:RainOfEmbers","hexamod:Firestarter"],"picked":"SKIP","floor":3.0},{"not_picked":["hexamod:GhostShield","hexamod:ShieldOfDarkness"],"picked":"hexamod:EmpoweringStance","floor":4.0},{"not_picked":["hexamod:RainOfEmbers","hexamod:GhostOfSpirePresent"],"picked":"hexamod:AdvancingGuard","floor":9.0},{"not_picked":["hexamod:AdvancingGuard","hexamod:GhostOfSpirePast","hexamod:Hexaguard"],"picked":"SKIP","floor":10.0},{"not_picked":["hexamod:SwordOfDarkness","hexamod:SecondSeal","hexamod:FourthSeal"],"picked":"SKIP","floor":13.0},{"not_picked":["hexamod:InspiringFlames","hexamod:SpectersWail","hexamod:CatchUp"],"picked":"SKIP","floor":14.0},{"not_picked":["hexamod:Firestarter","hexamod:RetreatToShadows","hexamod:ThermalTransfer"],"picked":"SKIP","floor":15.0},{"not_picked":["hexamod:EmpoweringStance","hexamod:TimeWarp"],"picked":"hexamod:SixthSeal","floor":16.0},{"not_picked":["hexamod:ShieldOfDarkness"],"picked":"SKIP","floor":19.0},{"not_picked":["hexamod:CatchUp"],"picked":"SKIP","floor":20.0},{"not_picked":["hexamod:BurningTouch"],"picked":"SKIP","floor":23.0},{"not_picked":["hexamod:NightmareGuise+1"],"picked":"SKIP","floor":26.0},{"not_picked":["hexamod:FastForward"],"picked":"SKIP","floor":27.0},{"not_picked":["hexamod:HeatShield"],"picked":"SKIP","floor":28.0},{"not_picked":["hexamod:HeatCrush"],"picked":"SKIP","floor":29.0},{"not_picked":["hexamod:NightmareStrike"],"picked":"SKIP","floor":31.0},{"not_picked":["hexamod:AdvancingGuard+1"],"picked":"SKIP","floor":32.0},{"not_picked":["hexamod:SwordOfDarkness"],"picked":"SKIP","floor":37.0},{"not_picked":["hexamod:SkipABeat+1"],"picked":"SKIP","floor":39.0},{"not_picked":["hexamod:CatchUp"],"picked":"SKIP","floor":40.0}],"player_experience":224362,"relics_obtained":[{"floor":7.0,"key":"Mercury Hourglass"},{"floor":24.0,"key":"hexamod:InflammatoryLetter"},{"floor":41.0,"key":"Strawberry"}],"event_choices":[{"damage_healed":21.0,"max_hp_gain":0.0,"max_hp_loss":0.0,"gold_gain":0.0,"event_name":"Big Fish","player_choice":"Banana","floor":6.0,"gold_loss":0.0,"damage_taken":0.0},{"damage_healed":0.0,"max_hp_gain":0.0,"max_hp_loss":0.0,"gold_gain":0.0,"event_name":"FaceTrader","player_choice":"Leave","floor":8.0,"gold_loss":0.0,"damage_taken":0.0},{"damage_healed":0.0,"max_hp_gain":0.0,"max_hp_loss":0.0,"gold_gain":0.0,"cards_transformed":["hexamod:Strike"],"event_name":"Transmorgrifier","player_choice":"Transformed","floor":11.0,"gold_loss":0.0,"damage_taken":0.0,"cards_obtained":["hexamod:GhostShield"]},{"damage_healed":0.0,"max_hp_gain":0.0,"max_hp_loss":0.0,"gold_gain":0.0,"event_name":"Drug Dealer","player_choice":"Inject Mutagens","floor":22.0,"gold_loss":0.0,"damage_taken":0.0,"relics_obtained":["MutagenicStrength"]}],"is_beta":false,"boss_relics":[{"not_picked":["Velvet Choker","Cursed Key"],"picked":"Busted Crown"},{"not_picked":["Tiny House","Runic Pyramid"],"picked":"Philosopher\u0027s Stone"}],"items_purged_floors":[4,39],"is_endless":false,"potions_floor_spawned":[2,3,16,23,26,27,28,32,40],"killed_by":"Nemesis","ascension_level":0}}