{"host":"bf9sa99gaumonoeu","time":1609980106,"event":{"mods":["AchievementEnabler","Act Like it!","BaseMod","Better Sensory Stone","Colored Map","Colored Powertips","Downfall","Friendly Minions","Gensokyo","GifTheSpireLib","Hallownest","Hermit","Hubris","Jorbs\u0027s Wanderer Trilogy","KinomotoSakuraMod(????)","Koishi","Lobotomy","Marisa????????","Minty Spire (QoL Compilation)","Rare Cards Sparkle","Reimu??????","Remilia??????","Replay The Spire","Shop Mod","StSLib","The Administrix","The Animator","The Blue Laboratory","The Bug Knight","The Construct","The Cursed","The Disciple","The Hierophant","The Mystic","The Necromancer","The Poker Player","The Runesmith","The Senshi","The Servant 0.9.4"],"gold_per_floor":[124,135,152,182,142,142,142,142,224,224,253,270,300,316,316,422,422,449,476,207,207,232,263,263,277,277,316,316,166,166,166,166,274,274,307,368,391,403,99,138,156,189,189,189,225,19,19,42,42,50,50,50,562,656,723,723,723,70,157,249,249,249,249,249],"floor_reached":63,"playtime":9306,"items_purged":["animator:Defend","animator:Strike","animator:Defend","animator:Strike"],"score":1174,"play_id":"23857dc8-5cc1-4459-a075-dd03ea55768d","local_time":"20210106224146","is_ascension_mode":true,"campfire_choices":[{"data":"animator:Demiurge","floor":6,"key":"SMITH"},{"data":"animator:Fredrika","floor":8,"key":"SMITH"},{"data":"animator:AcuraTooru","floor":10,"key":"SMITH"},{"floor":15,"key":"REST"},{"data":"animator:GuildGirl","floor":28,"key":"SMITH"},{"data":"animator:Fredrika","floor":30,"key":"SMITH"},{"floor":32,"key":"REST"},{"floor":44,"key":"REST"},{"floor":49,"key":"RECALL"},{"data":"animator:NarberalGamma","floor":52,"key":"SMITH"},{"floor":62,"key":"REST"}],"circlet_count":0,"master_deck":["animator:Strike_Overlord","animator:Defend_Overlord","animator:Strike","animator:Defend","animator:Cocytus","animator:Demiurge+1","animator:AcuraTooru+1","animator:Fredrika+1","animator:Entoma+1","animator:LizardPriest","animator:Sebas+1","animator:GuildGirl","animator:Fredrika+1","animator:Sebas+1","animator:ChaikaBohdan+1","animator:Guy","animator:DwarfShaman+1","animator:Tet","animator:Kyubey+1","animator:Shalltear+1","animator:HigakiRinne","animator:Viivi","animator:Priestess+1","animator:Archer","animator:NarberalGamma+1","animator:NagisaMomoe","animator:GuildGirl+1","animator:Gillette","animator:AcuraAkari+1"],"relics":["animator:TheEgnaroPiece","animator:LivingPicture","animator:TheMissingPiece","animator:AncientMedallion","ReplayTheSpireMod:Ring of Exchange"],"acts_visited":["Exordium","TheCity","TheBeyond","TheEnding","EYB:TheUnnamedReign"],"potions_floor_usage":[11,13,23,27,33,40,40,40,55,59,60,63],"damage_taken":[{"damage":10,"enemies":"Jaw Worm","floor":1,"turns":3},{"damage":0,"enemies":"2 Louse","floor":2,"turns":3},{"damage":8,"enemies":"Cultist","floor":3,"turns":5},{"damage":5,"enemies":"Looter","floor":4,"turns":5},{"damage":7,"enemies":"Lagavulin","floor":11,"turns":4},{"damage":11,"enemies":"Exordium Wildlife","floor":12,"turns":3},{"damage":16,"enemies":"Gremlin Nob","floor":13,"turns":3},{"damage":0,"enemies":"2 Fungi Beasts","floor":14,"turns":3},{"damage":15,"enemies":"The Guardian","floor":16,"turns":10},{"damage":2,"enemies":"3 Byrds","floor":18,"turns":4},{"damage":5,"enemies":"Spheric Guardian","floor":19,"turns":4},{"damage":1,"enemies":"Centurion and Healer","floor":22,"turns":3},{"damage":14,"enemies":"Slavers","floor":23,"turns":4},{"damage":0,"enemies":"Cultist and Chosen","floor":25,"turns":4},{"damage":3,"enemies":"Book of Stabbing","floor":27,"turns":4},{"damage":12,"enemies":"Collector","floor":33,"turns":6},{"damage":9,"enemies":"3 Shapes","floor":35,"turns":4},{"damage":0,"enemies":"3 Darklings","floor":37,"turns":6},{"damage":2,"enemies":"Jaw Worm Horde","floor":38,"turns":3},{"damage":17,"enemies":"Reptomancer","floor":40,"turns":4},{"damage":6,"enemies":"Writhing Mass","floor":41,"turns":4},{"damage":19,"enemies":"R_Hoarder","floor":42,"turns":6},{"damage":36,"enemies":"Giant Head","floor":45,"turns":7},{"damage":0,"enemies":"3 Darklings","floor":48,"turns":3},{"damage":56,"enemies":"Donu and Deca","floor":50,"turns":10},{"damage":15,"enemies":"animator:UNNAMED_CULTIST_1","floor":54,"turns":16},{"damage":10,"enemies":"animator:TRIPLE_SHAPES_WEAK","floor":55,"turns":12},{"damage":36,"enemies":"animator:LARGE_CRYSTAL","floor":59,"turns":9},{"damage":16,"enemies":"animator:TRIPLE_LAGAVULIN","floor":60,"turns":10},{"damage":76,"enemies":"animator:ULTIMATE_CUBE","floor":63,"turns":9}],"seed_played":"-214268517332714950","potions_obtained":[{"floor":1,"key":"Languid Potion"},{"floor":11,"key":"AttackPotion"},{"floor":13,"key":"Fire Potion"},{"floor":14,"key":"DuplicationPotion"},{"floor":22,"key":"Reflective Coating"},{"floor":25,"key":"Swift Potion"},{"floor":33,"key":"blueLaboratory:BubblePotion"},{"floor":36,"key":"blueLaboratory:FruitPunch"},{"floor":40,"key":"blueLaboratory:PyrophylliteBrew"},{"floor":41,"key":"Languid Potion"},{"floor":45,"key":"blueLaboratory:BottleOfVodka"},{"floor":54,"key":"animator:FalseLifePotion"},{"floor":55,"key":"animator:FalseLifePotion"},{"floor":59,"key":"animator:FalseLifePotion"},{"floor":60,"key":"animator:FalseLifePotion"}],"is_trial":false,"path_per_floor":["M","M","M","M","?","R","?","R","T","R","E","M","E","M","R","B",null,"M","M","$","?","M","E","?","M","T","E","R","$","R","?","R","B",null,"?","?","?","?","T","E","?","E","T","T","E","T","?","?","T","B",null,"T","??","M","M","T","?","$","M","M","?","R","E"],"character_chosen":"THE_ANIMATOR","items_purchased":["animator:Guy","Happy Flower","Explosive Potion","Mango","animator:GuildGirl+1","animator:AncientMedallion","animator:AncientMedallion"],"campfire_rested":4,"item_purchase_floors":[20,20,29,39,46,58,58],"current_hp_per_floor":[49,50,42,37,37,37,37,37,37,37,30,22,8,10,32,17,60,60,55,55,55,56,44,44,44,44,41,41,41,41,41,65,55,75,68,69,71,71,85,72,68,50,50,98,62,62,62,62,62,8,86,86,86,71,63,63,63,63,41,37,37,64,0,0],"gold":249,"neow_bonus":"UPGRADE_CARD","is_daily":false,"chose_seed":false,"campfire_upgraded":6,"win_rate":0.0,"timestamp":1609980106,"path_taken":["M","M","M","M","?","R","?","R","T","R","E","M","E","?","R","BOSS","M","M","$","?","M","E","?","M","T","E","R","$","R","?","R","BOSS","?","?","?","?","T","E","?","E","T","T","E","T","?","?","T","BOSS","T","??","M","M","T","?","$","M","M","?","R","E"],"items_purchased_type":["Card","Relic","Potion","Relic","Card","Relic","Relic"],"build_version":"2020-12-22","purchased_purges":4,"victory":false,"max_hp_per_floor":[66,67,67,67,67,67,67,67,67,67,67,70,72,74,74,74,74,76,76,76,76,78,80,80,80,80,80,80,80,80,80,80,82,82,84,85,87,89,103,107,109,110,110,110,110,110,110,110,110,112,112,112,86,86,88,88,88,88,90,90,90,90,90,90],"card_choices":[{"not_picked":["animator:OrikoMikuni","animator:Demiurge"],"picked":"animator:AcuraTooru","floor":1},{"not_picked":["animator:Sonic","animator:Tyuule"],"picked":"animator:Fredrika","floor":2},{"not_picked":["animator:AcuraTooru","animator:ChlammyZell","animator:Arpeggio"],"picked":"SKIP","floor":3},{"not_picked":["animator:Cocytus","animator:NarberalGamma"],"picked":"animator:Entoma","floor":4},{"not_picked":["animator:Tatsumaki","animator:Spearman"],"picked":"animator:LizardPriest","floor":11},{"not_picked":["animator:PandorasActor","animator:Tet"],"picked":"animator:Sebas","floor":12},{"not_picked":["animator:Tatsumaki","animator:SuzuneAmano"],"picked":"animator:GuildGirl","floor":13},{"not_picked":["animator:Gillette","animator:ChaikaBohdan"],"picked":"animator:Fredrika","floor":14},{"not_picked":["animator:Viivi+1","animator:SayakaMiki"],"picked":"animator:Sebas+1","floor":18},{"not_picked":["animator:Viivi","animator:Sebas"],"picked":"animator:ChaikaBohdan+1","floor":19},{"not_picked":["animator:DolaCouronne","animator:Layla","animator:DolaStephanie"],"picked":"SKIP","floor":22},{"not_picked":["animator:Priestess","animator:HighElfArcher"],"picked":"animator:DwarfShaman","floor":23},{"not_picked":["animator:IrohaTamaki","animator:Berserker","animator:DwarfShaman"],"picked":"SKIP","floor":25},{"not_picked":["animator:NagisaMomoe","animator:Priestess"],"picked":"animator:Tet+1","floor":27},{"not_picked":["animator:PinaCoLada+1","animator:Sora"],"picked":"animator:Kyubey","floor":33},{"not_picked":["animator:SilverFang+1","animator:RoryMercury+1"],"picked":"animator:Shalltear+1","floor":35},{"not_picked":["animator:Jibril+1","animator:LizardPriest+1"],"picked":"animator:Viivi+1","floor":36},{"not_picked":["animator:DolaSchwi+1","animator:DolaCouronne"],"picked":"animator:Priestess+1","floor":37},{"not_picked":["animator:IzunaHatsuse+1","animator:Evileye"],"picked":"animator:Archer+1","floor":38},{"not_picked":["animator:DwarfShaman+1","animator:YachiyoNanami+1","animator:DolaRiku"],"picked":"SKIP","floor":40},{"not_picked":["animator:Berserker+1","animator:Viivi+1","animator:Genos+1"],"picked":"SKIP","floor":41},{"not_picked":["animator:TukaLunaMarceau+1","animator:ChaikaBohdan+1"],"picked":"animator:NarberalGamma","floor":42},{"not_picked":["animator:Boros+1","animator:Caster+1"],"picked":"animator:NagisaMomoe","floor":45},{"not_picked":["animator:CowGirl","animator:Genos+1","animator:Lancer+1"],"picked":"SKIP","floor":48},{"not_picked":["animator:Berserker","animator:Fredrika"],"picked":"animator:Gillette","floor":54},{"not_picked":["animator:Guy","animator:ChaikaBohdan"],"picked":"animator:AcuraAkari","floor":55},{"not_picked":["animator:SilverFang","animator:Assassin","animator:DolaSchwi"],"picked":"SKIP","floor":59},{"not_picked":["animator:OrikoMikuni+1","animator:YuiTsuruno","animator:IrohaTamaki"],"picked":"SKIP","floor":60}],"player_experience":815743,"relics_obtained":[{"floor":7,"key":"Sundial"},{"floor":9,"key":"hubris:Metronome"},{"floor":11,"key":"HollowMod:PaleOreRelic"},{"floor":13,"key":"theSenshi:SailorFukuRelic"},{"floor":23,"key":"Ice Cream"},{"floor":26,"key":"Mirror"},{"floor":27,"key":"Frozen Egg 2"},{"floor":36,"key":"Molten Egg 2"},{"floor":40,"key":"Regal Pillow"},{"floor":42,"key":"ReplayTheSpireMod:Shallot"},{"floor":45,"key":"Ginger"},{"floor":53,"key":"animator:TheEgnaroPiece"},{"floor":56,"key":"animator:AncientMedallion"},{"floor":61,"key":"ReplayTheSpireMod:Ring of Exchange"}],"event_choices":[{"damage_healed":0,"gold_gain":0,"player_choice":"Donate","damage_taken":0,"relics_obtained":["PaintedHorse:ReiMu"],"max_hp_gain":0,"max_hp_loss":0,"event_name":"yidonshenshe","floor":5,"gold_loss":40},{"damage_healed":0,"gold_gain":0,"player_choice":"Relic","damage_taken":0,"max_hp_gain":0,"max_hp_loss":0,"event_name":"Wheel of Change","floor":7,"gold_loss":0},{"damage_healed":0,"gold_gain":0,"player_choice":"Ignored","damage_taken":0,"max_hp_gain":0,"max_hp_loss":0,"event_name":"Cursed Tome","floor":31,"gold_loss":0}],"is_beta":false,"boss_relics":[{"not_picked":["Kintsugi","Cursed Key"],"picked":"animator:VividPicture"},{"not_picked":["ChewingGum","Runic Dome"],"picked":"Painkiller Herb"}],"items_purged_floors":[20,29,46,58],"is_endless":false,"potions_floor_spawned":[1,11,13,14,22,25,33,40,41,45,59],"killed_by":"animator:ULTIMATE_CUBE","ascension_level":8}}