{"host":"r5cycnjhcbwgkpkf","time":1609986299,"event":{"mods":["2.2 Compatiblity","AchievementEnabler","BaseMod","Bestiary","Better Match","Better Note","Better Skull","Better Third Choice","BetterRewards","Colored Map","Colored Powertips","Downfall","Googly Eyes","Infinite Spire","Minty Spire (QoL Compilation)","Replay The Spire","Spicy Shops","StSLib"],"gold_per_floor":[116,133,208,188,198,198,198],"floor_reached":6,"playtime":265,"items_purged":[],"score":72,"play_id":"2045693c-df3e-4214-8237-286b54cc5e72","local_time":"20210106182459","is_ascension_mode":true,"campfire_choices":[],"circlet_count":0,"master_deck":["AscendersBane","Strike_R","Strike_R","Strike_R","Strike_R","Strike_R","Defend_R","Defend_R","Defend_R","Defend_R","Bash","Thunderclap","Wild Strike"],"relics":["Burning Blood","Art of War"],"acts_visited":["Exordium"],"potions_floor_usage":[5],"damage_taken":[{"damage":9,"enemies":"Jaw Worm","floor":1,"turns":4},{"damage":6,"enemies":"Cultist","floor":2,"turns":3},{"damage":11,"enemies":"infinitespire:Voidling","floor":5,"turns":5},{"damage":64,"enemies":"Gremlin Nob","floor":6,"turns":4}],"seed_played":"105053455715521032","potions_obtained":[{"floor":4,"key":"Dexterity Potion"}],"is_trial":false,"path_per_floor":["M","M","?","?","M","E"],"character_chosen":"IRONCLAD","items_purchased":["Art of War"],"campfire_rested":0,"item_purchase_floors":[0],"current_hp_per_floor":[65,65,54,54,58,0,0],"gold":198,"neow_bonus":"","is_daily":false,"chose_seed":false,"campfire_upgraded":0,"win_rate":0.0,"timestamp":1609986299,"path_taken":["M","M","?","?","?","E"],"items_purchased_type":["Relic"],"build_version":"2020-12-22","purchased_purges":0,"victory":false,"max_hp_per_floor":[75,75,75,75,75,75,75],"card_choices":[{"not_picked":["Shrug It Off","Heavy Blade"],"picked":"Thunderclap","floor":1},{"not_picked":["infinitespire:OneForAll","True Grit","Sever Soul"],"picked":"SKIP","floor":2},{"not_picked":["Shrug It Off","Reckless Charge"],"picked":"Wild Strike","floor":5}],"player_experience":407220,"relics_obtained":[],"event_choices":[{"damage_healed":0,"gold_gain":75,"player_choice":"Gold","damage_taken":11,"max_hp_gain":0,"max_hp_loss":0,"event_name":"betterThird:BetterGoop","floor":3,"gold_loss":0},{"damage_healed":0,"gold_gain":0,"player_choice":"Bought 1 Potion","damage_taken":0,"max_hp_gain":0,"max_hp_loss":0,"event_name":"The Woman in Blue","floor":4,"gold_loss":0}],"is_beta":false,"boss_relics":[],"items_purged_floors":[],"is_endless":false,"potions_floor_spawned":[],"killed_by":"Gremlin Nob","ascension_level":20}}