{"host":"jrabe6kr1404ya9q","time":1609993427,"event":{"mods":["BaseMod","Colored Map","Minty Spire (QoL Compilation)","StSLib"],"gold_per_floor":[109,123,138,138,152,152,166,199,225,62,89,89,14,14,14,87,87,103,103,182,200,216,216,246,246,246,246,246],"floor_reached":27,"playtime":2110,"items_purged":["Strike_R"],"score":507,"play_id":"f7b29620-78f4-4587-94e8-6d634cb98b78","local_time":"20210106222347","is_ascension_mode":true,"campfire_choices":[{"data":"Carnage","floor":6,"key":"SMITH"},{"data":"Shrug It Off","floor":12,"key":"SMITH"},{"data":"Spot Weakness","floor":15,"key":"SMITH"},{"data":"Immolate","floor":23,"key":"SMITH"},{"floor":25,"key":"REST"}],"circlet_count":0,"master_deck":["AscendersBane","Defend_R","Defend_R","Defend_R","Defend_R","Bash","Sever Soul+1","Twin Strike","Sword Boomerang","Carnage+1","Ghostly Armor","Spot Weakness+1","Shrug It Off+1","Immolate+1","Shrug It Off","Bite","Bite","Bite","Bite","Bite","Blood for Blood+1","Dark Embrace"],"relics":["Runic Cube","Orichalcum","Bag of Preparation","Medical Kit","Tiny Chest","Mark of Pain","Blue Candle","Nunchaku","Ornamental Fan"],"acts_visited":["Exordium","TheCity"],"potions_floor_usage":[11,16],"damage_taken":[{"damage":12,"enemies":"Jaw Worm","floor":1,"turns":3},{"damage":1,"enemies":"Cultist","floor":2,"turns":3},{"damage":1,"enemies":"2 Louse","floor":3,"turns":2},{"damage":1,"enemies":"Exordium Wildlife","floor":5,"turns":3},{"damage":8,"enemies":"Blue Slaver","floor":7,"turns":2},{"damage":8,"enemies":"Gremlin Nob","floor":8,"turns":3},{"damage":9,"enemies":"3 Sentries","floor":11,"turns":5},{"damage":11,"enemies":"The Guardian","floor":16,"turns":10},{"damage":27,"enemies":"Shell Parasite","floor":18,"turns":4},{"damage":6,"enemies":"Spheric Guardian","floor":21,"turns":3},{"damage":7,"enemies":"Centurion and Healer","floor":22,"turns":11},{"damage":40,"enemies":"Book of Stabbing","floor":24,"turns":4},{"damage":41,"enemies":"Gremlin Leader","floor":27,"turns":6}],"seed_played":"6061089349573984986","potions_obtained":[{"floor":1,"key":"HeartOfIron"},{"floor":5,"key":"Explosive Potion"}],"is_trial":false,"path_per_floor":["M","M","M","?","M","R","M","E","T","$","E","R","$","$","R","B",null,"M","?","T","M","M","R","E","R","T","E"],"character_chosen":"IRONCLAD","items_purchased":["Medical Kit"],"campfire_rested":1,"item_purchase_floors":[10],"current_hp_per_floor":[56,55,54,54,53,53,45,37,37,37,28,28,28,28,28,17,61,34,34,34,30,47,47,11,26,26,0,0],"gold":246,"neow_bonus":"BOSS_RELIC","is_daily":false,"chose_seed":false,"campfire_upgraded":4,"win_rate":0.0,"timestamp":1609993427,"path_taken":["M","M","M","?","?","R","?","E","T","?","E","R","?","$","R","BOSS","M","?","?","M","M","R","E","R","T","E"],"items_purchased_type":["Relic"],"build_version":"2020-12-22","purchased_purges":1,"victory":false,"max_hp_per_floor":[75,75,75,75,75,75,75,75,75,75,75,75,75,75,75,75,75,75,52,52,52,52,52,52,52,52,52,52],"card_choices":[{"not_picked":["Inflame","Shockwave"],"picked":"Sever Soul","floor":1},{"not_picked":["Shrug It Off","Pummel"],"picked":"Twin Strike","floor":2},{"not_picked":["Perfected Strike","Armaments"],"picked":"Sword Boomerang","floor":3},{"not_picked":["Pommel Strike","Combust"],"picked":"Carnage","floor":5},{"not_picked":["Anger","Pommel Strike"],"picked":"Ghostly Armor","floor":7},{"not_picked":["Shrug It Off","Exhume"],"picked":"Spot Weakness","floor":8},{"not_picked":["Wild Strike","Headbutt"],"picked":"Shrug It Off","floor":11},{"not_picked":["Demon Form","Double Tap"],"picked":"Immolate","floor":16},{"not_picked":["Clash","Heavy Blade"],"picked":"Shrug It Off","floor":18},{"not_picked":["Cleave","Heavy Blade"],"picked":"Blood for Blood+1","floor":21},{"not_picked":["Dropkick","Fire Breathing","Infernal Blade"],"picked":"SKIP","floor":22},{"not_picked":["Evolve","Havoc"],"picked":"Dark Embrace","floor":24}],"player_experience":1244605,"relics_obtained":[{"floor":8,"key":"Orichalcum"},{"floor":9,"key":"Bag of Preparation"},{"floor":11,"key":"Tiny Chest"},{"floor":20,"key":"Blue Candle"},{"floor":24,"key":"Nunchaku"},{"floor":26,"key":"Ornamental Fan"}],"event_choices":[{"damage_healed":0,"gold_gain":0,"player_choice":"Upgraded","damage_taken":0,"max_hp_gain":0,"max_hp_loss":0,"event_name":"Upgrade Shrine","floor":4,"gold_loss":0,"cards_upgraded":["Sever Soul"]},{"damage_healed":0,"gold_gain":0,"player_choice":"Became a vampire","damage_taken":0,"max_hp_gain":0,"max_hp_loss":23,"event_name":"Vampires","floor":19,"gold_loss":0,"cards_obtained":["Bite","Bite","Bite","Bite","Bite"]}],"is_beta":false,"boss_relics":[{"not_picked":["Ectoplasm","Runic Dome"],"picked":"Mark of Pain"}],"items_purged_floors":[13],"is_endless":false,"potions_floor_spawned":[1,5,7],"killed_by":"Gremlin Leader","ascension_level":20}}