{"host":"0npau4al1ghjijrr","time":1609993811,"event":{"mods":["ATMod(阿瑾Mod)","Act Like it!","BaseMod","Challenge The Spire","Decade(王小明)","Downfall","GungeonMod","Hallownest","Lobotomy","LobotomyExtend","Minty Spire (QoL Compilation)","Remilia（蕾米莉亚）","Replay The Spire","SOS（斯巴达之子）","Shop Mod","Spicy Shops","StSLib","The Bug Knight","Yuri Mod","vexMod","【遗物卡牌】REMEMod"],"gold_per_floor":[109,123,143,143,143,143,156,156,156,175,27,27,27,43,43,141,141,159,176,192,192,209,220,230,230,230,244,258,305,305,321,321,436,436,671,904,804,804,11,11,39,75,75,75,106,140,320,235,235,285],"floor_reached":51,"playtime":3968,"items_purged":["Regret"],"score":873,"play_id":"e6b33477-3b42-46bb-821f-5b4bd741c1a1","local_time":"20210107123011","is_ascension_mode":false,"campfire_choices":[{"data":"CeilingFear","floor":6.0,"key":"SMITH"},{"data":"TricksterDevil","floor":12.0,"key":"SMITH"},{"data":"TransientEternity","floor":13.0,"key":"SMITH"},{"data":"ScarletImprint","floor":15.0,"key":"SMITH"},{"data":"FavorOfDestiny","floor":30.0,"key":"SMITH"},{"data":"BloodAndWine","floor":32.0,"key":"SMITH"},{"data":"ScarletCoffin","floor":40.0,"key":"SMITH"},{"data":"MastersStateliness","floor":44.0,"key":"SMITH"},{"data":"DemonKingCradle","floor":49.0,"key":"SMITH"}],"circlet_count":0,"master_deck":["Strike_RM","Strike_RM+1","Strike_RM","Strike_RM","Defend_RM","Defend_RM","Defend_RM","RedMoon","ScarletShoot+1","CeilingFear+1","AT_ChampionStep+1","TransientEternity+1","UnstableMagic+1","ScarletImprint+1","LeisurelyOfLord+1","TricksterDevil+1","ScarletDevil","AfternoonTea","ScarletCoffin+1","AbeCurse","ScarletSymphony+1","MastersStateliness+1","Shame","RedRainbow","Dazed","Writhe","MillenniumVampire+1","FavorOfDestiny+1","BloodAndWine+1","CurseOfVladTepes+1","Writhe","Writhe","ChaoticDestiny+1","ScarletImprint+1","MastersStateliness","DemonKingCradle+1","Hallownest:skillKingdomsEdgeMap+1"],"relics":["ScarletHat","AT_ATBox","REME_ComplimentaryCards","Pet Ghost","Quantum Egg","Abe\u0027s Treasure","Orichalcum","Oddly Smooth Stone","vexMod:PlasmaPancake","AT_EbonyIvory","White Beast Statue","Divine Protection","Toxic Egg 2","Bottled Lightning","REME_PuzzleBoxRelic","MerchantsRug","Toolbox","Mercury Hourglass","DemoMod:MemoryAlloy","Garlic","Hallownest:GodTamersBeastRelic"],"acts_visited":["Exordium","TheCity","Hallownest:KingdomsEdge"],"potions_floor_usage":[50],"damage_taken":[{"damage":0.0,"enemies":"2 Louse","floor":1.0,"turns":3.0},{"damage":9.0,"enemies":"Jaw Worm","floor":2.0,"turns":8.0},{"damage":0.0,"enemies":"Cultist","floor":3.0,"turns":4.0},{"damage":1.0,"enemies":"Blue Slaver","floor":7.0,"turns":5.0},{"damage":3.0,"enemies":"Exordium Wildlife","floor":10.0,"turns":5.0},{"damage":4.0,"enemies":"Looter","floor":14.0,"turns":4.0},{"damage":12.0,"enemies":"The Guardian","floor":16.0,"turns":4.0},{"damage":0.0,"enemies":"Chosen","floor":18.0,"turns":2.0},{"damage":4.0,"enemies":"Spheric Guardian","floor":19.0,"turns":5.0},{"damage":0.0,"enemies":"Snecko","floor":20.0,"turns":4.0},{"damage":0.0,"enemies":"Snake Plant","floor":22.0,"turns":2.0},{"damage":2.0,"enemies":"Centurion and Healer","floor":23.0,"turns":5.0},{"damage":0.0,"enemies":"Snecko","floor":24.0,"turns":4.0},{"damage":1.0,"enemies":"Cultist and Chosen","floor":27.0,"turns":6.0},{"damage":3.0,"enemies":"Shelled Parasite and Fungi","floor":28.0,"turns":5.0},{"damage":3.0,"enemies":"Gremlin Leader","floor":29.0,"turns":7.0},{"damage":2.0,"enemies":"Snake Plant","floor":31.0,"turns":3.0},{"damage":5.0,"enemies":"Automaton","floor":33.0,"turns":6.0},{"damage":3.0,"enemies":"Hallownest:3_Siblings","floor":35.0,"turns":7.0},{"damage":0.0,"enemies":"Hallownest:2_Littles","floor":36.0,"turns":4.0},{"damage":2.0,"enemies":"Hallownest:eliteHiveKnight","floor":41.0,"turns":6.0},{"damage":0.0,"enemies":"Hallownest:2_Wing_and_1_Kings","floor":42.0,"turns":3.0},{"damage":0.0,"enemies":"Hallownest:Xero_Hu_Marmu","floor":45.0,"turns":3.0},{"damage":0.0,"enemies":"Hallownest:StalkingDevout","floor":46.0,"turns":4.0},{"damage":0.0,"enemies":"Hallownest:StalkingDevout","floor":47.0,"turns":3.0},{"damage":9.0,"enemies":"Hallownest:StalkingDevout","floor":47.0,"turns":5.0},{"damage":12.0,"enemies":"Hallownest:StalkingDevout","floor":47.0,"turns":5.0},{"damage":0.0,"enemies":"Hallownest:StalkingDevout","floor":47.0,"turns":2.0},{"damage":34,"enemies":"Hallownest:BossGreyPrinceZote","floor":50,"turns":6}],"seed_played":"8703926802855979357","potions_obtained":[{"floor":2.0,"key":"Reflective Coating"},{"floor":3.0,"key":"SkillPotion"},{"floor":10.0,"key":"LiquidMemories"},{"floor":20.0,"key":"DemoMod:LeadSkinPotion"},{"floor":22.0,"key":"SpeedPotion"},{"floor":24.0,"key":"Energy Potion"},{"floor":28.0,"key":"LiquidBronze"},{"floor":31.0,"key":"Elixir"},{"floor":45.0,"key":"REME_GoldPotion"}],"is_trial":false,"path_per_floor":["M","M","M","?","?","R","M","?","T","M","$","R","R","M","R","B",null,"M","M","M","?","M","M","M","?","T","M","M","E","R","M","R","B",null,"M","M","?","?","$","R","E","M","T","R","M","E","?","?","R","B",null],"character_chosen":"REMILIA","items_purchased":["WingedGreaves","ChaoticDestiny+1","Bottled Lightning","REME_PuzzleBoxRelic","MerchantsRug","Toolbox"],"campfire_rested":0,"item_purchase_floors":[11,39,39,39,39,39],"current_hp_per_floor":[75,66,66,66,66,66,67,67,67,67,67,67,67,63,63,70,75,75,73,75,75,75,73,75,81,81,80,80,81,81,81,81,81,81,78,81,81,80,80,80,80,80,80,80,80,80,60,60,60,40],"gold":285,"neow_bonus":"ONE_RANDOM_RARE_CARD","is_daily":false,"chose_seed":false,"campfire_upgraded":9,"win_rate":0.0,"timestamp":1609993811,"path_taken":["M","M","M","?","?","R","M","?","T","M","?","R","R","?","R","BOSS","M","M","M","?","M","M","M","?","T","M","M","E","R","M","R","BOSS","M","M","?","?","$","R","E","?","T","R","M","E","?","?","R","BOSS"],"items_purchased_type":["Relic","Card","Relic","Relic","Relic","Relic"],"build_version":"2020-12-22","purchased_purges":1,"victory":true,"max_hp_per_floor":[75,75,75,75,75,75,75,75,75,75,75,75,75,75,75,75,75,75,75,75,75,75,75,75,81,81,81,81,81,81,81,81,81,81,81,81,81,80,80,80,80,80,80,80,80,80,80,80,80,80],"card_choices":[{"not_picked":["VampireKiss","StarOfDavid"],"picked":"UnstableMagic","floor":1.0},{"not_picked":["DevilSight","BombardNight"],"picked":"ScarletImprint","floor":2.0},{"not_picked":["RedRainbow","HunterOfTheNight"],"picked":"LeisurelyOfLord","floor":3.0},{"not_picked":["CharismaGuard","ScarletSymphony"],"picked":"TricksterDevil","floor":7.0},{"not_picked":["BombardNight","ReincarnationDial"],"picked":"ScarletDevil","floor":10.0},{"not_picked":["BadLadyScramble","BloodyMagicSquare"],"picked":"AfternoonTea","floor":14.0},{"not_picked":["ForecastOfChange","HeartBreak"],"picked":"ScarletCoffin","floor":16.0},{"not_picked":["FavorOfDestiny","UnstableMagic"],"picked":"ScarletSymphony+1","floor":18.0},{"not_picked":["VampireKiss","BombardNight"],"picked":"MastersStateliness","floor":19.0},{"not_picked":["VampireSweep","RedNightlessCastle","RedMagic"],"picked":"SKIP","floor":20.0},{"not_picked":["UnstableMagic","AfternoonTea"],"picked":"RedRainbow","floor":22.0},{"not_picked":["DevilSight","AfternoonTea"],"picked":"MiserableFate","floor":23.0},{"not_picked":["GlobalNightmare+1","DiffusionOfMisfortune","ScarletImprint"],"picked":"SKIP","floor":24.0},{"not_picked":["VampireKiss","ScarletGensokyo"],"picked":"MillenniumVampire+1","floor":27.0},{"not_picked":["AfternoonTea","BloodHunter"],"picked":"FavorOfDestiny","floor":28.0},{"not_picked":["EndlessAdversity+1","BombardNight"],"picked":"BloodAndWine","floor":29.0},{"not_picked":["RedRainbow","ChainGang","UnstableMagic"],"picked":"SKIP","floor":31.0},{"not_picked":["HellCatastrophe","EquivalentExchange"],"picked":"CurseOfVladTepes","floor":33.0},{"not_picked":["MiserableFate","Ultimatum","RedRainbow"],"picked":"Writhe","floor":35.0},{"not_picked":["ForbiddenFruit","StarOfDavid","UnderTheZenith+1"],"picked":"Writhe","floor":36.0},{"not_picked":["BloodAndWine+1","BlasphemousPunishment+1","UltimateOffering+1"],"picked":"SKIP","floor":41.0},{"not_picked":["BloodHunter+1","RedRainbow"],"picked":"ScarletImprint+1","floor":42.0},{"not_picked":["VampireKiss+1","BloodyTrap+1"],"picked":"MastersStateliness","floor":45.0},{"not_picked":["BloodHunter+1","DevilSight+1"],"picked":"DemonKingCradle","floor":46.0}],"player_experience":201878,"relics_obtained":[{"floor":9.0,"key":"Quantum Egg"},{"floor":23.0,"key":"Oddly Smooth Stone"},{"floor":26.0,"key":"AT_EbonyIvory"},{"floor":29.0,"key":"White Beast Statue"},{"floor":35.0,"key":"Divine Protection"},{"floor":41.0,"key":"Mercury Hourglass"},{"floor":43.0,"key":"DemoMod:MemoryAlloy"},{"floor":46.0,"key":"Garlic"}],"event_choices":[{"damage_healed":0.0,"max_hp_gain":0.0,"max_hp_loss":0.0,"gold_gain":0.0,"event_name":"Big Fish","player_choice":"Box","floor":8.0,"gold_loss":0.0,"damage_taken":0.0,"relics_obtained":["Pet Ghost"],"cards_obtained":["Regret"]},{"damage_healed":0.0,"max_hp_gain":0.0,"max_hp_loss":0.0,"gold_gain":0.0,"event_name":"Addict","player_choice":"Stole Relic","floor":21.0,"gold_loss":0.0,"damage_taken":0.0,"relics_obtained":["Orichalcum"],"cards_obtained":["Shame"]},{"damage_healed":0.0,"max_hp_gain":0.0,"max_hp_loss":0.0,"gold_gain":0.0,"event_name":"The Mausoleum","player_choice":"Opened","floor":25.0,"gold_loss":0.0,"damage_taken":0.0,"relics_obtained":["vexMod:PlasmaPancake"],"cards_obtained":["Writhe"]}],"is_beta":false,"boss_relics":[{"not_picked":["Sozu","APieceOfRedMist"],"picked":"Abe\u0027s Treasure"},{"not_picked":["Kintsugi","Replay:Drink Me"],"picked":"REME_DemonsWealth"}],"items_purged_floors":[39],"is_endless":false,"potions_floor_spawned":[2,3,10,14,20,22,24,27,31,33,35,36,41,42,45,46,47,47,47,47],"ascension_level":0}}