{"host":"2se5dq1do2gp0x9k","time":1609999841,"event":{"mods":["AchievementEnabler","BaseMod","Block Reminder","Colored Map","Colored Powertips","Minty Spire (QoL Compilation)","Relic Stats","StSLib","SuperFastMode"],"gold_per_floor":[111,111,111,127,145,145,177,193,193,193,193,193,50,62,62,140,140,152,170,445,445,445],"floor_reached":21,"playtime":610,"items_purged":["Strike_P"],"score":357,"play_id":"5f94b774-ade8-49da-aa23-87f1357f0093","local_time":"20210106221041","is_ascension_mode":true,"campfire_choices":[{"data":"Ragnarok","floor":6.0,"key":"SMITH"},{"data":"ClearTheMind","floor":10.0,"key":"SMITH"},{"data":"Crescendo","floor":12.0,"key":"SMITH"},{"data":"SandsOfTime","floor":15.0,"key":"SMITH"}],"circlet_count":0,"master_deck":["AscendersBane","Defend_P+1","Defend_P","Defend_P","Defend_P","Eruption+1","Vigilance","Ragnarok+1","FollowUp","Crescendo+1","ClearTheMind+1","SandsOfTime+1","Tantrum","Wireheading","ThirdEye","DeusExMachina","Alpha+1","Evaluate+1","Devotion+1","Protect","Regret"],"relics":["PureWater","Happy Flower","Blue Candle","Sundial","GoldenEye","Astrolabe"],"acts_visited":["Exordium","TheCity"],"potions_floor_usage":[21],"damage_taken":[{"damage":8.0,"enemies":"Small Slimes","floor":1.0,"turns":3.0},{"damage":4.0,"enemies":"Jaw Worm","floor":4.0,"turns":2.0},{"damage":0.0,"enemies":"Cultist","floor":5.0,"turns":2.0},{"damage":0.0,"enemies":"Lagavulin","floor":7.0,"turns":4.0},{"damage":0.0,"enemies":"Exordium Wildlife","floor":8.0,"turns":1.0},{"damage":0.0,"enemies":"Red Slaver","floor":14.0,"turns":1.0},{"damage":5.0,"enemies":"Hexaghost","floor":16.0,"turns":4.0},{"damage":10.0,"enemies":"3 Byrds","floor":18.0,"turns":4.0},{"damage":21.0,"enemies":"2 Thieves","floor":19.0,"turns":4.0},{"damage":34,"enemies":"Sentry and Sphere","floor":21,"turns":4}],"seed_played":"6605611325760308470","potions_obtained":[{"floor":1.0,"key":"StancePotion"},{"floor":7.0,"key":"EssenceOfSteel"},{"floor":14.0,"key":"FearPotion"},{"floor":18.0,"key":"LiquidBronze"},{"floor":19.0,"key":"SpeedPotion"}],"is_trial":false,"path_per_floor":["M","?","T","M","M","R","E","M","T","R","?","R","$","M","R","B",null,"M","M","?","M"],"character_chosen":"WATCHER","items_purchased":["Wireheading"],"campfire_rested":0,"item_purchase_floors":[13],"current_hp_per_floor":[53,48,48,44,44,44,44,44,44,44,25,25,25,25,25,20,52,42,21,21,0,0],"gold":445,"neow_bonus":"THREE_RARE_CARDS","is_daily":false,"chose_seed":false,"campfire_upgraded":4,"win_rate":0.0,"timestamp":1609999841,"path_taken":["M","?","?","M","M","R","E","M","T","R","?","R","$","M","R","BOSS","M","M","?","M"],"items_purchased_type":["Card"],"build_version":"2020-12-22","purchased_purges":1,"victory":false,"max_hp_per_floor":[62,62,62,62,62,62,62,62,62,62,62,62,62,62,62,62,62,62,62,62,62,62],"relic_stats":{"Happy Flower":[8],"counters":[10,29],"Sundial":[2],"Blue Candle":[1],"Astrolabe":["Alpha","Evaluate","Devotion"],"GoldenEye":[22],"obtain_stats":[{"Happy Flower":2,"Sundial":7,"Blue Candle":3,"Astrolabe":17,"PureWater":0,"GoldenEye":9},{"Happy Flower":1,"Sundial":4,"Blue Candle":1,"Astrolabe":7,"PureWater":0,"GoldenEye":5},{"Happy Flower":3,"Sundial":11,"Blue Candle":3,"Astrolabe":17,"PureWater":0,"GoldenEye":12}]},"card_choices":[{"not_picked":["DeusExMachina","Blasphemy"],"picked":"Ragnarok","floor":0.0},{"not_picked":["BattleHymn","CrushJoints"],"picked":"FollowUp","floor":1.0},{"not_picked":["Vengeance","DeceiveReality"],"picked":"Crescendo","floor":4.0},{"not_picked":["Halt","WindmillStrike"],"picked":"ClearTheMind","floor":5.0},{"not_picked":["Pray","Judgement"],"picked":"SandsOfTime","floor":7.0},{"not_picked":["ClearTheMind","InnerPeace"],"picked":"Tantrum","floor":8.0},{"not_picked":["Halt","EmptyFist"],"picked":"ThirdEye","floor":14.0},{"not_picked":["Scrawl","MasterReality"],"picked":"DeusExMachina","floor":16.0},{"not_picked":["Indignation+1","FlyingSleeves"],"picked":"Protect","floor":18.0},{"not_picked":["ForeignInfluence","ClearTheMind","FlyingSleeves"],"picked":"SKIP","floor":19.0}],"player_experience":3793375,"relics_obtained":[{"floor":3.0,"key":"Blue Candle"},{"floor":7.0,"key":"Sundial"},{"floor":9.0,"key":"GoldenEye"}],"event_choices":[{"damage_healed":0.0,"max_hp_gain":0.0,"max_hp_loss":0.0,"gold_gain":0.0,"event_name":"Scrap Ooze","player_choice":"Success","floor":2.0,"gold_loss":0.0,"damage_taken":5.0,"relics_obtained":["Happy Flower"]},{"damage_healed":0.0,"max_hp_gain":0.0,"max_hp_loss":0.0,"gold_gain":0.0,"event_name":"Shining Light","player_choice":"Entered Light","floor":11.0,"gold_loss":0.0,"damage_taken":19.0,"cards_upgraded":["Defend_P","Eruption"]},{"damage_healed":0,"gold_gain":275,"player_choice":"Desecrate","damage_taken":0,"max_hp_gain":0,"max_hp_loss":0,"event_name":"Golden Shrine","floor":20,"gold_loss":0,"cards_obtained":["Regret"]}],"is_beta":false,"boss_relics":[{"not_picked":["Coffee Dripper","Runic Dome"],"picked":"Astrolabe"}],"items_purged_floors":[13],"is_endless":false,"potions_floor_spawned":[1,7,14,18,19],"killed_by":"Sentry and Sphere","ascension_level":15}}