{"host":"qvl114e0jmbc6yhm","time":1609994803,"event":{"mods":["Act Like it!","BaseMod","Hermit","Highlight Path","Hubris","Jedi Mod","Marisa????????","Marked Mod","Minty Spire (QoL Compilation)","Permanent Neow","Random Character Button","Relic Sorter","Relic Stats","Replay The Spire","Shop Mod","Spicy Shops","StSLib","The Jungle","The Runesmith"],"gold_per_floor":[111,386,25,45,65,65,97,97,97,97,97,124,124,144,162,5,5,82,82,100,100,100,86,103,103,130,130,130,130,30,41,41,57,57,57,57],"floor_reached":35,"playtime":1327,"items_purged":["Regret","hubris:Despair"],"score":485,"play_id":"7bfe454d-2034-40b2-a48e-3b62bf6d7f55","local_time":"20210106234643","is_ascension_mode":true,"campfire_choices":[{"data":"Rupture","floor":6.0,"key":"SMITH"},{"floor":8.0,"key":"REST"},{"data":"Bash","floor":13.0,"key":"SMITH"},{"data":"Spot Weakness","floor":17.0,"key":"SMITH"},{"floor":25,"key":"REST"},{"floor":27,"key":"REST"},{"data":"Heavy Blade","floor":29,"key":"SMITH"},{"floor":34,"key":"REST"}],"circlet_count":0,"master_deck":["AscendersBane","Strike_R","Strike_R","Strike_R","Strike_R","Strike_R","Defend_R","Defend_R","Defend_R","Defend_R","Bash+1","Spot Weakness+1","Rupture+1","ReplayTheSpireMod:Muscle Training","Disarm","Heavy Blade+1","ReplayTheSpireMod:Stacked","Offering","Replay:Undeath\u0027s Touch"],"relics":["Burning Blood","hubris:Icosahedron","hubris:FunFungus","Medical Kit","ReplayTheSpireMod:CursedCoin","Happy Flower","Ancient Tea Set","Runesmith:AutoHammer","Lee\u0027s Waffle","jedi:hotpepper","hubris:ToyBattleship","StrikeDummy"],"acts_visited":["Exordium","TheCity"],"potions_floor_usage":[20,26,26],"damage_taken":[{"damage":7.0,"enemies":"2 Louse","floor":1.0,"turns":5.0},{"damage":12.0,"enemies":"Cultist","floor":4.0,"turns":4.0},{"damage":12.0,"enemies":"Jaw Worm","floor":5.0,"turns":4.0},{"damage":51.0,"enemies":"Gremlin Nob","floor":7.0,"turns":6.0},{"damage":23.0,"enemies":"Lagavulin","floor":12.0,"turns":7.0},{"damage":33.0,"enemies":"Gremlin Gang","floor":14.0,"turns":5.0},{"damage":10.0,"enemies":"Red Slaver","floor":15.0,"turns":4.0},{"damage":8.0,"enemies":"Slime Boss","floor":18.0,"turns":6.0},{"damage":18,"enemies":"3 Byrds","floor":20,"turns":10},{"damage":18,"enemies":"2 Thieves","floor":23,"turns":4},{"damage":33,"enemies":"Snecko","floor":24,"turns":5},{"damage":39,"enemies":"Gremlin Leader","floor":26,"turns":9},{"damage":25,"enemies":"Centurion and Healer","floor":31,"turns":6},{"damage":8,"enemies":"Cultist and Chosen","floor":33,"turns":4},{"damage":45,"enemies":"Automaton","floor":35,"turns":4}],"seed_played":"8874054186700499382","potions_obtained":[{"floor":4.0,"key":"Regen Potion"},{"floor":14.0,"key":"BlessingOfTheForge"},{"floor":15.0,"key":"SpeedPotion"},{"floor":18.0,"key":"Toxic Potion"},{"floor":20,"key":"Explosive Potion"}],"is_trial":false,"path_per_floor":["M","?","$","M","M","R","E","R","PTL","PTL","T","E","R","M","M","$","R","B",null,"M","?","?","M","M","R","E","R","T","R","$","M","?","M","R","B"],"character_chosen":"IRONCLAD","items_purchased":["Medical Kit","ReplayTheSpireMod:CursedCoin","Rupture","ReplayTheSpireMod:Muscle Training","Lee\u0027s Waffle"],"campfire_rested":4,"item_purchase_floors":[3,3,3,3,16],"current_hp_per_floor":[68,68,68,62,56,56,14,34,34,34,34,37,37,11,7,75,75,75,56,56,56,56,49,24,40,15,31,31,31,31,23,17,18,34,0,0],"gold":57,"neow_bonus":"ONE_RARE_RELIC","is_daily":false,"chose_seed":false,"campfire_upgraded":4,"win_rate":0.0,"timestamp":1609994803,"path_taken":["M","?","$","M","M","R","E","R","PTL","PTL","T","E","R","M","M","$","R","BOSS","M","?","?","M","M","R","E","R","T","R","$","M","?","?","R","BOSS"],"items_purchased_type":["Relic","Relic","Card","Card","Relic"],"build_version":"2020-12-22","purchased_purges":2,"victory":false,"max_hp_per_floor":[68,68,68,68,68,68,68,68,68,68,68,68,68,68,68,75,75,75,56,56,56,56,56,56,56,56,56,56,56,56,56,56,56,56,56,56],"relic_stats":{"Lee\u0027s Waffle":68,"Happy Flower":[21],"counters":[15,83],"Medical Kit":[3],"obtain_stats":[{"Lee\u0027s Waffle":16,"hubris:Icosahedron":22,"Happy Flower":7,"jedi:hotpepper":19,"ReplayTheSpireMod:CursedCoin":3,"hubris:FunFungus":0,"hubris:ToyBattleship":26,"Runesmith:AutoHammer":12,"Medical Kit":3,"Ancient Tea Set":11,"StrikeDummy":28,"Burning Blood":0},{"Lee\u0027s Waffle":7,"hubris:Icosahedron":9,"Happy Flower":4,"jedi:hotpepper":8,"ReplayTheSpireMod:CursedCoin":1,"hubris:FunFungus":0,"hubris:ToyBattleship":12,"Runesmith:AutoHammer":5,"Medical Kit":1,"Ancient Tea Set":4,"StrikeDummy":12,"Burning Blood":0},{"Lee\u0027s Waffle":35,"hubris:Icosahedron":51,"Happy Flower":19,"jedi:hotpepper":41,"ReplayTheSpireMod:CursedCoin":5,"hubris:FunFungus":0,"hubris:ToyBattleship":69,"Runesmith:AutoHammer":26,"Medical Kit":5,"Ancient Tea Set":19,"StrikeDummy":69,"Burning Blood":0}],"Burning Blood":75},"card_choices":[{"not_picked":["Warcry","Bloodletting"],"picked":"Spot Weakness","floor":1.0},{"not_picked":["Anger","Searing Blow"],"picked":"Disarm","floor":4.0},{"not_picked":["Iron Wave","Armaments","jedi:hate"],"picked":"SKIP","floor":5.0},{"not_picked":["Double Tap","Dark Embrace","hubris:ReadiedAction"],"picked":"SKIP","floor":7.0},{"not_picked":["Armaments","hubris:ReadiedAction","Perfected Strike"],"picked":"SKIP","floor":12.0},{"not_picked":["Dual Wield","ReplayTheSpireMod:LeadingStrike"],"picked":"Heavy Blade","floor":14.0},{"not_picked":["Wild Strike","Intimidate"],"picked":"ReplayTheSpireMod:Stacked","floor":15.0},{"not_picked":["hubris:StunningStrike","Berserk"],"picked":"Offering","floor":18.0},{"not_picked":["Anger","Cleave+1","Entrench"],"picked":"SKIP","floor":20},{"not_picked":["Thunderclap","Perfected Strike"],"picked":"Replay:Undeath\u0027s Touch","floor":23},{"not_picked":["Double Tap","Rampage+1","hubris:SharpeningStone"],"picked":"SKIP","floor":24},{"not_picked":["Havoc","Brutality","Wild Strike"],"picked":"SKIP","floor":26},{"not_picked":["Flex","Cleave","jedi:collectorstrike"],"picked":"SKIP","floor":31},{"not_picked":["Headbutt","hubris:SharpeningStone","Clash"],"picked":"SKIP","floor":33}],"player_experience":2419868,"relics_obtained":[{"floor":7.0,"key":"Happy Flower"},{"floor":11.0,"key":"Ancient Tea Set"},{"floor":12.0,"key":"Runesmith:AutoHammer"},{"floor":26,"key":"hubris:ToyBattleship"},{"floor":28,"key":"StrikeDummy"}],"event_choices":[{"damage_healed":0.0,"max_hp_gain":0.0,"max_hp_loss":0.0,"gold_gain":275.0,"event_name":"Golden Shrine","player_choice":"Desecrate","floor":2.0,"gold_loss":0.0,"damage_taken":0.0,"cards_obtained":["Regret"]},{"damage_healed":0,"gold_gain":0,"player_choice":"","damage_taken":6,"max_hp_gain":0,"max_hp_loss":0,"event_name":"Knowing Skull","floor":32,"potions_obtained":[],"gold_loss":0,"cards_obtained":[]}],"is_beta":false,"boss_relics":[{"not_picked":["Pandora\u0027s Box","Black Star"],"picked":"jedi:hotpepper"}],"items_purged_floors":[3,30],"is_endless":false,"potions_floor_spawned":[4,14,15,18,20],"killed_by":"Automaton","ascension_level":14}}