{"host":"sav7uxregyirlf69","time":1609995003,"event":{"mods":["AchievementEnabler","BaseMod","Colored Map","DeckTracker","Keyboard Shortcuts","Minty Spire (QoL Compilation)","READ ME - Guardian Mod","StSLib","SuperFastMode"],"gold_per_floor":[110,124,134,149,74,105,105,105,105,105,124,143,170,187,187,259,259,279,293,293,306,22,22,41,55,55,55,105,115,115,129,129,129,129],"floor_reached":33,"playtime":655,"items_purged":["Strike_G"],"score":526,"play_id":"29375de9-4f79-4143-a01d-aed71731c2b3","local_time":"20210107135003","is_ascension_mode":true,"campfire_choices":[{"floor":7,"key":"REST"},{"data":"Adrenaline","floor":10,"key":"SMITH"},{"data":"All Out Attack","floor":15,"key":"SMITH"},{"data":"Blade Dance","floor":23,"key":"SMITH"},{"floor":30,"key":"REST"},{"data":"Reflex","floor":32,"key":"SMITH"}],"circlet_count":0,"master_deck":["AscendersBane","Survivor","Neutralize","Blade Dance","All Out Attack+1","Adrenaline+1","Dagger Throw","Riddle With Holes","Phantasmal Killer","Underhanded Strike","Backflip","Prepared","Predator","Accuracy+1","Heel Hook","Concentrate+1","Accuracy+1","Dagger Spray","Blade Dance+1","Noxious Fumes+1","Reflex+1","Tactician+1"],"relics":["Ring of the Snake","NeowsBlessing","Frozen Egg 2","Pantograph","Lantern","Pandora\u0027s Box","Eternal Feather"],"acts_visited":["Exordium","TheCity"],"potions_floor_usage":[13,16,16,24,25,29],"damage_taken":[{"damage":0,"enemies":"Cultist","floor":1,"turns":1},{"damage":0,"enemies":"Small Slimes","floor":2,"turns":1},{"damage":0,"enemies":"2 Louse","floor":3,"turns":1},{"damage":16,"enemies":"Gremlin Gang","floor":4,"turns":5},{"damage":37,"enemies":"3 Sentries","floor":6,"turns":8},{"damage":4,"enemies":"3 Louse","floor":11,"turns":3},{"damage":0,"enemies":"Lots of Slimes","floor":12,"turns":1},{"damage":30,"enemies":"Gremlin Nob","floor":13,"turns":4},{"damage":0,"enemies":"Red Slaver","floor":14,"turns":2},{"damage":30,"enemies":"Slime Boss","floor":16,"turns":8},{"damage":1,"enemies":"3 Byrds","floor":18,"turns":3},{"damage":0,"enemies":"Spheric Guardian","floor":19,"turns":2},{"damage":40,"enemies":"Cultist and Chosen","floor":21,"turns":4},{"damage":2,"enemies":"Centurion and Healer","floor":24,"turns":2},{"damage":29,"enemies":"Snake Plant","floor":25,"turns":4},{"damage":0,"enemies":"Snecko","floor":29,"turns":3},{"damage":21,"enemies":"Centurion and Healer","floor":31,"turns":4},{"damage":54,"enemies":"Champ","floor":33,"turns":6}],"seed_played":"7939769945733902782","potions_obtained":[{"floor":4,"key":"Swift Potion"},{"floor":11,"key":"Weak Potion"},{"floor":12,"key":"BlessingOfTheForge"},{"floor":13,"key":"Swift Potion"},{"floor":18,"key":"Block Potion"},{"floor":19,"key":"GamblersBrew"},{"floor":24,"key":"Regen Potion"}],"is_trial":false,"path_per_floor":["M","M","M","M","$","E","R","?","T","R","M","M","E","M","R","B",null,"M","M","?","M","$","R","M","M","T","?","?","M","R","M","R","B"],"character_chosen":"THE_SILENT","items_purchased":["Eternal Feather"],"campfire_rested":2,"item_purchase_floors":[22],"current_hp_per_floor":[59,59,59,43,43,6,25,66,66,66,62,62,32,32,32,27,56,55,55,55,15,15,24,22,5,5,5,5,5,36,15,27,0,0],"gold":129,"neow_bonus":"THREE_ENEMY_KILL","is_daily":false,"chose_seed":false,"campfire_upgraded":4,"win_rate":0.0,"timestamp":1609995003,"path_taken":["M","?","M","M","$","E","R","?","T","R","?","M","E","M","R","BOSS","M","M","?","?","$","R","M","M","T","?","?","?","R","M","R","BOSS"],"items_purchased_type":["Relic"],"build_version":"2020-12-22","purchased_purges":1,"victory":false,"max_hp_per_floor":[66,66,66,66,66,66,66,66,66,66,66,66,66,66,66,66,66,66,66,66,66,66,66,66,66,66,66,66,66,66,66,66,66,66],"card_choices":[{"not_picked":["Cloak And Dagger","Deflect","Sucker Punch"],"picked":"SKIP","floor":1},{"not_picked":["Slice","Prepared"],"picked":"Blade Dance","floor":2},{"not_picked":["Expertise","Deflect","Sucker Punch"],"picked":"SKIP","floor":3},{"not_picked":["Poisoned Stab","Deadly Poison"],"picked":"All Out Attack","floor":4},{"not_picked":["Heel Hook","Well Laid Plans+1"],"picked":"Adrenaline","floor":6},{"not_picked":["Prepared","Slice"],"picked":"Dagger Throw","floor":11},{"not_picked":["Deflect","Cloak And Dagger"],"picked":"Riddle With Holes","floor":12},{"not_picked":["Acrobatics","Blade Dance","Leg Sweep"],"picked":"SKIP","floor":13},{"not_picked":["Bullet Time","Riddle With Holes","PiercingWail"],"picked":"SKIP","floor":14},{"not_picked":["Venomology","Unload"],"picked":"Phantasmal Killer","floor":16},{"not_picked":["Dagger Spray","Outmaneuver","Cloak And Dagger"],"picked":"SKIP","floor":18},{"not_picked":["Deadly Poison","Bouncing Flask"],"picked":"Blade Dance","floor":19},{"not_picked":["Quick Slash+1","Leg Sweep","Deadly Poison"],"picked":"SKIP","floor":21},{"not_picked":["Catalyst","Prepared","Quick Slash"],"picked":"SKIP","floor":24},{"not_picked":["Dagger Throw","Backflip"],"picked":"Noxious Fumes+1","floor":25},{"not_picked":["Catalyst","Choke"],"picked":"Reflex","floor":29},{"not_picked":["Dagger Spray","Adrenaline"],"picked":"Tactician+1","floor":31}],"player_experience":1171041,"relics_obtained":[{"floor":6,"key":"Frozen Egg 2"},{"floor":9,"key":"Pantograph"},{"floor":13,"key":"Lantern"}],"event_choices":[{"damage_healed":41,"gold_gain":0,"player_choice":"Full Heal","damage_taken":0,"max_hp_gain":0,"max_hp_loss":0,"event_name":"Wheel of Change","floor":8,"gold_loss":0},{"damage_healed":0,"gold_gain":0,"player_choice":"Upgraded","damage_taken":0,"max_hp_gain":0,"max_hp_loss":0,"event_name":"Upgrade Shrine","floor":20,"gold_loss":0,"cards_upgraded":["Concentrate"]},{"damage_healed":0,"gold_gain":0,"player_choice":"Ignored","damage_taken":0,"max_hp_gain":0,"max_hp_loss":0,"event_name":"The Mausoleum","floor":27,"gold_loss":0},{"damage_healed":0,"gold_gain":50,"player_choice":"Pray","damage_taken":0,"max_hp_gain":0,"max_hp_loss":0,"event_name":"Golden Shrine","floor":28,"gold_loss":0}],"is_beta":false,"boss_relics":[{"not_picked":["Busted Crown","SacredBark"],"picked":"Pandora\u0027s Box"}],"items_purged_floors":[5],"is_endless":false,"potions_floor_spawned":[4,11,12,13,18,19,24],"killed_by":"Champ","ascension_level":20}}