{"host":"ky7z67tg8zpdk0g7","time":1609996373,"event":{"mods":["BaseMod","Better Third Choice","CapriCore","Displayed Cursed Tome","Energized Spire","Halation","Hubris","Minty Spire (QoL Compilation)","Replay The Spire","Shade Mod","Shop Mod","StSLib"],"gold_per_floor":[119,129,129,145,70,98,116,116,169,269,296,316,336,351,351,452,452,472,472,453,350,370,401,401,401,401,415,446,446,446,58,58,154,154,164,21,0,15,15,15,27,58,58,83,5,5,5,20,20,20,20,20,20,49,49,49],"floor_reached":55,"playtime":2637,"items_purged":["Shade:Strike_Shade"],"score":625,"play_id":"3113a38a-8607-4fc0-89b0-1f64de1bd1a4","local_time":"20210107121253","is_ascension_mode":false,"campfire_choices":[{"data":"Shade:FingerOfDeath","floor":8,"key":"SMITH"},{"data":"Shade:TouchOfTheGrave","floor":24,"key":"SMITH"},{"floor":29,"key":"REST"},{"data":"Shade:Bite_Shade","floor":32,"key":"SMITH"},{"data":"Shade:LichForm","floor":40,"key":"SMITH"},{"floor":49,"key":"RECALL"},{"data":"Shade:GreaterAnimation","floor":52,"key":"SMITH"}],"circlet_count":0,"master_deck":["Shade:Strike_Shade","Shade:Strike_Shade","Shade:Defend_Shade","Shade:Defend_Shade","Shade:Defend_Shade","Shade:Defend_Shade","Shade:AnimateDead+1","Shade:CarefulCut","Shade:FleshLikeOak","Shade:FeralStrike","Shade:SanguineRitual","Shade:FingerOfDeath+1","Shade:ExtraLimbs","Shade:AuraOfUnlife","Shade:Brains","Shade:CallWraith","Shade:OpenGraves","Shade:GreaterAnimation+1","Shade:LichForm+1","Shade:SpectralStrikes+1","Necronomicurse","Shade:FeralStrike","Shade:TouchOfTheGrave+1","Shade:Bite_Shade+1","Shade:FleshOffering","Shade:AuraOfUnlife","Shade:GreaterAnimation","Shade:Carnophage","Shade:Consume+1","AbeCurse","Shade:SkeletonArmy+1","Shade:GoDigging","Shade:GoDigging","Shade:Bite_Shade+1","Shade:Bite_Shade+1","Shade:PoundOfFlesh+1","Shade:Bite_Shade+1","Shade:OpenGraves+1"],"relics":["Shade:YorickSkull","NeowsBlessing","Garlic","MealTicket","Darkstone Periapt","hubris:RunicObelisk","Necronomicon","Question Card","halation:KoshaPiece","Bottled Lightning","Centennial Puzzle","Molten Egg 2","Abe\u0027s Treasure","halation:NonexistentMirror","Red Mask","halation:EternalFortune","Bottled Flame","hubris:SlimyHat","halation:PapillonHeart","Replay:Ringing Soul"],"acts_visited":["Exordium","TheCity","TheBeyond","TheEnding"],"potions_floor_usage":[11,16,28,33,33,50,50,54],"damage_taken":[{"damage":0,"enemies":"2 Louse","floor":1,"turns":1},{"damage":0,"enemies":"Jaw Worm","floor":2,"turns":1},{"damage":0,"enemies":"Cultist","floor":4,"turns":1},{"damage":4,"enemies":"Replay:BlueRogue","floor":6,"turns":8},{"damage":0,"enemies":"Exordium Thugs","floor":7,"turns":5},{"damage":7,"enemies":"Lagavulin","floor":11,"turns":4},{"damage":0,"enemies":"2 Fungi Beasts","floor":12,"turns":3},{"damage":0,"enemies":"Blue Slaver","floor":13,"turns":3},{"damage":0,"enemies":"3 Louse","floor":14,"turns":4},{"damage":16,"enemies":"Hexaghost","floor":16,"turns":14},{"damage":5,"enemies":"Spheric Guardian","floor":18,"turns":4},{"damage":0,"enemies":"2 Thieves","floor":20,"turns":4},{"damage":7,"enemies":"3 Cultists","floor":22,"turns":4},{"damage":43,"enemies":"Gremlin Leader","floor":23,"turns":8},{"damage":12,"enemies":"Snake Plant","floor":27,"turns":4},{"damage":8,"enemies":"Book of Stabbing","floor":28,"turns":4},{"damage":8,"enemies":"Automaton","floor":33,"turns":7},{"damage":2,"enemies":"3 Darklings","floor":35,"turns":4},{"damage":29,"enemies":"3 Shapes","floor":38,"turns":4},{"damage":1,"enemies":"Spire Growth","floor":41,"turns":3},{"damage":7,"enemies":"Nemesis","floor":42,"turns":7},{"damage":29,"enemies":"Giant Head","floor":44,"turns":8},{"damage":19,"enemies":"Maw","floor":48,"turns":6},{"damage":3,"enemies":"Replay:Hell Engine","floor":50,"turns":9},{"damage":63,"enemies":"Shield and Spear","floor":54,"turns":5},{"damage":29,"enemies":"The Heart","floor":55,"turns":4}],"seed_played":"-6945467463033715235","potions_obtained":[{"floor":1,"key":"DuplicationPotion"},{"floor":6,"key":"AttackPotion"},{"floor":11,"key":"Elixir"},{"floor":14,"key":"Reflective Coating"},{"floor":16,"key":"Cursed Concoction"},{"floor":18,"key":"Strength Potion"},{"floor":35,"key":"Explosive Potion"},{"floor":38,"key":"AttackPotion"}],"is_trial":false,"path_per_floor":["M","M","?","M","$","E","M","R","T","?","E","M","M","M","R","B",null,"M","?","M","$","M","E","R","?","T","M","E","R","?","$","R","B",null,"M","$","?","M","?","R","M","E","T","E","$","?","?","M","R","B",null,"R","$","E","B"],"character_chosen":"SHADE","items_purchased":["Shade:TouchOfTheGrave","Shade:Bite_Shade","Shade:Carnophage","Molten Egg 2","PowerPotion","halation:NonexistentMirror","Shade:PoundOfFlesh+1"],"campfire_rested":1,"item_purchase_floors":[21,21,31,31,31,36,45],"current_hp_per_floor":[65,65,65,65,65,61,61,61,61,61,54,54,54,54,54,38,65,60,50,50,65,58,21,21,21,21,11,7,28,28,43,43,38,77,77,77,77,48,51,51,50,46,46,23,38,38,38,28,28,43,76,76,76,22,0,0],"gold":49,"neow_bonus":"THREE_ENEMY_KILL","is_daily":false,"chose_seed":false,"campfire_upgraded":5,"win_rate":0.0,"timestamp":1609996373,"path_taken":["M","M","?","M","$","E","M","R","T","?","E","M","M","M","R","BOSS","M","?","M","$","M","E","R","?","T","M","E","R","?","$","R","BOSS","M","$","?","M","?","R","M","E","T","E","$","?","?","M","R","BOSS","R","$","E","BOSS"],"items_purchased_type":["Card","Card","Card","Relic","Potion","Relic","Card"],"build_version":"2020-12-22","purchased_purges":1,"victory":false,"max_hp_per_floor":[65,65,65,65,65,65,65,65,65,65,65,65,65,65,65,65,65,65,71,71,71,71,71,71,71,71,71,71,71,71,71,71,71,77,77,77,77,77,80,80,80,80,80,80,80,80,76,76,76,76,76,76,76,79,79,79],"card_choices":[{"not_picked":["Shade:Doomsay","Shade:FuneraryArmor"],"picked":"Shade:FleshLikeOak","floor":1},{"not_picked":["Shade:CommandSoldier","Shade:FuneraryJewels"],"picked":"Shade:FeralStrike","floor":2},{"not_picked":["Shade:ClawBack","Shade:Haruspicy"],"picked":"Shade:SanguineRitual","floor":4},{"not_picked":["Shade:PoundOfFlesh","Shade:GoDigging"],"picked":"Shade:FingerOfDeath","floor":6},{"not_picked":["Shade:Brains","Shade:Bonestorm"],"picked":"Shade:ExtraLimbs","floor":7},{"not_picked":["Shade:CoffinDance","Shade:Premonition"],"picked":"Shade:AuraOfUnlife","floor":11},{"not_picked":["Shade:GreyBargain","Shade:OneIsEnough"],"picked":"Shade:Brains","floor":12},{"not_picked":["Shade:CommandSoldier","Shade:PoundOfFlesh"],"picked":"Shade:CallWraith","floor":13},{"not_picked":["Shade:FeralStrike","Shade:ExtraLimbs"],"picked":"Shade:OpenGraves","floor":14},{"not_picked":["Shade:Coordination","Shade:DarkOfNight"],"picked":"Shade:LichForm","floor":16},{"not_picked":["Shade:SkeletonHug","Shade:FreshBones"],"picked":"Shade:SpectralStrikes+1","floor":18},{"not_picked":["Shade:ExtraLimbs+1","Shade:CallOfTheGrave"],"picked":"Shade:FeralStrike","floor":20},{"not_picked":["Shade:SensePrey","Shade:ExtraLimbs"],"picked":"Shade:FleshOffering","floor":22},{"not_picked":["Shade:CloudOfShrapnel+1","Shade:Trample"],"picked":"Shade:AuraOfUnlife","floor":23},{"not_picked":["Shade:CommandSoldier","Shade:RitualOffering","Shade:SanguineRitual","Shade:SkeletonHug"],"picked":"SKIP","floor":27},{"not_picked":["Shade:CloudOfShrapnel","Shade:FuneraryArmor","Shade:Premonition"],"picked":"Shade:GreaterAnimation","floor":28},{"not_picked":["Shade:LoseControl","Shade:Coordination","Shade:SoulPierce"],"picked":"Shade:Consume+1","floor":33},{"not_picked":["Shade:StitchTogether+1","Shade:CallWraith+1","Shade:SpontaneousRitual+1"],"picked":"Shade:SkeletonArmy+1","floor":35},{"not_picked":["Shade:CoffinDance+1","Shade:GreyBargain","Shade:Doomsay+1","Shade:FuneraryJewels+1"],"picked":"SKIP","floor":38},{"not_picked":["Shade:TouchOfTheGrave+1","Shade:LyeBath","Shade:FeralStrike+1"],"picked":"Shade:GoDigging","floor":41},{"not_picked":["Shade:Coordination","Shade:CoffinDance+1","Shade:GraveStillness","Shade:FingerOfDeath+1"],"picked":"SKIP","floor":42},{"not_picked":["Shade:FuneraryArmor","Shade:CoffinDance+1","Shade:TouchOfTheGrave"],"picked":"Shade:Bite_Shade+1","floor":44},{"not_picked":["Shade:FingerOfDeath+1","Shade:WallOfFlesh+1","Shade:Coordination"],"picked":"Shade:Bite_Shade+1","floor":48},{"not_picked":["Shade:CoffinDance+1","Shade:ExtraLimbs+1","Shade:ClawBack+1"],"picked":"Shade:OpenGraves+1","floor":54}],"player_experience":69472,"relics_obtained":[{"floor":6,"key":"Garlic"},{"floor":9,"key":"MealTicket"},{"floor":11,"key":"Darkstone Periapt"},{"floor":23,"key":"Question Card"},{"floor":26,"key":"Bottled Lightning"},{"floor":28,"key":"Centennial Puzzle"},{"floor":42,"key":"Bottled Flame"},{"floor":44,"key":"hubris:SlimyHat"},{"floor":54,"key":"Replay:Ringing Soul"}],"event_choices":[{"damage_healed":0,"gold_gain":0,"player_choice":"Grow","damage_taken":0,"max_hp_gain":0,"max_hp_loss":0,"event_name":"Living Wall","floor":3,"gold_loss":0,"cards_upgraded":["Shade:AnimateDead"]},{"damage_healed":0,"gold_gain":100,"player_choice":"Pray","damage_taken":0,"max_hp_gain":0,"max_hp_loss":0,"event_name":"Golden Shrine","floor":10,"gold_loss":0},{"damage_healed":0,"gold_gain":0,"cards_transformed":["Shade:Strike_Shade"],"player_choice":"Transformed","damage_taken":0,"max_hp_gain":0,"max_hp_loss":0,"event_name":"Transmorgrifier","floor":15,"gold_loss":0,"cards_obtained":["Shade:GreaterAnimation"]},{"damage_healed":0,"gold_gain":0,"player_choice":"Obtained Book","damage_taken":16,"max_hp_gain":0,"max_hp_loss":0,"event_name":"Cursed Tome","floor":19,"gold_loss":0},{"damage_healed":0,"gold_gain":0,"player_choice":"Opened","damage_taken":0,"relics_obtained":["halation:KoshaPiece"],"max_hp_gain":0,"max_hp_loss":0,"event_name":"The Mausoleum","floor":25,"gold_loss":0},{"damage_healed":0,"gold_gain":0,"player_choice":"Paid","damage_taken":0,"relics_obtained":["Red Mask"],"max_hp_gain":0,"max_hp_loss":0,"event_name":"Tomb of Lord Red Mask","floor":37,"gold_loss":21}],"is_beta":false,"boss_relics":[{"not_picked":["hubris:GrandSneckoEye","halation:MonkeysPaw"],"picked":"hubris:RunicObelisk"},{"not_picked":["hubris:TerracottaHorce","energizedSpire:NeverEndingSparkler"],"picked":"Abe\u0027s Treasure"}],"items_purged_floors":[5],"is_endless":false,"potions_floor_spawned":[1,6,11,14,16,18,27,35,38,42],"killed_by":"The Heart","ascension_level":0}}