{"host":"mydft8i2zzydgggw","time":1609984876,"event":{"mods":["AchievementEnabler","BaseMod","BetterRewards","Colored Map","Colored Powertips","DeckTracker","Keyboard Shortcuts","Minty Spire (QoL Compilation)","Quick Restart","Rare Cards Sparkle","StSLib","SuperFastMode","The Poker Player","everything is the same but u backflip on backflip"],"gold_per_floor":[118,118,118,45,69,69,112,130,201,234,234,272,272,292,292,413,413,436,361,461,485,535,568,589,589,615,640,660,660,684,709,709,833,833,858,370,370,370,433,464,464,797,849,849,861,0,0,12,12,12,12],"floor_reached":50,"playtime":2431,"items_purged":["Strike_B"],"score":808,"play_id":"7b4484c4-a232-40c1-add4-d1a8bf7795be","local_time":"20210107110116","is_ascension_mode":true,"campfire_choices":[{"data":"Zap","floor":6,"key":"SMITH"},{"floor":13,"key":"REST"},{"data":"Seek","floor":15,"key":"SMITH"},{"floor":25,"key":"REST"},{"floor":32,"key":"REST"},{"floor":41,"key":"REST"},{"data":"Coolheaded","floor":47,"key":"SMITH"},{"data":"Creative AI","floor":49,"key":"SMITH"}],"circlet_count":0,"master_deck":["Strike_B","Defend_B","Defend_B","Defend_B","Zap+1","Dualcast+1","Compile Driver","Defragment","Hologram","Turbo+1","BootSequence","Seek+1","Auto Shields","Sweeping Beam","Creative AI+1","Coolheaded+1","Coolheaded","Meteor Strike","Genetic Algorithm","Capacitor+1","FTL+1","Defragment","Chill+1","Melter+1","Heatsinks","Redo+1","Flash of Steel","Flash of Steel","Leap+1"],"relics":["FrozenCore","NeowsBlessing","Dream Catcher","Symbiotic Virus","Anchor","Eternal Feather","FossilizedHelix","War Paint","Black Star","Regal Pillow","Juzu Bracelet","Ginger","Boot","Torii","Bag of Marbles","Red Mask"],"acts_visited":["Exordium","TheCity","TheBeyond"],"potions_floor_usage":[10,16,18,18,18,24,27,35,36,40,40,48],"damage_taken":[{"damage":0,"enemies":"2 Louse","floor":1,"turns":1},{"damage":0,"enemies":"Jaw Worm","floor":5,"turns":1},{"damage":0,"enemies":"Gremlin Nob","floor":7,"turns":1},{"damage":6,"enemies":"Cultist","floor":8,"turns":3},{"damage":13,"enemies":"3 Sentries","floor":10,"turns":5},{"damage":10,"enemies":"Lagavulin","floor":12,"turns":5},{"damage":3,"enemies":"Blue Slaver","floor":14,"turns":3},{"damage":52,"enemies":"Hexaghost","floor":16,"turns":10},{"damage":5,"enemies":"2 Thieves","floor":18,"turns":4},{"damage":8,"enemies":"Spheric Guardian","floor":21,"turns":7},{"damage":39,"enemies":"Book of Stabbing","floor":23,"turns":7},{"damage":0,"enemies":"Centurion and Healer","floor":24,"turns":6},{"damage":0,"enemies":"Chosen and Byrds","floor":27,"turns":10},{"damage":0,"enemies":"Snecko","floor":28,"turns":5},{"damage":3,"enemies":"3 Cultists","floor":30,"turns":7},{"damage":5,"enemies":"Snake Plant","floor":31,"turns":5},{"damage":0,"enemies":"Automaton","floor":33,"turns":12},{"damage":7,"enemies":"3 Shapes","floor":35,"turns":6},{"damage":0,"enemies":"Mind Bloom Boss Battle","floor":39,"turns":9},{"damage":51,"enemies":"Giant Head","floor":40,"turns":9},{"damage":0,"enemies":"Orb Walker","floor":45,"turns":5},{"damage":29,"enemies":"Transient","floor":48,"turns":5},{"damage":132,"enemies":"Awakened One","floor":50,"turns":13}],"seed_played":"7408287903111096613","potions_obtained":[{"floor":5,"key":"FairyPotion"},{"floor":8,"key":"EssenceOfSteel"},{"floor":12,"key":"SteroidPotion"},{"floor":16,"key":"EntropicBrew"},{"floor":23,"key":"AttackPotion"},{"floor":24,"key":"SkillPotion"},{"floor":30,"key":"Block Potion"},{"floor":33,"key":"AttackPotion"},{"floor":35,"key":"DistilledChaos"},{"floor":37,"key":"LiquidMemories"},{"floor":45,"key":"PotionOfCapacity"},{"floor":48,"key":"FairyPotion"}],"is_trial":false,"path_per_floor":["M","?","?","$","M","R","E","M","T","E","?","E","R","M","R","B",null,"M","?","?","M","?","E","M","R","T","M","M","T","M","M","R","B",null,"M","$","?","?","?","E","R","?","T","?","M","?","R","M","R","B"],"character_chosen":"DEFECT","items_purchased":["Defragment","Regal Pillow","Juzu Bracelet","Fruit Juice"],"campfire_rested":4,"item_purchase_floors":[4,36,36,36],"current_hp_per_floor":[68,61,61,61,61,61,61,55,55,42,42,32,58,55,64,12,55,50,50,50,42,42,3,3,32,32,32,32,32,29,24,56,56,66,59,64,64,64,64,13,64,64,64,54,54,54,69,40,55,0,0],"gold":12,"neow_bonus":"THREE_ENEMY_KILL","is_daily":false,"chose_seed":false,"campfire_upgraded":4,"win_rate":0.0,"timestamp":1609984876,"path_taken":["M","?","?","$","M","R","E","M","T","E","?","E","R","?","R","BOSS","M","?","?","?","?","E","?","R","T","M","M","?","M","M","R","BOSS","M","$","?","?","?","E","R","?","T","?","M","?","R","M","R","BOSS"],"items_purchased_type":["Card","Relic","Relic","Potion"],"build_version":"2020-12-22","purchased_purges":1,"victory":false,"max_hp_per_floor":[75,75,69,69,69,69,69,69,69,69,69,69,69,69,69,69,69,69,69,69,69,69,69,69,69,69,69,69,69,69,69,69,69,69,69,74,74,70,70,70,70,70,70,70,70,70,70,70,70,70,70],"card_choices":[{"not_picked":["Hello World","Stack"],"picked":"Compile Driver","floor":1},{"not_picked":["Lockon","Compile Driver"],"picked":"Hologram","floor":5},{"not_picked":["Reprogram","Conserve Battery"],"picked":"Turbo","floor":7},{"not_picked":["Chaos","Capacitor"],"picked":"BootSequence","floor":8},{"not_picked":["Turbo","White Noise","Steam"],"picked":"SKIP","floor":10},{"not_picked":["Aggregate","Turbo"],"picked":"Seek","floor":12},{"not_picked":["Double Energy","Hologram"],"picked":"Auto Shields","floor":13},{"not_picked":["Conserve Battery","Undo"],"picked":"Sweeping Beam","floor":14},{"not_picked":["Fission","Reboot"],"picked":"Creative AI","floor":16},{"not_picked":["Leap","Conserve Battery"],"picked":"Coolheaded","floor":18},{"not_picked":["Tempest","Force Field","Beam Cell"],"picked":"SKIP","floor":21},{"not_picked":["Reprogram","Leap"],"picked":"Coolheaded","floor":23},{"not_picked":["Turbo+1","Sweeping Beam"],"picked":"Meteor Strike","floor":24},{"not_picked":["Stack","Streamline"],"picked":"Genetic Algorithm","floor":25},{"not_picked":["Conserve Battery","Coolheaded"],"picked":"Capacitor+1","floor":27},{"not_picked":["Hyperbeam","Hologram"],"picked":"FTL+1","floor":28},{"not_picked":["Reprogram","Melter","Leap"],"picked":"SKIP","floor":30},{"not_picked":["Barrage","Coolheaded","Turbo"],"picked":"SKIP","floor":31},{"not_picked":["Steam Power","Turbo"],"picked":"Defragment","floor":32},{"not_picked":["Streamline","Rebound+1"],"picked":"Chill+1","floor":35},{"not_picked":["Streamline+1","Gash"],"picked":"Melter+1","floor":39},{"not_picked":["Redo","Recycle"],"picked":"Heatsinks","floor":40},{"not_picked":["Turbo+1","Ball Lightning"],"picked":"Redo+1","floor":41},{"not_picked":["Metamorphosis","Purity"],"picked":"Flash of Steel","floor":44},{"not_picked":["Jack Of All Trades","Madness"],"picked":"Flash of Steel","floor":44},{"not_picked":["Go for the Eyes+1","BootSequence+1","Rebound"],"picked":"SKIP","floor":45},{"not_picked":["Steam","Gash"],"picked":"Leap+1","floor":48}],"player_experience":127021,"relics_obtained":[{"floor":7,"key":"Dream Catcher"},{"floor":9,"key":"Symbiotic Virus"},{"floor":10,"key":"Anchor"},{"floor":12,"key":"Eternal Feather"},{"floor":23,"key":"FossilizedHelix"},{"floor":26,"key":"War Paint"},{"floor":39,"key":"Ginger"},{"floor":40,"key":"Boot"},{"floor":40,"key":"Torii"},{"floor":43,"key":"Bag of Marbles"}],"event_choices":[{"cards_removed":["Strike_B"],"damage_healed":0,"gold_gain":0,"player_choice":"Card Removal","damage_taken":7,"max_hp_gain":0,"max_hp_loss":0,"event_name":"Golden Wing","floor":2,"gold_loss":0},{"damage_healed":0,"gold_gain":0,"player_choice":"Lose Max HP","damage_taken":0,"relics_obtained":["Golden Idol"],"max_hp_gain":0,"max_hp_loss":6,"event_name":"Golden Idol","floor":3,"gold_loss":0},{"cards_removed":["Defend_B"],"damage_healed":0,"gold_gain":0,"player_choice":"Offered Basic","damage_taken":0,"max_hp_gain":0,"max_hp_loss":0,"event_name":"Bonfire Elementals","floor":11,"gold_loss":0},{"cards_removed":["Strike_B"],"damage_healed":0,"gold_gain":0,"player_choice":"Gave Gold","damage_taken":0,"max_hp_gain":0,"max_hp_loss":0,"event_name":"Beggar","floor":19,"gold_loss":75},{"damage_healed":0,"gold_gain":100,"player_choice":"Pray","damage_taken":0,"max_hp_gain":0,"max_hp_loss":0,"event_name":"Golden Shrine","floor":20,"gold_loss":0},{"damage_healed":0,"gold_gain":100,"player_choice":"Bet on Murderer","damage_taken":0,"max_hp_gain":0,"max_hp_loss":0,"event_name":"The Joust","floor":22,"gold_loss":50},{"damage_healed":0,"gold_gain":0,"player_choice":"Got Potions","damage_taken":0,"max_hp_gain":0,"max_hp_loss":0,"event_name":"Lab","floor":37,"gold_loss":0},{"damage_healed":0,"gold_gain":0,"player_choice":"Max HP","damage_taken":0,"max_hp_gain":0,"max_hp_loss":4,"event_name":"Winding Halls","floor":38,"gold_loss":0},{"damage_healed":0,"gold_gain":0,"player_choice":"Fight","damage_taken":0,"max_hp_gain":0,"max_hp_loss":0,"event_name":"MindBloom","floor":39,"gold_loss":0},{"damage_healed":0,"gold_gain":333,"player_choice":"Gave Idol","damage_taken":0,"max_hp_gain":0,"max_hp_loss":0,"event_name":"The Moai Head","floor":42,"relics_lost":["Golden Idol"],"gold_loss":0},{"damage_healed":0,"gold_gain":0,"player_choice":"Memory 3","damage_taken":10,"max_hp_gain":0,"max_hp_loss":0,"event_name":"SensoryStone","floor":44,"gold_loss":0},{"damage_healed":0,"gold_gain":0,"player_choice":"Paid","damage_taken":0,"relics_obtained":["Red Mask"],"max_hp_gain":0,"max_hp_loss":0,"event_name":"Tomb of Lord Red Mask","floor":46,"gold_loss":861}],"is_beta":false,"boss_relics":[{"not_picked":["Runic Dome","SacredBark"],"picked":"FrozenCore"},{"not_picked":["Coffee Dripper","Fusion Hammer"],"picked":"Black Star"}],"items_purged_floors":[36],"is_endless":false,"potions_floor_spawned":[5,8,12,16,23,24,30,33,35,45,48],"killed_by":"Awakened One","ascension_level":6}}