{"host":"oy4pyvr762z5n0bb","time":1609993374,"event":{"mods":["AchievementEnabler","BaseMod","Colored Map","Colored Powertips","Googly Eyes","Key Reminder","Minty Spire (QoL Compilation)","Quick Restart","Relic Sorter","StSLib","SuperFastMode","Unceasing Turn Reminder","slay the spire mod where everything is the same but ironclad has a cowboy hat"],"gold_per_floor":[112,124,53,67,67,92,17,44,69,133,148,94,108,141,141,240,240,251,261,17,17,33,33,33,33,33,68,68,98,98,98,98],"floor_reached":31,"playtime":744,"items_purged":["Strike_R"],"score":428,"play_id":"0cbaebbe-b09a-40e5-b358-05771f04b4bc","local_time":"20210106202254","is_ascension_mode":true,"campfire_choices":[{"floor":15,"key":"REST"},{"data":"Feed","floor":23,"key":"SMITH"},{"data":"Double Tap","floor":25,"key":"SMITH"},{"floor":28,"key":"REST"}],"circlet_count":0,"master_deck":["Strike_R","Strike_R","Strike_R","Strike_R+1","Defend_R","Defend_R","Defend_R","Defend_R","Bash","Double Tap+1","Twin Strike","Perfected Strike+1","Feed+1","Perfected Strike","Feed+1","Pommel Strike+1","Headbutt","True Grit","Perfected Strike","Disarm","Offering","Armaments","Armaments+1","Shrug It Off","Demon Form"],"relics":["Burning Blood","Lantern","Omamori","Whetstone","Blue Candle","Peace Pipe","Runic Pyramid","StrikeDummy","Ornamental Fan","Oddly Smooth Stone","Darkstone Periapt"],"acts_visited":["Exordium","TheCity"],"potions_floor_usage":[8,8,13,14,16,27,29,30],"damage_taken":[{"damage":2,"enemies":"2 Louse","floor":1,"turns":4},{"damage":0,"enemies":"Cultist","floor":2,"turns":2},{"damage":9,"enemies":"Jaw Worm","floor":4,"turns":3},{"damage":35,"enemies":"3 Sentries","floor":6,"turns":6},{"damage":28,"enemies":"Lagavulin","floor":8,"turns":6},{"damage":25,"enemies":"3 Sentries","floor":10,"turns":7},{"damage":14,"enemies":"Red Slaver","floor":11,"turns":2},{"damage":10,"enemies":"Gremlin Gang","floor":13,"turns":3},{"damage":15,"enemies":"3 Sentries","floor":14,"turns":5},{"damage":39,"enemies":"Hexaghost","floor":16,"turns":8},{"damage":11,"enemies":"Spheric Guardian","floor":18,"turns":3},{"damage":12,"enemies":"Chosen","floor":19,"turns":3},{"damage":22,"enemies":"3 Cultists","floor":22,"turns":4},{"damage":36,"enemies":"Gremlin Leader","floor":27,"turns":6},{"damage":61,"enemies":"Slavers","floor":29,"turns":8},{"damage":13,"enemies":"Colosseum Slavers","floor":30,"turns":6},{"damage":22,"enemies":"Shelled Parasite and Fungi","floor":31,"turns":2}],"seed_played":"-3138897891435382056","potions_obtained":[{"floor":2,"key":"BloodPotion"},{"floor":6,"key":"Block Potion"},{"floor":10,"key":"Strength Potion"},{"floor":13,"key":"CultistPotion"},{"floor":14,"key":"BloodPotion"},{"floor":16,"key":"EssenceOfSteel"},{"floor":19,"key":"Fire Potion"},{"floor":22,"key":"Block Potion"}],"is_trial":false,"path_per_floor":["M","M","$","M","?","E","$","E","T","?","M","$","M","E","R","B",null,"M","M","$","?","M","R","?","R","T","E","R","E","?","M"],"character_chosen":"IRONCLAD","items_purchased":["Feed","True Grit","StrikeDummy"],"campfire_rested":2,"item_purchase_floors":[3,12,20],"current_hp_per_floor":[72,72,72,72,72,46,46,42,42,29,21,21,20,14,41,29,79,77,74,74,74,65,65,65,65,65,39,72,25,22,0,0],"gold":98,"neow_bonus":"THREE_RARE_CARDS","is_daily":false,"chose_seed":false,"campfire_upgraded":2,"win_rate":0.0,"timestamp":1609993374,"path_taken":["M","M","$","M","?","E","?","E","T","?","M","?","M","E","R","BOSS","M","M","$","?","?","R","?","R","T","E","R","E","?","M"],"items_purchased_type":["Card","Card","Relic"],"build_version":"2020-12-22","purchased_purges":1,"victory":false,"max_hp_per_floor":[72,72,72,75,75,78,78,81,81,87,87,87,90,93,93,96,96,99,102,102,102,109,109,109,109,109,113,113,121,125,125,125],"card_choices":[{"not_picked":["Brutality","Corruption"],"picked":"Double Tap","floor":0},{"not_picked":["Sword Boomerang","Bloodletting"],"picked":"Twin Strike","floor":1},{"not_picked":["Pommel Strike","Twin Strike"],"picked":"Perfected Strike","floor":2},{"not_picked":["Power Through","Flame Barrier"],"picked":"Perfected Strike","floor":4},{"not_picked":["Second Wind","Seeing Red"],"picked":"Feed","floor":6},{"not_picked":["Reckless Charge","Perfected Strike"],"picked":"Pommel Strike","floor":8},{"not_picked":["Iron Wave","Entrench"],"picked":"Headbutt","floor":10},{"not_picked":["Havoc","Headbutt","Double Tap"],"picked":"SKIP","floor":11},{"not_picked":["Sword Boomerang","Metallicize"],"picked":"Perfected Strike","floor":13},{"not_picked":["Clothesline","Infernal Blade"],"picked":"Disarm","floor":14},{"not_picked":["Fiend Fire","Barricade"],"picked":"Offering","floor":16},{"not_picked":["Intimidate","Heavy Blade"],"picked":"Armaments","floor":18},{"not_picked":["Blood for Blood","Heavy Blade","Body Slam+1"],"picked":"SKIP","floor":19},{"not_picked":["Dual Wield","Clash"],"picked":"Armaments+1","floor":22},{"not_picked":["Havoc","Pommel Strike"],"picked":"Shrug It Off","floor":27},{"not_picked":["Flex+1","Rupture"],"picked":"Demon Form","floor":29}],"player_experience":714378,"relics_obtained":[{"floor":6,"key":"Lantern"},{"floor":8,"key":"Omamori"},{"floor":9,"key":"Whetstone"},{"floor":10,"key":"Blue Candle"},{"floor":14,"key":"Peace Pipe"},{"floor":26,"key":"Ornamental Fan"},{"floor":27,"key":"Oddly Smooth Stone"},{"floor":29,"key":"Darkstone Periapt"}],"event_choices":[{"damage_healed":0,"gold_gain":0,"player_choice":"Upgraded","damage_taken":0,"max_hp_gain":0,"max_hp_loss":0,"event_name":"Upgrade Shrine","floor":5,"gold_loss":0,"cards_upgraded":["Perfected Strike"]},{"damage_healed":0,"gold_gain":30,"player_choice":"Searched \u00272\u0027 times","damage_taken":0,"max_hp_gain":0,"max_hp_loss":0,"event_name":"Dead Adventurer","floor":10,"gold_loss":0},{"damage_healed":0,"gold_gain":0,"player_choice":"Upgraded","damage_taken":0,"max_hp_gain":0,"max_hp_loss":0,"event_name":"Upgrade Shrine","floor":21,"gold_loss":0,"cards_upgraded":["Feed"]},{"damage_healed":0,"gold_gain":0,"player_choice":"Ignored","damage_taken":0,"max_hp_gain":0,"max_hp_loss":0,"event_name":"Ghosts","floor":24,"gold_loss":0},{"damage_healed":0,"gold_gain":0,"player_choice":"Fight","damage_taken":0,"max_hp_gain":0,"max_hp_loss":0,"event_name":"Colosseum","floor":30,"gold_loss":0},{"damage_healed":0,"gold_gain":0,"player_choice":"Fled From Nobs","damage_taken":0,"max_hp_gain":0,"max_hp_loss":0,"event_name":"Colosseum","floor":30,"gold_loss":0}],"is_beta":false,"boss_relics":[{"not_picked":["Astrolabe","Calling Bell"],"picked":"Runic Pyramid"}],"items_purged_floors":[7],"is_endless":false,"potions_floor_spawned":[2,6,10,13,14,16,19,22,30],"killed_by":"Shelled Parasite and Fungi","ascension_level":6}}