{"host":"5x08nt64u3vxxcfi","time":1609992498,"event":{"mods":["BaseMod","Minty Spire (QoL Compilation)","StSLib","SuperFastMode"],"gold_per_floor":[115,115,215,227,32,32,58,58,82,93,109,119,119,40,40,139,139,157,157,7,25,44,44,69,86,110,25,25,60,60,36,36,135,135,153,153,164,16,26,26,36,36,36,0,15,15,67,67,67,67],"floor_reached":51,"playtime":855,"items_purged":[],"score":885,"play_id":"c51dde76-260d-4c60-ab71-1c3034e62213","local_time":"20210107130818","is_ascension_mode":true,"campfire_choices":[{"data":"Reprogram","floor":6.0,"key":"SMITH"},{"data":"Beam Cell","floor":8.0,"key":"SMITH"},{"data":"White Noise","floor":13.0,"key":"SMITH"},{"data":"Streamline","floor":15.0,"key":"SMITH"},{"data":"Beam Cell","floor":23.0,"key":"SMITH"},{"data":"Scrape","floor":28.0,"key":"SMITH"},{"data":"Echo Form","floor":30.0,"key":"SMITH"},{"data":"Go for the Eyes","floor":32.0,"key":"SMITH"},{"data":"Aggregate","floor":40,"key":"SMITH"},{"data":"Reboot","floor":42,"key":"SMITH"},{"data":"Hyperbeam","floor":46,"key":"SMITH"},{"data":"FTL","floor":49,"key":"SMITH"}],"circlet_count":0,"master_deck":["Strike_B","Strike_B","Strike_B","Defend_B","Defend_B+1","Defend_B","Defend_B","Go for the Eyes+1","Streamline+1","Reprogram+1","FTL+1","Beam Cell+1","Rebound","Go for the Eyes+1","White Noise+1","Steam","Scrape+1","All For One","Beam Cell+1","Fission","Hologram","Stack+1","Beam Cell+1","Skim+1","Echo Form+1","Beam Cell","Reboot+1","Leap+1","Stack","Hyperbeam+1","Double Energy+1","Aggregate+1","Hologram+1","Aggregate+1","Beam Cell+1","Go for the Eyes+1","Go for the Eyes+1","Scrape+1"],"relics":["Cracked Core","HornCleat","Vajra","Empty Cage","MutagenicStrength","Blood Vial","Art of War","StoneCalendar","Bird Faced Urn","Runic Pyramid","Orrery","Toxic Egg 2","Red Mask","Torii"],"acts_visited":["Exordium","TheCity","TheBeyond"],"potions_floor_usage":[50,50,50],"damage_taken":[{"damage":3.0,"enemies":"2 Louse","floor":1.0,"turns":3.0},{"damage":7.0,"enemies":"Jaw Worm","floor":4.0,"turns":3.0},{"damage":6.0,"enemies":"Lagavulin","floor":7.0,"turns":6.0},{"damage":0.0,"enemies":"Cultist","floor":10.0,"turns":2.0},{"damage":0.0,"enemies":"2 Fungi Beasts","floor":11.0,"turns":3.0},{"damage":0.0,"enemies":"Large Slime","floor":12.0,"turns":4.0},{"damage":16.0,"enemies":"The Guardian","floor":16.0,"turns":7.0},{"damage":0.0,"enemies":"Shell Parasite","floor":18.0,"turns":2.0},{"damage":0.0,"enemies":"3 Byrds","floor":21.0,"turns":3.0},{"damage":7.0,"enemies":"Cultist and Chosen","floor":22.0,"turns":3.0},{"damage":11.0,"enemies":"Book of Stabbing","floor":24.0,"turns":4.0},{"damage":6.0,"enemies":"Sentry and Sphere","floor":25.0,"turns":4.0},{"damage":15.0,"enemies":"Gremlin Leader","floor":29.0,"turns":5.0},{"damage":13.0,"enemies":"Automaton","floor":33.0,"turns":6.0},{"damage":0.0,"enemies":"Orb Walker","floor":35.0,"turns":2.0},{"damage":0.0,"enemies":"3 Shapes","floor":37.0,"turns":3.0},{"damage":0,"enemies":"Spire Growth","floor":39,"turns":3},{"damage":0,"enemies":"3 Darklings","floor":41,"turns":3},{"damage":0,"enemies":"Transient","floor":45,"turns":5},{"damage":16,"enemies":"2 Orb Walkers","floor":47,"turns":3},{"damage":30,"enemies":"Time Eater","floor":50,"turns":7}],"seed_played":"-7198375504047374333","potions_obtained":[{"floor":1.0,"key":"Weak Potion"},{"floor":4.0,"key":"Regen Potion"},{"floor":7.0,"key":"FearPotion"},{"floor":11.0,"key":"CultistPotion"},{"floor":22.0,"key":"EssenceOfSteel"},{"floor":24.0,"key":"LiquidMemories"},{"floor":33.0,"key":"CultistPotion"},{"floor":39,"key":"CultistPotion"}],"is_trial":false,"path_per_floor":["M","?","?","M","$","R","E","R","T","M","M","M","R","$","R","B",null,"M","?","$","M","M","R","E","M","T","?","R","E","R","$","R","B",null,"M","?","M","$","M","R","M","R","T","?","M","R","?","?","R","B",null],"character_chosen":"DEFECT","items_purchased":["Reprogram","FTL","Beam Cell","Scrape","Fission","Beam Cell","Orrery"],"campfire_rested":0,"item_purchase_floors":[5,5,5,14,20,31,38],"current_hp_per_floor":[72,57,57,50,50,50,44,44,44,44,44,44,44,44,44,28,75,75,75,75,75,68,68,57,53,53,53,53,54,54,54,54,47,75,75,71,71,71,71,71,71,71,71,71,71,71,55,55,55,29],"gold":67,"neow_bonus":"REMOVE_CARD","is_daily":false,"chose_seed":false,"campfire_upgraded":12,"win_rate":0.0,"timestamp":1609992498,"path_taken":["M","?","?","?","$","R","E","R","T","M","M","M","R","$","R","BOSS","M","?","$","M","M","R","E","M","T","?","R","E","R","?","R","BOSS","M","?","M","$","M","R","M","R","T","?","M","R","?","?","R","BOSS"],"items_purchased_type":["Card","Card","Card","Card","Card","Card","Relic"],"build_version":"2020-12-22","purchased_purges":0,"victory":true,"max_hp_per_floor":[75,75,75,75,75,75,75,75,75,75,75,75,75,75,75,75,75,75,75,75,75,75,75,75,75,75,75,75,75,75,75,75,75,75,75,71,71,71,71,71,71,71,71,71,71,71,71,71,71,71],"card_choices":[{"not_picked":["Hologram","Static Discharge"],"picked":"Go for the Eyes","floor":1.0},{"not_picked":["Tempest","Leap"],"picked":"Streamline","floor":4.0},{"not_picked":["Redo","Chill"],"picked":"Rebound","floor":7.0},{"not_picked":["Sweeping Beam","Reinforced Body"],"picked":"Go for the Eyes","floor":10.0},{"not_picked":["Beam Cell","Double Energy"],"picked":"White Noise","floor":11.0},{"not_picked":["Beam Cell","Rip and Tear"],"picked":"Steam","floor":12.0},{"not_picked":["Echo Form","Amplify"],"picked":"All For One","floor":16.0},{"not_picked":["Compile Driver","Barrage+1"],"picked":"Beam Cell","floor":18.0},{"not_picked":["Compile Driver","Consume"],"picked":"Hologram","floor":21.0},{"not_picked":["Steam","Chaos"],"picked":"Stack+1","floor":22.0},{"not_picked":["Fusion","Stack"],"picked":"Beam Cell+1","floor":24.0},{"not_picked":["Leap","Go for the Eyes"],"picked":"Skim+1","floor":25.0},{"not_picked":["Ball Lightning+1","Coolheaded"],"picked":"Echo Form","floor":29.0},{"not_picked":["Biased Cognition","Core Surge"],"picked":"Reboot","floor":33.0},{"not_picked":["Loop","Compile Driver+1"],"picked":"Leap+1","floor":35.0},{"not_picked":["Consume+1","Capacitor+1"],"picked":"Stack","floor":37.0},{"not_picked":["Melter","Steam+1"],"picked":"Hyperbeam","floor":38.0},{"not_picked":["Coolheaded","Streamline"],"picked":"Double Energy+1","floor":38.0},{"not_picked":["Go for the Eyes","Force Field+1"],"picked":"Aggregate","floor":38.0},{"not_picked":["Tempest","Heatsinks+1"],"picked":"Hologram+1","floor":38.0},{"not_picked":["Reinforced Body","Hyperbeam"],"picked":"Aggregate+1","floor":38.0},{"not_picked":["Hologram","Doom and Gloom+1"],"picked":"Beam Cell+1","floor":39},{"not_picked":["Leap+1","Redo+1"],"picked":"Go for the Eyes+1","floor":41},{"not_picked":["Barrage","Conserve Battery+1"],"picked":"Go for the Eyes+1","floor":45},{"not_picked":["Consume+1","Turbo+1"],"picked":"Scrape+1","floor":47}],"player_experience":58974,"relics_obtained":[{"floor":7.0,"key":"HornCleat"},{"floor":9.0,"key":"Vajra"},{"floor":24.0,"key":"Blood Vial"},{"floor":26.0,"key":"Art of War"},{"floor":29.0,"key":"Bird Faced Urn"},{"floor":43,"key":"Toxic Egg 2"},{"floor":47,"key":"Torii"}],"event_choices":[{"damage_healed":0.0,"max_hp_gain":0.0,"max_hp_loss":0.0,"gold_gain":0.0,"event_name":"Shining Light","player_choice":"Entered Light","floor":2.0,"gold_loss":0.0,"damage_taken":15.0,"cards_upgraded":["Defend_B","Go for the Eyes"]},{"damage_healed":0.0,"max_hp_gain":0.0,"max_hp_loss":0.0,"gold_gain":100.0,"event_name":"Golden Shrine","player_choice":"Pray","floor":3.0,"gold_loss":0.0,"damage_taken":0.0},{"damage_healed":0.0,"max_hp_gain":0.0,"max_hp_loss":0.0,"gold_gain":0.0,"event_name":"Drug Dealer","player_choice":"Inject Mutagens","floor":19.0,"gold_loss":0.0,"damage_taken":0.0,"relics_obtained":["MutagenicStrength"]},{"damage_healed":0.0,"max_hp_gain":0.0,"max_hp_loss":0.0,"gold_gain":0.0,"event_name":"Addict","player_choice":"Obtained Relic","floor":27.0,"gold_loss":85.0,"damage_taken":0.0,"relics_obtained":["StoneCalendar"]},{"damage_healed":0.0,"max_hp_gain":0.0,"max_hp_loss":4.0,"gold_gain":0.0,"event_name":"Winding Halls","player_choice":"Max HP","floor":36.0,"gold_loss":0.0,"damage_taken":0.0},{"damage_healed":0,"gold_gain":0,"player_choice":"Paid","damage_taken":0,"relics_obtained":["Red Mask"],"max_hp_gain":0,"max_hp_loss":0,"event_name":"Tomb of Lord Red Mask","floor":44,"gold_loss":36},{"damage_healed":0,"gold_gain":0,"player_choice":"Fight","damage_taken":0,"max_hp_gain":0,"max_hp_loss":0,"event_name":"Mysterious Sphere","floor":47,"gold_loss":0},{"damage_healed":0,"gold_gain":0,"player_choice":"Memory 1","damage_taken":0,"max_hp_gain":0,"max_hp_loss":0,"event_name":"SensoryStone","floor":48,"gold_loss":0}],"is_beta":false,"boss_relics":[{"not_picked":["SacredBark","Busted Crown"],"picked":"Empty Cage"},{"not_picked":["Pandora\u0027s Box","SlaversCollar"],"picked":"Runic Pyramid"}],"items_purged_floors":[],"is_endless":false,"potions_floor_spawned":[1,4,7,11,22,24,25,33,37,39,45],"ascension_level":4}}