{"host":"q206iib20se9i6w7","time":1609978822,"event":{"mods":["AchievementEnabler","BaseMod","Block Reminder","Colored Powertips","Googly Eyes","Highlight Path","Minty Spire (QoL Compilation)","Quick Restart","Relic Stats","StSLib","SuperFastMode"],"gold_per_floor":[109,109,127,127,127,158,158,183,183,221,34,59,59,80,80,209,209,233,256,279,302,302,302,341,341,341,357,357,375,375,122,122,246,246,260,283,303,318,338,338,362,362,362,378,393,14,14,34,34,34],"floor_reached":51,"playtime":3984,"items_purged":["Strike_P","Writhe"],"score":724,"play_id":"994ca281-ab32-4d3a-8ae3-47ff5c11f344","local_time":"20210106182022","is_ascension_mode":true,"campfire_choices":[{"data":"Eruption","floor":7,"key":"SMITH"},{"data":"CrushJoints","floor":15,"key":"SMITH"},{"floor":23,"key":"REST"},{"floor":28,"key":"REST"},{"data":"MentalFortress","floor":32,"key":"SMITH"},{"data":"ConjureBlade","floor":40,"key":"SMITH"},{"floor":42,"key":"REST"},{"data":"WaveOfTheHand","floor":47,"key":"SMITH"},{"floor":49,"key":"REST"}],"circlet_count":0,"master_deck":["Strike_P","Defend_P","Defend_P+1","Defend_P","Eruption+1","Vigilance","Tantrum","Vengeance+1","Halt","SashWhip+1","CrushJoints+1","FearNoEvil","Sanctity","ConjureBlade+1","Evaluate+1","FlyingSleeves+1","Consecrate+1","EmptyFist","TalkToTheHand","EmptyBody","EmptyMind","MentalFortress+1","Wallop+1","LessonLearned","Evaluate+1","ClearTheMind+1","Indignation+1","WaveOfTheHand+1","FlurryOfBlows+1","SandsOfTime","TalkToTheHand+1"],"relics":["VioletLotus","Golden Idol","FaceOfCleric","Eternal Feather","Thread and Needle","HandDrill","Astrolabe","Nilry\u0027s Codex","Anchor","Toy Ornithopter","Gremlin Horn","Bronze Scales","SlaversCollar","Singing Bowl","Happy Flower"],"acts_visited":["Exordium","TheCity","TheBeyond"],"potions_floor_usage":[10,20,24,24,33,37,37,37,39,39,39,44,44,48,50],"damage_taken":[{"damage":5,"enemies":"2 Louse","floor":1,"turns":3},{"damage":2,"enemies":"Jaw Worm","floor":3,"turns":3},{"damage":12,"enemies":"Gremlin Nob","floor":6,"turns":3},{"damage":10,"enemies":"Small Slimes","floor":8,"turns":2},{"damage":27,"enemies":"Lagavulin","floor":10,"turns":3},{"damage":0,"enemies":"Red Slaver","floor":12,"turns":3},{"damage":4,"enemies":"2 Fungi Beasts","floor":14,"turns":3},{"damage":21,"enemies":"Hexaghost","floor":16,"turns":6},{"damage":7,"enemies":"Shell Parasite","floor":18,"turns":2},{"damage":21,"enemies":"2 Thieves","floor":19,"turns":3},{"damage":2,"enemies":"Shelled Parasite and Fungi","floor":20,"turns":3},{"damage":8,"enemies":"Snecko","floor":21,"turns":5},{"damage":25,"enemies":"Book of Stabbing","floor":24,"turns":4},{"damage":13,"enemies":"Centurion and Healer","floor":27,"turns":5},{"damage":2,"enemies":"Snake Plant","floor":29,"turns":4},{"damage":1,"enemies":"Champ","floor":33,"turns":13},{"damage":4,"enemies":"3 Shapes","floor":35,"turns":4},{"damage":4,"enemies":"Orb Walker","floor":36,"turns":4},{"damage":43,"enemies":"Writhing Mass","floor":37,"turns":7},{"damage":33,"enemies":"4 Shapes","floor":38,"turns":5},{"damage":20,"enemies":"Transient","floor":39,"turns":5},{"damage":27,"enemies":"Jaw Worm Horde","floor":41,"turns":4},{"damage":27,"enemies":"Spire Growth","floor":44,"turns":6},{"damage":0,"enemies":"3 Darklings","floor":45,"turns":6},{"damage":30,"enemies":"4 Shapes","floor":48,"turns":9},{"damage":65,"enemies":"Awakened One","floor":50,"turns":11}],"seed_played":"-5312836031915676992","potions_obtained":[{"floor":6,"key":"DuplicationPotion"},{"floor":10,"key":"Strength Potion"},{"floor":14,"key":"LiquidBronze"},{"floor":16,"key":"Dexterity Potion"},{"floor":21,"key":"FearPotion"},{"floor":24,"key":"Ancient Potion"},{"floor":27,"key":"StancePotion"},{"floor":35,"key":"EntropicBrew"},{"floor":38,"key":"Regen Potion"},{"floor":48,"key":"Explosive Potion"}],"is_trial":false,"path_per_floor":["M","?","M","?","?","E","R","M","T","E","$","M","?","M","R","B",null,"M","M","M","M","?","R","E","?","T","M","R","M","?","$","R","B",null,"M","M","M","M","M","R","M","R","T","M","M","$","R","M","R","B",null],"character_chosen":"WATCHER","items_purchased":["HandDrill","FearNoEvil","MentalFortress","Wallop","EssenceOfSteel","Happy Flower","SandsOfTime","Explosive Potion"],"campfire_rested":4,"item_purchase_floors":[11,11,31,31,31,46,46,46],"current_hp_per_floor":[67,72,70,70,70,59,59,50,50,24,24,25,25,22,31,11,77,71,51,50,43,27,63,39,39,39,27,63,62,62,62,74,79,85,82,79,52,20,25,40,14,56,56,42,43,43,61,37,83,24],"gold":34,"neow_bonus":"BOSS_RELIC","is_daily":false,"chose_seed":false,"campfire_upgraded":5,"win_rate":0.0,"timestamp":1609978822,"path_taken":["M","?","M","?","?","E","R","M","T","E","$","?","?","M","R","BOSS","M","M","?","M","?","R","E","?","T","M","R","M","?","$","R","BOSS","M","M","?","M","M","R","M","R","T","M","M","$","R","M","R","BOSS"],"items_purchased_type":["Relic","Card","Card","Card","Potion","Relic","Card","Potion"],"build_version":"2020-12-22","purchased_purges":2,"victory":true,"max_hp_per_floor":[72,77,77,71,71,72,72,73,73,74,74,75,75,76,76,77,77,78,79,80,81,81,81,82,82,82,83,83,84,84,84,84,85,85,86,87,88,89,90,90,91,91,91,94,95,95,95,96,96,97],"relic_stats":{"Gremlin Horn":[16,16],"Singing Bowl":2,"Happy Flower":[6],"counters":[26,126],"Golden Idol":172,"Astrolabe":["Evaluate","FlyingSleeves","Consecrate"],"Eternal Feather":111,"FaceOfCleric":24,"Bronze Scales":[234],"VioletLotus":[36],"HandDrill":[44],"obtain_stats":[{"Gremlin Horn":26,"Singing Bowl":43,"Happy Flower":46,"Golden Idol":4,"Nilry\u0027s Codex":22,"Astrolabe":17,"Eternal Feather":9,"Thread and Needle":10,"SlaversCollar":34,"Anchor":24,"FaceOfCleric":5,"Bronze Scales":30,"VioletLotus":0,"HandDrill":11,"PureWater":0,"Toy Ornithopter":25},{"Gremlin Horn":13,"Singing Bowl":22,"Happy Flower":24,"Golden Idol":2,"Nilry\u0027s Codex":12,"Astrolabe":8,"Eternal Feather":4,"Thread and Needle":5,"SlaversCollar":16,"Anchor":13,"FaceOfCleric":2,"Bronze Scales":15,"VioletLotus":0,"HandDrill":5,"PureWater":0,"Toy Ornithopter":13},{"Gremlin Horn":43,"Singing Bowl":94,"Happy Flower":106,"Golden Idol":6,"Nilry\u0027s Codex":39,"Astrolabe":26,"Eternal Feather":11,"Thread and Needle":14,"SlaversCollar":65,"Anchor":43,"FaceOfCleric":6,"Bronze Scales":52,"VioletLotus":0,"HandDrill":14,"PureWater":0,"Toy Ornithopter":43}],"Toy Ornithopter":55},"card_choices":[{"not_picked":["FlurryOfBlows","SashWhip"],"picked":"Tantrum","floor":1},{"not_picked":["Tantrum","EmptyFist"],"picked":"Vengeance","floor":3},{"not_picked":["ForeignInfluence","FlurryOfBlows"],"picked":"Halt","floor":6},{"not_picked":["Weave","PathToVictory"],"picked":"SashWhip","floor":8},{"not_picked":["BattleHymn","Collect"],"picked":"CrushJoints","floor":10},{"not_picked":["Fasting2","Halt"],"picked":"Sanctity","floor":12},{"not_picked":["Worship","ThirdEye","Swivel"],"picked":"SKIP","floor":14},{"not_picked":["Brilliance","Omniscience"],"picked":"ConjureBlade","floor":16},{"not_picked":["Evaluate+1","Prostrate"],"picked":"EmptyFist","floor":18},{"not_picked":["Swivel","Crescendo"],"picked":"TalkToTheHand","floor":19},{"not_picked":["FlyingSleeves","ThirdEye+1","Protect+1"],"picked":"SKIP","floor":20},{"not_picked":["BowlingBash","FollowUp"],"picked":"EmptyBody","floor":21},{"not_picked":["PathToVictory","Halt","Evaluate"],"picked":"SKIP","floor":24},{"not_picked":["CutThroughFate","TalkToTheHand"],"picked":"EmptyMind","floor":27},{"not_picked":["SashWhip","Swivel","CarveReality"],"picked":"SKIP","floor":29},{"not_picked":["Brilliance","MasterReality"],"picked":"LessonLearned","floor":33},{"not_picked":["EmptyBody","Consecrate+1","FlyingSleeves+1"],"picked":"SKIP","floor":35},{"not_picked":["FollowUp+1","Nirvana+1","Wallop"],"picked":"SKIP","floor":36},{"not_picked":["ThirdEye+1","FlyingSleeves+1"],"picked":"Evaluate+1","floor":37},{"not_picked":["Evaluate","Worship+1"],"picked":"ClearTheMind+1","floor":38},{"not_picked":["EmptyBody+1","Prostrate+1"],"picked":"Indignation+1","floor":39},{"not_picked":["FollowUp+1","Consecrate"],"picked":"WaveOfTheHand","floor":41},{"not_picked":["CutThroughFate+1","ForeignInfluence+1","Judgement"],"picked":"Singing Bowl","floor":44},{"not_picked":["SashWhip+1","Prostrate"],"picked":"FlurryOfBlows+1","floor":45},{"not_picked":["FollowUp+1","JustLucky"],"picked":"TalkToTheHand+1","floor":48}],"player_experience":191519,"relics_obtained":[{"floor":9,"key":"Eternal Feather"},{"floor":10,"key":"Thread and Needle"},{"floor":22,"key":"Nilry\u0027s Codex"},{"floor":24,"key":"Anchor"},{"floor":26,"key":"Gremlin Horn"},{"floor":43,"key":"Singing Bowl"}],"event_choices":[{"damage_healed":0,"gold_gain":0,"player_choice":"Donut","damage_taken":0,"max_hp_gain":5,"max_hp_loss":0,"event_name":"Big Fish","floor":2,"gold_loss":0},{"damage_healed":0,"gold_gain":0,"player_choice":"Lose Max HP","damage_taken":0,"relics_obtained":["Golden Idol"],"max_hp_gain":0,"max_hp_loss":6,"event_name":"Golden Idol","floor":4,"gold_loss":0},{"damage_healed":0,"gold_gain":0,"player_choice":"Trade","damage_taken":0,"relics_obtained":["FaceOfCleric"],"max_hp_gain":0,"max_hp_loss":0,"event_name":"FaceTrader","floor":5,"gold_loss":0},{"damage_healed":0,"gold_gain":0,"player_choice":"0 cards matched","damage_taken":0,"max_hp_gain":0,"max_hp_loss":0,"event_name":"Match and Keep!","floor":13,"gold_loss":0,"cards_obtained":[]},{"damage_healed":0,"gold_gain":0,"player_choice":"Obtained Book","damage_taken":16,"max_hp_gain":0,"max_hp_loss":0,"event_name":"Cursed Tome","floor":22,"gold_loss":0},{"damage_healed":0,"gold_gain":0,"player_choice":"Opened","damage_taken":0,"relics_obtained":["Toy Ornithopter"],"max_hp_gain":0,"max_hp_loss":0,"event_name":"The Mausoleum","floor":25,"gold_loss":0,"cards_obtained":["Writhe"]},{"damage_healed":0,"gold_gain":0,"player_choice":"Gave Potion","damage_taken":0,"relics_obtained":["Bronze Scales"],"max_hp_gain":0,"max_hp_loss":0,"event_name":"WeMeetAgain","floor":30,"gold_loss":0}],"is_beta":false,"boss_relics":[{"not_picked":["Tiny House","Coffee Dripper"],"picked":"Astrolabe"},{"not_picked":["Velvet Choker","Empty Cage"],"picked":"SlaversCollar"}],"items_purged_floors":[31,46],"is_endless":false,"potions_floor_spawned":[6,10,14,16,21,24,27,35,38,48],"ascension_level":2}}