{"host":"sav7uxregyirlf69","time":1609994339,"event":{"mods":["AchievementEnabler","BaseMod","Colored Map","DeckTracker","Keyboard Shortcuts","Minty Spire (QoL Compilation)","READ ME - Guardian Mod","StSLib","SuperFastMode"],"gold_per_floor":[210,210,43,43,43,43,64,64,64],"floor_reached":8,"playtime":126,"items_purged":[],"score":88,"play_id":"6f8d20b3-a728-4e19-97d1-0ccf803b69ea","local_time":"20210107133859","is_ascension_mode":true,"campfire_choices":[{"data":"Bouncing Flask","floor":6,"key":"SMITH"}],"circlet_count":0,"master_deck":["AscendersBane","Strike_G","Strike_G","Strike_G","Strike_G","Defend_G","Defend_G","Defend_G","Defend_G","Defend_G","Survivor","Neutralize","Reflex","Reflex","Blade Dance","Cloak And Dagger","Bouncing Flask+1"],"relics":["Ring of the Snake","Golden Idol","Orrery","Oddly Smooth Stone"],"acts_visited":["Exordium"],"potions_floor_usage":[],"damage_taken":[{"damage":3,"enemies":"2 Louse","floor":1,"turns":3},{"damage":5,"enemies":"Small Slimes","floor":7,"turns":4},{"damage":41,"enemies":"3 Sentries","floor":8,"turns":9}],"seed_played":"6449609502481350987","potions_obtained":[],"is_trial":false,"path_per_floor":["M","?","$","?","?","R","M","E"],"character_chosen":"THE_SILENT","items_purchased":["Orrery"],"campfire_rested":0,"item_purchase_floors":[3],"current_hp_per_floor":[56,56,56,45,45,45,40,0,0],"gold":64,"neow_bonus":"HUNDRED_GOLD","is_daily":false,"chose_seed":false,"campfire_upgraded":1,"win_rate":0.0,"timestamp":1609994339,"path_taken":["M","?","$","?","?","R","M","E"],"items_purchased_type":["Relic"],"build_version":"2020-12-22","purchased_purges":0,"victory":false,"max_hp_per_floor":[66,60,60,60,60,60,60,60,60],"card_choices":[{"not_picked":["Slice","Bane","Eviscerate"],"picked":"SKIP","floor":1},{"not_picked":["Blade Dance","Slice"],"picked":"Reflex","floor":3},{"not_picked":["Quick Slash","Blade Dance"],"picked":"Reflex","floor":3},{"not_picked":["Footwork","Wraith Form v2"],"picked":"Blade Dance","floor":3},{"not_picked":["Bouncing Flask","Underhanded Strike"],"picked":"Cloak And Dagger","floor":3},{"not_picked":["Bane","Blade Dance","Dodge and Roll"],"picked":"SKIP","floor":7}],"player_experience":1170915,"relics_obtained":[],"event_choices":[{"damage_healed":0,"gold_gain":0,"player_choice":"Lose Max HP","damage_taken":0,"relics_obtained":["Golden Idol"],"max_hp_gain":0,"max_hp_loss":6,"event_name":"Golden Idol","floor":2,"gold_loss":0},{"damage_healed":0,"gold_gain":0,"player_choice":"Success","damage_taken":11,"relics_obtained":["Oddly Smooth Stone"],"max_hp_gain":0,"max_hp_loss":0,"event_name":"Scrap Ooze","floor":4,"gold_loss":0},{"damage_healed":0,"gold_gain":0,"cards_transformed":["Strike_G"],"player_choice":"Change","damage_taken":0,"max_hp_gain":0,"max_hp_loss":0,"event_name":"Living Wall","floor":5,"gold_loss":0,"cards_obtained":["Bouncing Flask"]}],"is_beta":false,"boss_relics":[],"items_purged_floors":[],"is_endless":false,"potions_floor_spawned":[],"killed_by":"3 Sentries","ascension_level":20}}