{"host":"FirstDane","time":1609993470,"event":{"mods":["BaseMod","Bestiary","Highlight Path","Minty Spire (QoL Compilation)","Relic Stats","Slay the Relics Exporter"],"gold_per_floor":[109,127,141,57,57,57,84,84,110,140,159,139,159,175,175,248,248,258,57,72,88,104,119,44,44,113,145,163,188,188,216,216,216,216],"floor_reached":33,"playtime":2285,"items_purged":["Strike_G"],"score":638,"play_id":"50e24efd-eb34-461e-ab0d-865612fc1755","local_time":"20210106222430","is_ascension_mode":true,"campfire_choices":[{"data":"Skewer","floor":6,"key":"SMITH"},{"data":"Noxious Fumes","floor":8,"key":"SMITH"},{"data":"Predator","floor":15,"key":"SMITH"},{"data":"Bouncing Flask","floor":25,"key":"SMITH"},{"floor":30,"key":"REST"},{"data":"Burst","floor":32,"key":"SMITH"}],"circlet_count":0,"master_deck":["AscendersBane","Strike_G","Strike_G","Strike_G","Defend_G","Defend_G+1","Defend_G+1","Defend_G","Defend_G","Survivor","Neutralize","Blade Dance","Dagger Throw","Skewer+1","Noxious Fumes+1","Adrenaline","Predator+1","Acrobatics","Adrenaline","Bouncing Flask+1","Deadly Poison","Burst+1","Leg Sweep+1","Crippling Poison"],"relics":["Ring of the Snake","Ginger","Dream Catcher","War Paint","HornCleat","Philosopher\u0027s Stone","Membership Card","Bottled Lightning","Pantograph","Anchor","Strawberry"],"acts_visited":["Exordium","TheCity"],"potions_floor_usage":[7,16,16,27,28,29,33],"damage_taken":[{"damage":2,"enemies":"2 Louse","floor":1,"turns":3},{"damage":0,"enemies":"Cultist","floor":2,"turns":4},{"damage":0,"enemies":"Jaw Worm","floor":3,"turns":3},{"damage":6,"enemies":"Gremlin Nob","floor":7,"turns":3},{"damage":7,"enemies":"Lagavulin","floor":10,"turns":7},{"damage":1,"enemies":"Large Slime","floor":11,"turns":4},{"damage":0,"enemies":"3 Louse","floor":13,"turns":3},{"damage":0,"enemies":"Blue Slaver","floor":14,"turns":3},{"damage":20,"enemies":"Slime Boss","floor":16,"turns":7},{"damage":0,"enemies":"Shell Parasite","floor":18,"turns":5},{"damage":0,"enemies":"3 Byrds","floor":20,"turns":6},{"damage":5,"enemies":"Snecko","floor":21,"turns":4},{"damage":0,"enemies":"Centurion and Healer","floor":22,"turns":6},{"damage":5,"enemies":"Snake Plant","floor":23,"turns":3},{"damage":24,"enemies":"Book of Stabbing","floor":27,"turns":5},{"damage":0,"enemies":"Cultist and Chosen","floor":28,"turns":4},{"damage":11,"enemies":"Slavers","floor":29,"turns":4},{"damage":15,"enemies":"Gremlin Leader","floor":31,"turns":6},{"damage":49,"enemies":"Automaton","floor":33,"turns":10}],"seed_played":"2188755718151342874","potions_obtained":[{"floor":1,"key":"AttackPotion"},{"floor":2,"key":"Energy Potion"},{"floor":10,"key":"CunningPotion"},{"floor":12,"key":"CunningPotion"},{"floor":18,"key":"SkillPotion"},{"floor":23,"key":"AttackPotion"},{"floor":27,"key":"Swift Potion"},{"floor":29,"key":"CultistPotion"}],"is_trial":false,"path_per_floor":["M","M","M","$","?","R","E","R","T","E","M","?","M","M","R","B",null,"M","$","M","M","M","M","?","R","T","E","M","E","R","E","R","B"],"character_chosen":"THE_SILENT","items_purchased":["Noxious Fumes","Membership Card"],"campfire_rested":1,"item_purchase_floors":[4,19],"current_hp_per_floor":[42,42,42,42,42,42,36,36,36,29,28,28,28,28,28,8,52,52,52,52,47,47,42,42,42,42,18,18,7,26,18,18,0,0],"gold":216,"neow_bonus":"ONE_RARE_RELIC","is_daily":false,"chose_seed":false,"campfire_upgraded":5,"win_rate":0.0,"timestamp":1609993470,"path_taken":["M","M","M","$","?","R","E","R","T","E","M","?","M","M","R","BOSS","M","?","M","?","M","M","?","R","T","E","M","E","R","E","R","BOSS"],"items_purchased_type":["Card","Relic"],"build_version":"2020-12-18","purchased_purges":1,"victory":false,"max_hp_per_floor":[66,66,66,66,66,66,66,66,66,66,66,66,66,66,66,66,66,66,66,66,66,66,66,66,66,66,66,66,66,66,73,73,73,73],"relic_stats":{"Dream Catcher":1,"counters":[19,90],"Pantograph":25,"Ginger":[9],"War Paint":["Defend_G","Defend_G"],"obtain_stats":[{"Dream Catcher":7,"Anchor":29,"HornCleat":10,"Pantograph":27,"Strawberry":31,"Philosopher\u0027s Stone":17,"Ginger":0,"Membership Card":19,"Bottled Lightning":26,"War Paint":9,"Ring of the Snake":0},{"Dream Catcher":4,"Anchor":17,"HornCleat":5,"Pantograph":15,"Strawberry":18,"Philosopher\u0027s Stone":9,"Ginger":0,"Membership Card":10,"Bottled Lightning":14,"War Paint":4,"Ring of the Snake":0},{"Dream Catcher":13,"Anchor":74,"HornCleat":20,"Pantograph":66,"Strawberry":80,"Philosopher\u0027s Stone":37,"Ginger":0,"Membership Card":42,"Bottled Lightning":61,"War Paint":13,"Ring of the Snake":0}],"Ring of the Snake":[38]},"card_choices":[{"not_picked":["Distraction","Blur"],"picked":"Blade Dance","floor":1},{"not_picked":["Acrobatics","PiercingWail"],"picked":"Dagger Throw","floor":2},{"not_picked":["Footwork","Quick Slash"],"picked":"Skewer","floor":3},{"not_picked":["Sucker Punch","Bullet Time"],"picked":"Adrenaline","floor":7},{"not_picked":["Heel Hook","Infinite Blades"],"picked":"Predator","floor":10},{"not_picked":["Slice","Backstab","Endless Agony"],"picked":"SKIP","floor":11},{"not_picked":["Poisoned Stab","Prepared","Concentrate"],"picked":"SKIP","floor":13},{"not_picked":["Expertise","Underhanded Strike"],"picked":"Acrobatics","floor":14},{"not_picked":["Storm of Steel","A Thousand Cuts"],"picked":"Adrenaline","floor":16},{"not_picked":["Dash","Skewer+1"],"picked":"Bouncing Flask","floor":18},{"not_picked":["Dagger Spray","Acrobatics","Escape Plan"],"picked":"SKIP","floor":20},{"not_picked":["Flechettes","Deflect","Prepared"],"picked":"SKIP","floor":21},{"not_picked":["Quick Slash","Prepared","Flying Knee"],"picked":"SKIP","floor":22},{"not_picked":["PiercingWail","Infinite Blades"],"picked":"Deadly Poison","floor":23},{"not_picked":["Deflect","Outmaneuver"],"picked":"Burst","floor":27},{"not_picked":["Tactician","Infinite Blades"],"picked":"Leg Sweep+1","floor":28},{"not_picked":["Quick Slash","Endless Agony","Deflect"],"picked":"SKIP","floor":29},{"not_picked":["A Thousand Cuts","Escape Plan"],"picked":"Crippling Poison","floor":30},{"not_picked":["Prepared","Underhanded Strike","Caltrops+1"],"picked":"SKIP","floor":31}],"player_experience":3866938,"relics_obtained":[{"floor":7,"key":"Dream Catcher"},{"floor":9,"key":"War Paint"},{"floor":10,"key":"HornCleat"},{"floor":26,"key":"Bottled Lightning"},{"floor":27,"key":"Pantograph"},{"floor":29,"key":"Anchor"},{"floor":31,"key":"Strawberry"}],"event_choices":[{"damage_healed":0,"gold_gain":0,"player_choice":"Ignored","damage_taken":0,"max_hp_gain":0,"max_hp_loss":0,"event_name":"Liars Game","floor":5,"gold_loss":0},{"damage_healed":0,"gold_gain":0,"player_choice":"Bought 1 Potion","damage_taken":0,"max_hp_gain":0,"max_hp_loss":0,"event_name":"The Woman in Blue","floor":12,"gold_loss":0},{"cards_removed":["Strike_G"],"damage_healed":0,"gold_gain":0,"player_choice":"Gave Gold","damage_taken":0,"max_hp_gain":0,"max_hp_loss":0,"event_name":"Beggar","floor":24,"gold_loss":75}],"is_beta":true,"boss_relics":[{"not_picked":["Ectoplasm","Cursed Key"],"picked":"Philosopher\u0027s Stone"}],"items_purged_floors":[19],"is_endless":false,"potions_floor_spawned":[1,2,10,14,18,23,27,29],"killed_by":"Automaton","ascension_level":20}}