{"host":"ig7tc0uedzltt2sr","time":1609988874,"event":{"mods":["BaseMod","Better Twitch Integration","Block Reminder","Colored Map","Colored Powertips","Communication Mod","Current Relic Mod","GifTheSpireLib","HexUI Lib","Minty Spire (QoL Compilation)","Quick Restart","Random Character Button","Rare Cards Sparkle","Relic Sorter","Relic Stats","Slay the Relics Exporter","StSLib","SuperFastMode","Synergy Search","Twitch Decklist","Twitch Utils","everything is the same but u backflip on backflip","slay the spire mod where everything is the same but ironclad has a cowboy hat"],"gold_per_floor":[109,125,143,159,129,129,129],"floor_reached":6,"playtime":87,"items_purged":[],"score":38,"play_id":"fb219b28-258c-42d2-b5b8-9280ce4e3067","local_time":"20210106190754","is_ascension_mode":false,"campfire_choices":[],"circlet_count":0,"master_deck":["Strike_R","Strike_R","Strike_R","Strike_R","Strike_R","Defend_R","Defend_R","Defend_R","Defend_R","Bash","Uppercut","Havoc","Feel No Pain","Battle Trance"],"relics":["Burning Blood"],"acts_visited":["Exordium"],"potions_floor_usage":[],"damage_taken":[{"damage":50,"enemies":"Cultist","floor":1,"turns":9},{"damage":9,"enemies":"2 Louse","floor":2,"turns":5},{"damage":5,"enemies":"Small Slimes","floor":3,"turns":7},{"damage":24,"enemies":"Exordium Wildlife","floor":4,"turns":5},{"damage":5,"enemies":"Looter","floor":5,"turns":4},{"damage":55,"enemies":"Lagavulin","floor":6,"turns":8}],"seed_played":"-1840213264641812901","potions_obtained":[{"floor":0,"key":"FearPotion"},{"floor":0,"key":"Fruit Juice"},{"floor":0,"key":"FairyPotion"},{"floor":1,"key":"Strength Potion"},{"floor":3,"key":"BlessingOfTheForge"}],"is_trial":false,"path_per_floor":["M","M","M","M","M","E"],"character_chosen":"IRONCLAD","items_purchased":[],"campfire_rested":0,"item_purchase_floors":[],"current_hp_per_floor":[41,38,39,21,22,0,0],"gold":129,"neow_bonus":"THREE_SMALL_POTIONS","is_daily":false,"chose_seed":false,"campfire_upgraded":0,"win_rate":0.0,"timestamp":1609988874,"path_taken":["M","?","M","M","M","E"],"items_purchased_type":[],"build_version":"2020-12-22","purchased_purges":0,"victory":false,"max_hp_per_floor":[85,85,85,85,85,85,85],"relic_stats":{"counters":[6,38],"obtain_stats":[{"Burning Blood":0},{"Burning Blood":0},{"Burning Blood":0}],"Burning Blood":30},"card_choices":[{"not_picked":["Anger","Sword Boomerang"],"picked":"Uppercut","floor":1},{"not_picked":["Wild Strike","Blood for Blood"],"picked":"Havoc","floor":2},{"not_picked":["True Grit","Dropkick"],"picked":"Feel No Pain","floor":3},{"not_picked":["Clothesline","Pommel Strike","Battle Trance"],"picked":"SKIP","floor":4},{"not_picked":["Perfected Strike","Dropkick"],"picked":"Battle Trance","floor":5}],"player_experience":1441918,"relics_obtained":[],"event_choices":[],"is_beta":false,"boss_relics":[],"items_purged_floors":[],"is_endless":false,"potions_floor_spawned":[1,3],"killed_by":"Lagavulin","ascension_level":0}}