{"host":"qswkx8hggytna0kc","time":1609990414,"event":{"mods":["ATMod(∞¢Ë™Mod)","Aspiration","BaseMod","BetterRewards","Colored Map","Colored Powertips","Dota2Spire","Downfall","Highlight Path","Hubris","Infinite Spire","Marisa£®ÏF”Í°°ƒß¿Ì…≥£©","Mimic Mod","Minty Spire (QoL Compilation)","MostiFishMod","Quick Restart","READ ME - Guardian Mod","Rare Cards Sparkle","Remilia£®¿Ÿ√◊¿Ú—«£©","Replay The Spire","SIMod","Spicy Shops","StSLib","SuperFastMode","The Administrix","The Animator","The Construct","The Cursed","The Hierophant","The Servant 0.9.4"],"gold_per_floor":[99,109,126,126,126,126,126,145,245,271,286,286,321,332,351,446,446,446,458,469,482,482],"floor_reached":21,"playtime":774,"items_purged":[],"score":193,"play_id":"226625f3-4b87-4fb2-ab32-7146c5ad823e","local_time":"20210107113334","is_ascension_mode":false,"campfire_choices":[{"data":"AT_KingSlayer","floor":1,"key":"SMITH"},{"data":"construct:FlameCore+1","floor":6,"key":"SMITH"},{"data":"construct:ScopeCore","floor":12,"key":"SMITH"},{"floor":18,"key":"DIG"}],"circlet_count":0,"master_deck":["construct:Strike_Gold","construct:Strike_Gold","construct:Strike_Gold","construct:Strike_Gold","construct:Strike_Gold","construct:Defend_Gold","construct:Defend_Gold","construct:Defend_Gold","construct:Defend_Gold","construct:Defend_Gold","construct:AttackMode","construct:DefenseMode","construct:CreateCores","AT_KingSlayer+1","construct:FlameCore+2","construct:CreateCores","construct:ScopeCore+1","construct:ScopeCore","construct:FlameCore","construct:PanicFire","construct:HeavyBolt"],"relics":["construct:ClockworkPhoenix","AT_ATBox","DaveBox","DianPoetry","Pyrelight","infinitespire:FocusingShard","hubris:DisguiseKit","Shovel","GuanYuAspect","Nunchaku"],"acts_visited":["Exordium","TheCity"],"potions_floor_usage":[],"damage_taken":[{"damage":0,"enemies":"2 Louse","floor":2,"turns":3},{"damage":6,"enemies":"Cultist","floor":3,"turns":3},{"damage":5,"enemies":"Small Slimes","floor":8,"turns":4},{"damage":18,"enemies":"Gremlin Nob","floor":10,"turns":3},{"damage":0,"enemies":"Large Slime","floor":11,"turns":4},{"damage":11,"enemies":"3 Sentries","floor":13,"turns":7},{"damage":9,"enemies":"3 Louse","floor":14,"turns":3},{"damage":2,"enemies":"Blue Slaver","floor":15,"turns":2},{"damage":15,"enemies":"downfall:Ironclad","floor":16,"turns":12},{"damage":5,"enemies":"Shell Parasite","floor":19,"turns":3},{"damage":0,"enemies":"Spheric Guardian","floor":20,"turns":3},{"damage":23,"enemies":"Snake Plant","floor":21,"turns":2}],"seed_played":"3394464553176104487","potions_obtained":[{"floor":3,"key":"Death Potion"},{"floor":10,"key":"Guardian:BlockOnCardUsePotion"},{"floor":16,"key":"Regen Potion"}],"is_trial":false,"path_per_floor":["R_BF","M","M","?","?","R","T","M","?","E","M","R","E","M","M","B",null,"R","M","M","M"],"character_chosen":"THE_CONSTRUCT_MOD","items_purchased":[],"campfire_rested":0,"item_purchase_floors":[],"current_hp_per_floor":[85,85,79,79,79,79,79,74,74,56,56,56,45,36,34,19,43,43,43,43,24,24],"gold":482,"neow_bonus":"THREE_CARDS","is_daily":false,"chose_seed":false,"campfire_upgraded":3,"win_rate":0.0,"timestamp":1609990414,"path_taken":["R_BF","M","M","?","?","R","T","?","?","E","M","R","E","M","M","BOSS","R","M","M","M"],"items_purchased_type":[],"build_version":"2020-12-22","purchased_purges":0,"victory":false,"max_hp_per_floor":[85,85,85,85,85,85,85,85,85,85,85,85,85,85,85,85,43,43,43,43,43,43],"card_choices":[{"not_picked":["construct:Forcefield","construct:FocusedBeam"],"picked":"construct:CreateCores","floor":0},{"not_picked":["construct:Reinforce","construct:Backfire"],"picked":"construct:FlameCore","floor":2},{"not_picked":["construct:ShiftStrike","construct:Reinforce"],"picked":"construct:CreateCores","floor":3},{"not_picked":["construct:ShiftStrike","construct:OneWayMirror","construct:Forcefield"],"picked":"SKIP","floor":8},{"not_picked":["construct:Versatility","construct:FlammableFog","construct:ShiftStrike"],"picked":"SKIP","floor":10},{"not_picked":["construct:Electrocute","construct:Stasis","MostiFishMod:PushDownKick"],"picked":"construct:ScopeCore","floor":11},{"not_picked":["construct:Failsafe","construct:FierceBash","Leap"],"picked":"construct:ScopeCore","floor":13},{"not_picked":["construct:MoltenSmash","construct:SyphonStrike","Ball Lightning"],"picked":"construct:FlameCore","floor":14},{"not_picked":["construct:CreateCores","construct:FlammableFog","construct:Boost","Barrage"],"picked":"SKIP","floor":15},{"not_picked":["construct:HammerDown","construct:HastyRepair","All For One"],"picked":"construct:PanicFire","floor":16},{"not_picked":["construct:FocusedBeam","construct:ModeShift+1","construct:Reinforce","aspiration:Polymerization"],"picked":"SKIP","floor":19},{"not_picked":["construct:FocusedBeam","construct:ModeShift+1","construct:Reinforce","aspiration:Polymerization"],"picked":"SKIP","floor":19},{"not_picked":["construct:Rollout","construct:ShiftingStance","AT_HeatAcrobatics"],"picked":"construct:HeavyBolt","floor":20}],"player_experience":594072,"relics_obtained":[{"floor":7,"key":"infinitespire:FocusingShard"},{"floor":10,"key":"hubris:DisguiseKit"},{"floor":13,"key":"Shovel"},{"floor":18,"key":"Nunchaku"}],"event_choices":[{"damage_healed":0,"gold_gain":0,"player_choice":"Upgraded","damage_taken":0,"max_hp_gain":0,"max_hp_loss":0,"event_name":"Upgrade Shrine","floor":5,"gold_loss":0,"cards_upgraded":["construct:FlameCore"]}],"is_beta":false,"boss_relics":[{"not_picked":["Empty Cage","AT_TrinityForce"],"picked":"GuanYuAspect"}],"items_purged_floors":[],"is_endless":false,"potions_floor_spawned":[3,10,16,19],"killed_by":"Snake Plant","ascension_level":0}}