{"host":"xrbutm0tzv4qwo7u","time":1609981489,"event":{"mods":["AchievementEnabler","BaseMod","Colored Powertips","Hermit","Minty Spire (QoL Compilation)","StSLib","The Cursed","The Marked"],"gold_per_floor":[119,137,155,165,135,163,163,7,7,7,86,99,274,309,309,309,309],"floor_reached":16,"playtime":490,"items_purged":[],"score":116,"play_id":"1bfc168b-f679-49e2-b2fa-c8f9462aaabe","local_time":"20210106190449","is_ascension_mode":true,"campfire_choices":[{"data":"Genetic Algorithm","floor":7,"key":"SMITH"},{"floor":15,"key":"REST"}],"circlet_count":0,"master_deck":["Strike_B","Strike_B","Strike_B+1","Strike_B+1","Defend_B","Defend_B","Defend_B","Defend_B+1","Zap","Dualcast+1","Cold Snap","Lockon","FTL","Conserve Battery","Genetic Algorithm+1","Genetic Algorithm+1","Redo","Doubt","Conserve Battery"],"relics":["Cracked Core","NeowsBlessing","War Paint","DollysMirror","Whetstone","White Beast Statue","Bottled Flame","Thread and Needle"],"acts_visited":["Exordium"],"potions_floor_usage":[6,6,16,16,16],"damage_taken":[{"damage":0,"enemies":"Small Slimes","floor":1,"turns":1},{"damage":0,"enemies":"Cultist","floor":2,"turns":1},{"damage":0,"enemies":"2 Louse","floor":3,"turns":1},{"damage":7,"enemies":"Blue Slaver","floor":4,"turns":3},{"damage":10,"enemies":"Gremlin Nob","floor":6,"turns":4},{"damage":19,"enemies":"Large Slime","floor":12,"turns":6},{"damage":10,"enemies":"3 Sentries","floor":14,"turns":9},{"damage":44,"enemies":"Slime Boss","floor":16,"turns":11}],"seed_played":"5575309460382595705","potions_obtained":[{"floor":4,"key":"AttackPotion"},{"floor":5,"key":"AttackPotion"},{"floor":5,"key":"SpeedPotion"},{"floor":12,"key":"SpeedPotion"},{"floor":14,"key":"Swift Potion"}],"is_trial":false,"path_per_floor":["M","M","M","M","?","E","R","$","T","?","T","M","?","E","R","B"],"character_chosen":"DEFECT","items_purchased":["DollysMirror"],"campfire_rested":1,"item_purchase_floors":[8],"current_hp_per_floor":[75,75,75,68,68,58,58,58,58,51,51,32,32,22,44,0,0],"gold":309,"neow_bonus":"THREE_ENEMY_KILL","is_daily":false,"chose_seed":false,"campfire_upgraded":1,"win_rate":0.0,"timestamp":1609981489,"path_taken":["M","M","M","M","?","E","R","?","T","?","?","M","?","E","R","BOSS"],"items_purchased_type":["Relic"],"build_version":"2020-12-22","purchased_purges":0,"victory":false,"max_hp_per_floor":[75,75,75,75,75,75,75,75,75,75,75,75,75,75,75,75,75],"card_choices":[{"not_picked":["Barrage","Steam"],"picked":"Cold Snap","floor":1},{"not_picked":["Steam Power","Sweeping Beam"],"picked":"Lockon","floor":2},{"not_picked":["Steam Power","Turbo"],"picked":"FTL","floor":3},{"not_picked":["Reinforced Body","Storm"],"picked":"Conserve Battery","floor":4},{"not_picked":["Reinforced Body","Defragment"],"picked":"Genetic Algorithm","floor":6},{"not_picked":["Steam","Darkness"],"picked":"Redo","floor":12},{"not_picked":["Redo","Auto Shields"],"picked":"Conserve Battery","floor":14}],"player_experience":18090,"relics_obtained":[{"floor":6,"key":"War Paint"},{"floor":9,"key":"Whetstone"},{"floor":11,"key":"Bottled Flame"},{"floor":14,"key":"Thread and Needle"}],"event_choices":[{"damage_healed":0,"gold_gain":0,"player_choice":"Bought 2 Potions","damage_taken":0,"max_hp_gain":0,"max_hp_loss":0,"event_name":"The Woman in Blue","floor":5,"gold_loss":0},{"damage_healed":0,"gold_gain":0,"player_choice":"Success","damage_taken":7,"relics_obtained":["White Beast Statue"],"max_hp_gain":0,"max_hp_loss":0,"event_name":"Scrap Ooze","floor":10,"gold_loss":0},{"damage_healed":0,"gold_gain":175,"player_choice":"AGREE","damage_taken":0,"max_hp_gain":0,"max_hp_loss":0,"event_name":"Liars Game","floor":13,"gold_loss":0,"cards_obtained":["Doubt"]}],"is_beta":false,"boss_relics":[],"items_purged_floors":[],"is_endless":false,"potions_floor_spawned":[4,12,14],"killed_by":"Slime Boss","ascension_level":1}}