{"host":"51fyd6gkml7xavq8","time":1609978455,"event":{"mods":["BaseMod","BetterRewards","Colored Map","Energized Spire","Infinite Spire","Minty Spire (QoL Compilation)","Replay The Spire","Shop Mod","Spicy Shops","StSLib","The Blue Laboratory","[IsaacMod]????"],"gold_per_floor":[110,110,125,75,85,118,118,150,173,173,25,50,50,76,76,174,174,184,184,204,28,48,48,77,77,77,109,109,122,137,150,150,248,248,265,66,115,129,229,244,260,276,301,321,321,43,43,57,57,57],"floor_reached":51,"playtime":3361,"items_purged":["ReplayTheSpireMod:Exploit Weakness+1","Pride","Pride","Strike_G"],"score":1175,"play_id":"a373244e-0790-464c-a45e-d91216c9abcd","local_time":"20210106211415","is_ascension_mode":true,"campfire_choices":[{"data":"Noxious Fumes","floor":7.0,"key":"SMITH"},{"data":"Noxious Fumes","floor":13.0,"key":"SMITH"},{"data":"Bandage Up","floor":15.0,"key":"SMITH"},{"data":"Footwork","floor":23.0,"key":"SMITH"},{"data":"A Thousand Cuts","floor":25.0,"key":"SMITH"},{"data":"Noxious Fumes","floor":32.0,"key":"SMITH"},{"data":"infinitespire:Starlight","floor":45.0,"key":"SMITH"},{"data":"Footwork","floor":47.0,"key":"SMITH"},{"data":"Neutralize","floor":49,"key":"SMITH"}],"circlet_count":0,"master_deck":["Strike_G","Strike_G","Strike_G","Defend_G","Defend_G","Defend_G","Survivor","Neutralize+1","Neutralize","Crippling Poison","Noxious Fumes+1","Footwork+1","Bandage Up+1","Noxious Fumes+1","Venomology+1","A Thousand Cuts+1","A Thousand Cuts+1","Footwork+1","infinitespire:Starlight+1","Noxious Fumes+1","Caltrops+1"],"relics":["Ring of the Snake","HushsDoor","TheBean","TwistedFunnel","BookOfRevelations","Ancient Tea Set","Centennial Puzzle","Toy Ornithopter","PillsDrop","MerchantsRug","infinitespire:EmpoweringShard","Snack Pack","ReplayFunnel","ReplayTheSpireMod:Shallot","Darkstone Periapt","Meat on the Bone","ChewingGum","Golden Egg","Girya","Oddly Smooth Stone","Replay:Wanted Poster","Blue Doll","SteamSale","The Specimen"],"acts_visited":["Exordium","TheCity","TheBeyond"],"potions_floor_usage":[50,50,50],"damage_taken":[{"damage":0.0,"enemies":"Cultist","floor":1.0,"turns":2.0},{"damage":0.0,"enemies":"Small Slimes","floor":3.0,"turns":2.0},{"damage":0.0,"enemies":"2 Louse","floor":5.0,"turns":2.0},{"damage":23.0,"enemies":"Lagavulin","floor":6.0,"turns":7.0},{"damage":0.0,"enemies":"3 Sentries","floor":8.0,"turns":5.0},{"damage":0.0,"enemies":"Gremlin Nob","floor":12.0,"turns":4.0},{"damage":11.0,"enemies":"3 Sentries","floor":14.0,"turns":4.0},{"damage":12.0,"enemies":"Hexaghost","floor":16.0,"turns":8.0},{"damage":15.0,"enemies":"Shell Parasite","floor":18.0,"turns":5.0},{"damage":0.0,"enemies":"3 Byrds","floor":20.0,"turns":2.0},{"damage":21.0,"enemies":"Centurion and Healer","floor":22.0,"turns":5.0},{"damage":14.0,"enemies":"Gremlin Leader","floor":24.0,"turns":4.0},{"damage":8.0,"enemies":"Book of Stabbing","floor":27.0,"turns":6.0},{"damage":15.0,"enemies":"Snake Plant","floor":29.0,"turns":4.0},{"damage":6.0,"enemies":"3 Cultists","floor":30.0,"turns":3.0},{"damage":6.0,"enemies":"Cultist and Chosen","floor":31.0,"turns":4.0},{"damage":43.0,"enemies":"Automaton","floor":33.0,"turns":8.0},{"damage":0.0,"enemies":"3 Shapes","floor":35.0,"turns":4.0},{"damage":49.0,"enemies":"2 Orb Walkers","floor":37.0,"turns":5.0},{"damage":15.0,"enemies":"Orb Walker","floor":38.0,"turns":4.0},{"damage":25.0,"enemies":"Jaw Worm Horde","floor":40.0,"turns":3.0},{"damage":25.0,"enemies":"Maw","floor":41.0,"turns":7.0},{"damage":19.0,"enemies":"Writhing Mass","floor":42.0,"turns":5.0},{"damage":27.0,"enemies":"Transient","floor":44.0,"turns":5.0},{"damage":42,"enemies":"Spire Growth","floor":48,"turns":6},{"damage":20,"enemies":"Time Eater","floor":50,"turns":13}],"seed_played":"-728865980794325091","potions_obtained":[{"floor":1.0,"key":"blueLaboratory:PhilterOfMotion"},{"floor":5.0,"key":"blueLaboratory:PolymorphPotion"},{"floor":8.0,"key":"FearPotion"},{"floor":16.0,"key":"blueLaboratory:TrueEctoplasm"},{"floor":20.0,"key":"DuplicationPotion"},{"floor":27.0,"key":"blueLaboratory:BlinkPotion"},{"floor":37.0,"key":"blueLaboratory:ForbiddenFruitJuice"},{"floor":40.0,"key":"blueLaboratory:LouseDecoction"},{"floor":48,"key":"blueLaboratory:FruitPunch"}],"is_trial":false,"path_per_floor":["M","?","M","?","M","E","R","E","T","T","$","E","R","E","R","B",null,"M","?","M","$","M","R","E","R","T","E","AVR","M","M","M","R","B",null,"M","$","?","M","AVR","M","M","M","T","M","R","$","R","M","R","B",null],"character_chosen":"THE_SILENT","items_purchased":["TwistedFunnel","BookOfRevelations","DollysMirror","MerchantsRug","Bandage Up","Footwork","Golden Egg","SteamSale","The Specimen"],"campfire_rested":0,"item_purchase_floors":[0,0,0,11,11,21,36,46,46],"current_hp_per_floor":[56,56,56,56,56,33,33,33,40,40,40,44,44,37,37,40,80,73,58,69,69,56,56,61,61,61,61,61,57,57,62,62,49,86,86,86,52,53,53,48,55,57,57,51,51,51,51,42,42,66],"gold":57,"neow_bonus":"","is_daily":false,"chose_seed":false,"campfire_upgraded":9,"win_rate":0.0,"timestamp":1609978455,"path_taken":["M","?","M","?","?","E","R","E","T","?","$","E","R","E","R","BOSS","M","?","M","$","M","R","E","R","T","E","AVR","M","M","?","R","BOSS","M","$","?","M","AVR","M","?","M","T","M","R","$","R","M","R","BOSS"],"items_purchased_type":["Relic","Relic","Relic","Relic","Card","Card","Relic","Relic","Relic"],"build_version":"2020-12-22","purchased_purges":4,"victory":true,"max_hp_per_floor":[70,70,70,70,70,70,70,70,77,77,77,77,77,77,77,80,80,83,83,83,83,83,83,86,86,86,86,86,86,86,86,86,86,86,86,86,86,86,86,86,88,88,88,88,88,88,88,88,88,90],"card_choices":[{"not_picked":["Footwork","Dagger Throw"],"picked":"Crippling Poison","floor":1.0},{"not_picked":["Dash","Dodge and Roll","Dagger Spray"],"picked":"SKIP","floor":3.0},{"not_picked":["Backflip","Sucker Punch","Distraction"],"picked":"SKIP","floor":5.0},{"not_picked":["A Thousand Cuts","Setup"],"picked":"Noxious Fumes","floor":6.0},{"not_picked":["Dagger Spray","Quick Slash"],"picked":"Footwork","floor":8.0},{"not_picked":["Calculated Gamble","Flying Knee"],"picked":"Noxious Fumes","floor":12.0},{"not_picked":["Tactician","Draining Mist","Expertise"],"picked":"SKIP","floor":14.0},{"not_picked":["Acrobatics+1","Sucker Punch","Dagger Throw"],"picked":"SKIP","floor":18.0},{"not_picked":["Dagger Spray","Slice"],"picked":"A Thousand Cuts","floor":20.0},{"not_picked":["Hidden Blade","Escape Plan","Flying Knee"],"picked":"SKIP","floor":22.0},{"not_picked":["Outmaneuver","Setup+1","Calculated Gamble"],"picked":"SKIP","floor":24.0},{"not_picked":["Blur+1","Flechettes+1","Reflex"],"picked":"SKIP","floor":27.0},{"not_picked":["Quick Slash+1","Backflip","All Out Attack"],"picked":"SKIP","floor":29.0},{"not_picked":["Backflip","Bane","ReplayTheSpireMod:Scrap Shanks"],"picked":"SKIP","floor":30.0},{"not_picked":["Cloak And Dagger+1","Deadly Poison"],"picked":"Noxious Fumes","floor":31.0},{"not_picked":["Slice","Blade Dance+1","Heel Hook+1"],"picked":"SKIP","floor":35.0},{"not_picked":["Choke","Backflip+1","Dash"],"picked":"SKIP","floor":38.0},{"not_picked":["ReplayTheSpireMod:Shiv Toss+1","Concentrate+1"],"picked":"Caltrops+1","floor":40.0},{"not_picked":["Poisoned Stab+1","Underhanded Strike+1","Bane"],"picked":"SKIP","floor":41.0},{"not_picked":["Poisoned Stab+1","Die Die Die","Dagger Throw+1"],"picked":"SKIP","floor":42.0},{"not_picked":["Bane","Calculated Gamble","Leg Sweep+1"],"picked":"SKIP","floor":44.0},{"not_picked":["ReplayTheSpireMod:The Works+1","Dagger Throw","Deflect"],"picked":"SKIP","floor":48}],"player_experience":470819,"relics_obtained":[{"floor":6.0,"key":"Centennial Puzzle"},{"floor":8.0,"key":"Toy Ornithopter"},{"floor":9.0,"key":"Strawberry"},{"floor":10.0,"key":"PillsDrop"},{"floor":12.0,"key":"infinitespire:EmpoweringShard"},{"floor":14.0,"key":"Snack Pack"},{"floor":24.0,"key":"ReplayTheSpireMod:Shallot"},{"floor":26.0,"key":"HowToJump"},{"floor":27.0,"key":"Darkstone Periapt"},{"floor":37.0,"key":"Girya"},{"floor":43.0,"key":"Blue Doll"}],"event_choices":[{"damage_healed":0.0,"max_hp_gain":0.0,"max_hp_loss":0.0,"gold_gain":0.0,"event_name":"Big Fish","player_choice":"Box","floor":2.0,"gold_loss":0.0,"damage_taken":0.0,"relics_obtained":["Ancient Tea Set"],"cards_obtained":["Regret"]},{"cards_removed":["Regret"],"damage_healed":0.0,"max_hp_gain":0.0,"max_hp_loss":0.0,"gold_gain":0.0,"event_name":"The Cleric","player_choice":"Card Removal","floor":4.0,"gold_loss":50.0,"damage_taken":0.0},{"damage_healed":0.0,"max_hp_gain":0.0,"max_hp_loss":0.0,"gold_gain":0.0,"event_name":"Mysterious Sphere","player_choice":"Fight","floor":37.0,"gold_loss":0.0,"damage_taken":0.0}],"is_beta":false,"boss_relics":[{"not_picked":["Abe\u0027s Treasure","Painkiller Herb"],"picked":"Astrolabe"},{"not_picked":[]},{"not_picked":["Kintsugi","SlaversCollar"],"picked":"ChewingGum"},{"not_picked":[]}],"items_purged_floors":[21,28,36,39],"is_endless":false,"potions_floor_spawned":[1,5,8,16,20,27,31,37,40,48],"ascension_level":4}}