{"host":"28wx1s78lfgm5n5a","time":1609989944,"event":{"mods":["BaseMod","Energized Spire","Gold Saver","Highlight Path","Minty Spire (QoL Compilation)","Replay The Spire","StSLib","TestMod","Waifu the Spire","【遗物卡牌】REMEMod"],"gold_per_floor":[939,319,319,332,9999,9999,10010,10010,10032,10057,10057,10083,9173,9191,9191,9285,9285,9300,9318,9318,9327,8458,8458,8483,8499,8499,8513,8545,8560,8560,8100,8100,8201,8201,8289,8249,7496,7511,7522,7553,7553,7572,7598,7598,6837,6837,6864,6864,6864,6864,6864,6864,6092,6125,6125],"floor_reached":56,"playtime":2946,"items_purged":["Strike_G","Strike_G","Strike_G","Strike_G+1","Defend_G","Defend_G"],"score":1918,"play_id":"c5832f5c-fd17-4f44-a501-966758a48dfe","local_time":"20210107112544","is_ascension_mode":true,"campfire_choices":[{"data":"Acrobatics","floor":6,"key":"SMITH"},{"floor":23,"key":"RECALL"},{"floor":30,"key":"REST"},{"floor":32,"key":"DIG"},{"data":"Acrobatics","floor":41,"key":"SMITH"},{"data":"Blade Dance","floor":44,"key":"SMITH"},{"data":"Purity","floor":49,"key":"SMITH"},{"data":"Calculated Gamble","floor":52,"key":"SMITH"}],"circlet_count":0,"master_deck":["Defend_G+1","Defend_G+1","Defend_G+1","Survivor","Neutralize+1","Die Die Die+1","Acrobatics+1","REME_FirmDetermination+1","Footwork+1","All Out Attack","Blade Dance+1","Crow Ritual","Terror+1","Reflex","Envenom+1","Backflip+1","Blade Dance+1","Adrenaline+1","Calculated Gamble+1","Storm of Steel+1","Blade Dance+1","A Thousand Cuts+1","Accuracy+1","Acrobatics+1","Cloak And Dagger+1","Expertise","Purity+1","REME_WheelOfFate","Adrenaline+1","Hidden Blade"],"relics":["Ring of the Snake","testmod-TestBox","REME_ComplimentaryCards","testmod-ThousandKnives","testmod-Charity","ReplayTheSpireMod:ShopPack","Replay:Accelerometer","Ninja Scroll","Turnip","REME_HandOfSuture","HandDrill","testmod-BloodSacrificeSpiritualization","InkBottle","Art of War","testmod-Register","testmod-Hope","Meat on the Bone","Question Card","Replay:Wax Seal","Toolbox","testmod-OneHitWonder","Bronze Scales","energizedSpire:NeverEndingSparkler","Lantern","Strawberry","Orrery","Juzu Bracelet","Replay:Mystery Machine","Eternal Feather","BargainBundle","Replay:Rubber Ducky","testmod-LifeArmor","testmod-ArcanaOfDestiny","ClockworkSouvenir","Replay:Bottled Eggs","Golden Egg"],"acts_visited":["Exordium","TheCity","TheBeyond","TheEnding"],"potions_floor_usage":[4,10,12,13,16,33,33,50,55,55,55,55],"damage_taken":[{"damage":0,"enemies":"Jaw Worm","floor":1,"turns":3},{"damage":0,"enemies":"Small Slimes","floor":4,"turns":2},{"damage":0,"enemies":"Cultist","floor":7,"turns":3},{"damage":12,"enemies":"Lagavulin","floor":10,"turns":5},{"damage":3,"enemies":"3 Sentries","floor":12,"turns":3},{"damage":0,"enemies":"2 Fungi Beasts","floor":14,"turns":1},{"damage":0,"enemies":"Fading Forest","floor":16,"turns":11},{"damage":16,"enemies":"Shell Parasite","floor":18,"turns":3},{"damage":7,"enemies":"3 Byrds","floor":19,"turns":4},{"damage":2,"enemies":"Cultist and Chosen","floor":21,"turns":4},{"damage":8,"enemies":"Book of Stabbing","floor":24,"turns":2},{"damage":0,"enemies":"Snecko","floor":25,"turns":2},{"damage":1,"enemies":"Snake Plant","floor":27,"turns":3},{"damage":4,"enemies":"Slavers","floor":28,"turns":3},{"damage":8,"enemies":"Cultist and Chosen","floor":29,"turns":3},{"damage":22,"enemies":"Pondfish","floor":33,"turns":7},{"damage":8,"enemies":"Orb Walker","floor":35,"turns":2},{"damage":19,"enemies":"3 Darklings","floor":38,"turns":4},{"damage":0,"enemies":"Transient","floor":39,"turns":5},{"damage":9,"enemies":"Reptomancer","floor":40,"turns":1},{"damage":0,"enemies":"Jaw Worm Horde","floor":42,"turns":1},{"damage":10,"enemies":"Nemesis","floor":47,"turns":3},{"damage":9,"enemies":"Time Eater","floor":50,"turns":6},{"damage":0,"enemies":"Shield and Spear","floor":54,"turns":2},{"damage":0,"enemies":"The Heart","floor":55,"turns":4}],"seed_played":"2498447552481308354","potions_obtained":[{"floor":1,"key":"Explosive Potion"},{"floor":4,"key":"testmod-SpacePotion"},{"floor":10,"key":"Explosive Potion"},{"floor":12,"key":"Reflective Coating"},{"floor":19,"key":"Venom Potion"},{"floor":24,"key":"SpeedPotion"},{"floor":38,"key":"Explosive Potion"},{"floor":39,"key":"BlessingOfTheForge"},{"floor":54,"key":"Elixir"}],"is_trial":false,"path_per_floor":["M","$","?","M","?","R","M","?","T","E","?","E","$","M","R","B",null,"M","M","?","M","$","R","E","M","T","M","E","M","R","$","R","B",null,"M","?","$","M","M","E","R","M","T","R","$","?","E","?","R","B",null,"R","$","E","B",null],"character_chosen":"THE_SILENT","items_purchased":["testmod-Charity","REME_FirmDetermination","PowerPotion","Fire Potion","Footwork","Whetstone","Turnip","REME_HandOfSuture","HandDrill","Ancient Potion","testmod-SpacePotion","Block Potion","Reflex","Blade Dance","Adrenaline","InkBottle","Art of War","testmod-Register","Replay:Wax Seal","Toolbox","testmod-OneHitWonder","Lantern","Accuracy","Acrobatics","Strawberry","Orrery","Eternal Feather","BargainBundle","Replay:Rubber Ducky","Dexterity Potion","Purity","REME_WheelOfFate","testmod-ArcanaOfDestiny","ClockworkSouvenir","Replay:Bottled Eggs","Hidden Blade","Venom Potion"],"campfire_rested":1,"item_purchase_floors":[2,2,2,2,2,2,13,13,13,13,13,13,13,22,22,22,22,22,31,31,31,37,37,37,37,37,45,45,45,45,45,45,53,53,53,53,53],"current_hp_per_floor":[70,70,70,71,71,71,72,72,73,62,62,60,60,61,76,77,77,62,56,56,55,55,55,48,49,49,49,46,51,76,76,76,55,86,80,80,87,69,70,62,62,63,64,64,64,64,55,55,70,61,101,101,101,102,102],"gold":6125,"neow_bonus":"ONE_RANDOM_RARE_CARD","is_daily":false,"chose_seed":false,"campfire_upgraded":5,"win_rate":0.0,"timestamp":1609989944,"path_taken":["M","$","?","M","?","R","M","?","T","E","?","E","$","M","R","BOSS","M","M","?","M","$","R","E","M","T","?","E","M","R","$","R","BOSS","M","?","$","M","?","E","R","M","T","R","$","?","E","?","R","BOSS","R","$","E","BOSS"],"items_purchased_type":["Relic","Card","Potion","Potion","Card","Relic","Relic","Relic","Relic","Potion","Potion","Potion","Card","Card","Card","Relic","Relic","Relic","Relic","Relic","Relic","Relic","Card","Card","Relic","Relic","Relic","Relic","Relic","Potion","Card","Card","Relic","Relic","Relic","Card","Potion"],"build_version":"2020-12-22","purchased_purges":6,"victory":true,"max_hp_per_floor":[70,70,70,71,71,71,72,72,73,74,74,75,75,76,76,77,77,78,79,79,80,80,80,81,82,82,83,84,85,85,85,85,86,86,88,88,95,96,97,98,98,99,100,100,100,100,101,101,101,101,101,101,101,102,102],"card_choices":[{"not_picked":["Dodge and Roll","Hidden Blade"],"picked":"Acrobatics","floor":1},{"not_picked":["Sneak Up","Draining Mist","Slice"],"picked":"SKIP","floor":4},{"not_picked":["Deadly Poison","Acrobatics"],"picked":"Blade Dance","floor":7},{"not_picked":["testmod-Reflect","testmod-BloodShelter"],"picked":"Crow Ritual","floor":8},{"not_picked":["Hidden Blade","Dagger Throw","REME_SpectralBlade"],"picked":"SKIP","floor":10},{"not_picked":["Replay:Poison Smokescreen","ReplayTheSpireMod:Tripwire"],"picked":"Terror","floor":12},{"not_picked":["Finisher","PiercingWail","Slice"],"picked":"SKIP","floor":14},{"not_picked":["Tools of the Trade","Wraith Form v2"],"picked":"Envenom","floor":16},{"not_picked":["Flying Knee+1","Dagger Throw+1"],"picked":"Eviscerate+1","floor":18},{"not_picked":["Catalyst","Underhanded Strike"],"picked":"Backflip","floor":19},{"not_picked":["Sucker Punch","Underhanded Strike","Bouncing Flask+1"],"picked":"SKIP","floor":21},{"not_picked":["Escape Plan+1","Infinite Blades","Deflect"],"picked":"SKIP","floor":24},{"not_picked":["ReplayTheSpireMod:Scrap Shanks","ReplayTheSpireMod:Exploit Weakness"],"picked":"Calculated Gamble","floor":25},{"not_picked":["Backflip","Well Laid Plans+1"],"picked":"Storm of Steel","floor":27},{"not_picked":["Quick Slash","Sucker Punch"],"picked":"Blade Dance","floor":28},{"not_picked":["Dodge and Roll","All Out Attack+1","Calculated Gamble","Toxin Wave"],"picked":"SKIP","floor":29},{"not_picked":["Poison Darts","Venomology","ReplayTheSpireMod:From All Sides"],"picked":"A Thousand Cuts","floor":33},{"not_picked":["Leg Sweep","ReplayTheSpireMod:Shiv Toss+1","Flying Knee+1","Underhanded Strike"],"picked":"SKIP","floor":35},{"not_picked":["Hidden Blade","Slice+1","Caltrops"],"picked":"Cloak And Dagger+1","floor":37},{"not_picked":["Reflex","Crippling Poison","Cloak And Dagger","Dagger Throw"],"picked":"SKIP","floor":38},{"not_picked":["Footwork","Hidden Blade","Blade Dance"],"picked":"Expertise","floor":39},{"not_picked":["Outmaneuver","Catalyst","REME_GreenPollution+1","Masterful Stab+1"],"picked":"SKIP","floor":40},{"not_picked":["Cloak And Dagger","Flying Knee","Deadly Poison+1","Terror"],"picked":"SKIP","floor":42},{"not_picked":["Sneak Up","Deflect+1","A Thousand Cuts","Escape Plan"],"picked":"SKIP","floor":47},{"not_picked":["Underhanded Strike+1","Flying Knee","Deadly Poison","All Out Attack+1"],"picked":"SKIP","floor":54}],"player_experience":111804,"relics_obtained":[{"floor":10,"key":"Replay:Accelerometer"},{"floor":12,"key":"Ninja Scroll"},{"floor":24,"key":"testmod-Hope"},{"floor":26,"key":"Meat on the Bone"},{"floor":28,"key":"Question Card"},{"floor":32,"key":"Bronze Scales"},{"floor":40,"key":"Juzu Bracelet"},{"floor":43,"key":"Replay:Mystery Machine"},{"floor":47,"key":"testmod-LifeArmor"},{"floor":54,"key":"Golden Egg"}],"event_choices":[{"damage_healed":0,"gold_gain":0,"cards_transformed":["Finisher"],"player_choice":"Change","damage_taken":0,"max_hp_gain":0,"max_hp_loss":0,"event_name":"Living Wall","floor":3,"gold_loss":0,"cards_obtained":["All Out Attack"]},{"cards_removed":["Strike_G"],"damage_healed":0,"gold_gain":0,"player_choice":"Card Removal","damage_taken":0,"max_hp_gain":0,"max_hp_loss":0,"event_name":"The Cleric","floor":5,"gold_loss":50},{"damage_healed":0,"gold_gain":0,"player_choice":"Swap Relic","damage_taken":0,"relics_obtained":["ReplayTheSpireMod:ShopPack"],"max_hp_gain":0,"max_hp_loss":0,"event_name":"给自己的盒子","floor":8,"relics_lost":["Whetstone"],"gold_loss":0},{"damage_healed":0,"gold_gain":0,"player_choice":"Forge","damage_taken":0,"max_hp_gain":0,"max_hp_loss":0,"event_name":"Accursed Blacksmith","floor":20,"gold_loss":0,"cards_upgraded":["Blade Dance"]},{"damage_healed":0,"gold_gain":0,"player_choice":"Upgrade","damage_taken":0,"max_hp_gain":0,"max_hp_loss":0,"event_name":"Designer","floor":36,"gold_loss":40,"cards_upgraded":["A Thousand Cuts"]},{"cards_removed":["Eviscerate"],"damage_healed":0,"gold_gain":0,"player_choice":"Removed Attack","damage_taken":0,"max_hp_gain":0,"max_hp_loss":0,"event_name":"Falling","floor":46,"gold_loss":0},{"damage_healed":0,"gold_gain":0,"player_choice":"Copied","damage_taken":0,"max_hp_gain":0,"max_hp_loss":0,"event_name":"Duplicator","floor":48,"gold_loss":0,"cards_obtained":["Adrenaline"]}],"is_beta":false,"boss_relics":[{"not_picked":["energizedSpire:DeadBattery","SlaversCollar"],"picked":"testmod-BloodSacrificeSpiritualization"},{"not_picked":["energizedSpire:SpiderWeb","Honey Jar"],"picked":"energizedSpire:NeverEndingSparkler"}],"items_purged_floors":[2,13,22,31,37,45],"is_endless":false,"potions_floor_spawned":[1,4,10,12,19,24,27,38,39,47,54],"ascension_level":2}}