{"host":"ec9su878rez08avc","time":1609991320,"event":{"mods":["AchievementEnabler","BaseMod","Colored Map","Colored Powertips","DeckTracker","Minty Spire (QoL Compilation)","StSLib"],"gold_per_floor":[117,192,211,221,234,234,15,15,40,65,79,94,94,108,108,212,212,231,245,257,257,11,11,25,58,110,110,110,126,136,151,151,249,249,267,286,0,0,0,0,33,33,33],"floor_reached":42,"playtime":4116,"items_purged":["Strike_R","Strike_R"],"score":475,"play_id":"0c5f5f87-f00d-46b1-b66f-be5b0b16c1a3","local_time":"20210106194840","is_ascension_mode":true,"campfire_choices":[{"data":"Rage","floor":6.0,"key":"SMITH"},{"data":"Pommel Strike","floor":8.0,"key":"SMITH"},{"floor":13.0,"key":"REST"},{"floor":15.0,"key":"REST"},{"data":"Power Through","floor":23.0,"key":"SMITH"},{"floor":27,"key":"REST"},{"floor":32,"key":"REST"},{"data":"Ghostly Armor","floor":40,"key":"SMITH"}],"circlet_count":0,"master_deck":["Strike_R","Defend_R","Defend_R","Defend_R","Defend_R","Bash","Pommel Strike+1","Dual Wield","Bloodletting","Rage+1","Anger","Ghostly Armor+1","Thunderclap","Infernal Blade","Power Through+1","Impervious","Pommel Strike+1","Carnage","Carnage","Headbutt","Shockwave+1","Reaper","Shockwave","Writhe","Iron Wave+1"],"relics":["Burning Blood","NeowsBlessing","HandDrill","Nunchaku","Dream Catcher","Velvet Choker","OrangePellets","White Beast Statue","Toy Ornithopter","Empty Cage","Red Mask","Strawberry"],"acts_visited":["Exordium","TheCity","TheBeyond"],"potions_floor_usage":[25,28,30,33,33,35,36,41],"damage_taken":[{"damage":0.0,"enemies":"Small Slimes","floor":1.0,"turns":1.0},{"damage":0.0,"enemies":"Cultist","floor":3.0,"turns":1.0},{"damage":0.0,"enemies":"Jaw Worm","floor":4.0,"turns":1.0},{"damage":22.0,"enemies":"Looter","floor":5.0,"turns":4.0},{"damage":28.0,"enemies":"3 Sentries","floor":10.0,"turns":11.0},{"damage":32.0,"enemies":"Lots of Slimes","floor":11.0,"turns":5.0},{"damage":5.0,"enemies":"Exordium Wildlife","floor":12.0,"turns":4.0},{"damage":16.0,"enemies":"2 Fungi Beasts","floor":14.0,"turns":4.0},{"damage":81.0,"enemies":"The Guardian","floor":16.0,"turns":12.0},{"damage":13.0,"enemies":"2 Thieves","floor":18.0,"turns":5.0},{"damage":14.0,"enemies":"Chosen","floor":19.0,"turns":5.0},{"damage":9.0,"enemies":"Centurion and Healer","floor":20.0,"turns":6.0},{"damage":7.0,"enemies":"Shelled Parasite and Fungi","floor":24.0,"turns":4.0},{"damage":28,"enemies":"Book of Stabbing","floor":25,"turns":5},{"damage":0,"enemies":"Colosseum Slavers","floor":28,"turns":1},{"damage":20,"enemies":"Snecko","floor":29,"turns":4},{"damage":13,"enemies":"Chosen and Byrds","floor":30,"turns":5},{"damage":1,"enemies":"Snake Plant","floor":31,"turns":4},{"damage":89,"enemies":"Collector","floor":33,"turns":8},{"damage":27,"enemies":"3 Darklings","floor":35,"turns":5},{"damage":22,"enemies":"Orb Walker","floor":36,"turns":4},{"damage":84,"enemies":"Reptomancer","floor":41,"turns":7},{"damage":17,"enemies":"3 Darklings","floor":42,"turns":2}],"seed_played":"5413801910426963473","potions_obtained":[{"floor":1.0,"key":"FairyPotion"},{"floor":4.0,"key":"LiquidMemories"},{"floor":11.0,"key":"SkillPotion"},{"floor":16.0,"key":"CultistPotion"},{"floor":18.0,"key":"PowerPotion"},{"floor":24.0,"key":"AttackPotion"},{"floor":25,"key":"SmokeBomb"},{"floor":29,"key":"SpeedPotion"},{"floor":30,"key":"CultistPotion"},{"floor":31,"key":"ElixirPotion"},{"floor":33,"key":"ColorlessPotion"},{"floor":35,"key":"Dexterity Potion"},{"floor":36,"key":"Explosive Potion"},{"floor":41,"key":"EssenceOfSteel"}],"is_trial":false,"path_per_floor":["M","?","M","M","M","R","$","R","T","E","M","M","R","M","R","B",null,"M","M","M","?","$","R","M","E","T","R","?","M","M","M","R","B",null,"M","M","?","$","?","R","E","M"],"character_chosen":"IRONCLAD","items_purchased":["HandDrill","OrangePellets"],"campfire_rested":4,"item_purchase_floors":[7,22],"current_hp_per_floor":[80,69,75,80,64,64,64,64,64,42,16,17,41,31,55,10,80,73,65,62,62,62,62,61,39,39,63,74,60,58,63,80,7,80,64,53,53,53,73,73,17,0,0],"gold":33,"neow_bonus":"THREE_ENEMY_KILL","is_daily":false,"chose_seed":false,"campfire_upgraded":4,"win_rate":0.0,"timestamp":1609991320,"path_taken":["M","?","M","M","M","R","$","R","T","E","M","M","R","M","R","BOSS","M","M","M","?","$","R","?","E","T","R","?","M","M","M","R","BOSS","M","M","?","$","?","R","E","M"],"items_purchased_type":["Relic","Relic"],"build_version":"2020-12-22","purchased_purges":2,"victory":false,"max_hp_per_floor":[80,80,80,80,80,80,80,80,80,80,80,80,80,80,80,80,80,80,80,80,80,80,80,80,80,80,80,80,80,80,80,80,80,80,80,80,80,80,80,80,87,87,87],"card_choices":[{"not_picked":["Entrench","Clash"],"picked":"Pommel Strike","floor":1.0},{"not_picked":["Anger","Shrug It Off"],"picked":"Dual Wield","floor":3.0},{"not_picked":["Sword Boomerang","Inflame"],"picked":"Bloodletting","floor":4.0},{"not_picked":["Iron Wave","Heavy Blade"],"picked":"Rage","floor":5.0},{"not_picked":["Sever Soul","Carnage"],"picked":"Anger","floor":10.0},{"not_picked":["Fire Breathing","Carnage"],"picked":"Ghostly Armor","floor":11.0},{"not_picked":["Bludgeon","Flex"],"picked":"Thunderclap","floor":12.0},{"not_picked":["Havoc","Dark Embrace"],"picked":"Infernal Blade","floor":13.0},{"not_picked":["Metallicize","Sword Boomerang"],"picked":"Power Through","floor":14.0},{"not_picked":["Bludgeon","Exhume"],"picked":"Impervious","floor":16.0},{"not_picked":["Perfected Strike","Hemokinesis"],"picked":"Body Slam","floor":18.0},{"not_picked":["Body Slam","Infernal Blade"],"picked":"Pommel Strike+1","floor":19.0},{"not_picked":["Anger+1","Dropkick"],"picked":"Carnage","floor":20.0},{"not_picked":["Body Slam","Armaments"],"picked":"Carnage","floor":24.0},{"not_picked":["Clash","Uppercut"],"picked":"Headbutt","floor":25},{"not_picked":["Rampage","Perfected Strike","Shrug It Off"],"picked":"SKIP","floor":29},{"not_picked":["Sword Boomerang","Power Through"],"picked":"Shockwave+1","floor":30},{"not_picked":["Intimidate","Shrug It Off","Anger+1"],"picked":"SKIP","floor":31},{"not_picked":["Fiend Fire","Limit Break"],"picked":"Reaper","floor":33},{"not_picked":["Body Slam","Burning Pact+1"],"picked":"Shockwave","floor":35},{"not_picked":["Sentinel+1","Carnage","Heavy Blade"],"picked":"SKIP","floor":36},{"not_picked":["Clash+1","Ghostly Armor+1"],"picked":"Iron Wave+1","floor":41}],"player_experience":178040,"relics_obtained":[{"floor":9.0,"key":"Nunchaku"},{"floor":10.0,"key":"Dream Catcher"},{"floor":25,"key":"White Beast Statue"},{"floor":26,"key":"Toy Ornithopter"},{"floor":41,"key":"Strawberry"}],"event_choices":[{"damage_healed":0.0,"max_hp_gain":0.0,"max_hp_loss":0.0,"gold_gain":75.0,"event_name":"World of Goop","player_choice":"Gather Gold","floor":2.0,"gold_loss":0.0,"damage_taken":11.0},{"cards_removed":["Strike_R"],"damage_healed":0.0,"max_hp_gain":0.0,"max_hp_loss":0.0,"gold_gain":0.0,"event_name":"Bonfire Elementals","player_choice":"Offered Basic","floor":21.0,"gold_loss":0.0,"damage_taken":0.0},{"damage_healed":0,"gold_gain":0,"player_choice":"Fight","damage_taken":0,"max_hp_gain":0,"max_hp_loss":0,"event_name":"Colosseum","floor":28,"gold_loss":0},{"damage_healed":0,"gold_gain":0,"player_choice":"Fled From Nobs","damage_taken":0,"max_hp_gain":0,"max_hp_loss":0,"event_name":"Colosseum","floor":28,"gold_loss":0},{"damage_healed":0,"gold_gain":0,"player_choice":"Paid","damage_taken":0,"relics_obtained":["Red Mask"],"max_hp_gain":0,"max_hp_loss":0,"event_name":"Tomb of Lord Red Mask","floor":37,"gold_loss":286},{"damage_healed":20,"gold_gain":0,"player_choice":"Writhe","damage_taken":0,"max_hp_gain":0,"max_hp_loss":0,"event_name":"Winding Halls","floor":39,"gold_loss":0,"cards_obtained":["Writhe"]}],"is_beta":false,"boss_relics":[{"not_picked":["SacredBark","Mark of Pain"],"picked":"Velvet Choker"},{"not_picked":["Coffee Dripper","Runic Pyramid"],"picked":"Empty Cage"}],"items_purged_floors":[7,22],"is_endless":false,"potions_floor_spawned":[1,4,11,16,18,24,25,28,29,30,31,33,35,36,41],"killed_by":"3 Darklings","ascension_level":1}}