{"host":"2pt9f5ojqg0apn28","time":1609992337,"event":{"mods":["AchievementEnabler","BaseMod","Better Altar","Better Match","Better Note","Better Sensory Stone","Better Skull","Better Third Choice","Colored Map","Colored Powertips","Downfall","Hubris","Infinite Spire","Minty Spire (QoL Compilation)","Replay The Spire","StSLib"],"gold_per_floor":[99,99,99,154,154,329,329,347,109,109,126,146,96,113,127,127,127,127],"floor_reached":16,"playtime":1063,"items_purged":["Regret"],"score":90,"play_id":"aecc4057-0130-4aeb-a2ac-74a5bdc69542","local_time":"20210107090537","is_ascension_mode":false,"campfire_choices":[{"data":"Slimebound:Split","floor":1,"key":"SMITH"},{"data":"Slimebound:CorrosiveSpit","floor":13,"key":"SMITH"}],"circlet_count":0,"master_deck":["Slimebound:Strike_Slimebound","Slimebound:Strike_Slimebound","Slimebound:Strike_Slimebound","Slimebound:Tackle","Slimebound:Defend_Slimebound","Slimebound:Defend_Slimebound","Slimebound:Defend_Slimebound","Slimebound:Defend_Slimebound","Slimebound:Split+1","Slimebound:CorrosiveSpit+1","Slimebound:LeechingTouch","Slimebound:SplitBruiser","Slimebound:PressTheAttack","Doubt","Slimebound:MinionMaster","Slimebound:SplitLeeching","Slimebound:LeechLife","Slimebound:ItLooksTasty"],"relics":["Slimebound:AbsorbEndCombat","downfall:HeartsMalice","Blood Vial","Matryoshka","Potion Belt","White Beast Statue","Slimebound:GreedOozeRelic"],"acts_visited":["Exordium"],"potions_floor_usage":[16,16,16,16,16],"damage_taken":[{"damage":0,"enemies":"Small Slimes","floor":2,"turns":1},{"damage":0,"enemies":"2 Louse","floor":3,"turns":1},{"damage":0,"enemies":"Gremlin Nob","floor":4,"turns":1},{"damage":20,"enemies":"Jaw Worm","floor":8,"turns":3},{"damage":20,"enemies":"downfall:FleeingMerchant","floor":9,"turns":4},{"damage":22,"enemies":"Exordium Wildlife","floor":11,"turns":3},{"damage":35,"enemies":"Lots of Slimes","floor":12,"turns":4},{"damage":22,"enemies":"3 Louse","floor":14,"turns":3},{"damage":21,"enemies":"Exordium Wildlife","floor":15,"turns":3},{"damage":48,"enemies":"downfall:Defect","floor":16,"turns":5}],"seed_played":"-3191811004547866964","potions_obtained":[{"floor":8,"key":"Regen Potion"},{"floor":9,"key":"Block Potion"},{"floor":11,"key":"SkillPotion"},{"floor":12,"key":"Swift Potion"},{"floor":14,"key":"AttackPotion"},{"floor":15,"key":"Explosive Potion"}],"is_trial":false,"path_per_floor":["R","M","M","?","?","?","T","M","$","?","M","M","R","M","M","B"],"character_chosen":"SLIMEBOUND","items_purchased":["Slimebound:LeechLife"],"campfire_rested":0,"item_purchase_floors":[9],"current_hp_per_floor":[60,60,60,60,60,60,60,52,58,58,56,41,41,29,22,0,0,0],"gold":127,"neow_bonus":"THREE_ENEMY_KILL","is_daily":false,"chose_seed":false,"campfire_upgraded":2,"win_rate":0.0,"timestamp":1609992337,"path_taken":["R","M","M","?","?","?","T","M","$","?","M","M","R","M","M","BOSS"],"items_purchased_type":["Card"],"build_version":"2020-12-22","purchased_purges":1,"victory":false,"max_hp_per_floor":[60,60,60,60,60,60,60,60,60,60,60,60,60,60,60,60,60,60],"card_choices":[{"not_picked":["Slimebound:ForwardTackle","Slimebound:SplitLeeching"],"picked":"Slimebound:LeechingTouch","floor":2},{"not_picked":["Slimebound:SlimeTap","Slimebound:ComboTackle"],"picked":"Slimebound:SplitBruiser","floor":3},{"not_picked":["Slimebound:GrowthPunch","Slimebound:SplitMire"],"picked":"Slimebound:PressTheAttack","floor":4},{"not_picked":["Slimebound:GoopSpray","Slimebound:SlimeBrawl"],"picked":"Slimebound:MinionMaster","floor":8},{"not_picked":["Slimebound:Equalize","Slimebound:SamplingLick"],"picked":"Slimebound:SplitLeeching","floor":9},{"not_picked":["Slimebound:SplitAcid","Slimebound:SamplingLick","Slimebound:Prepare"],"picked":"SKIP","floor":11},{"not_picked":["Slimebound:ViciousTackle","Slimebound:SamplingLick","Slimebound:FlameTackle"],"picked":"SKIP","floor":12},{"not_picked":["Slimebound:GrowthPunch","Slimebound:SlimeSpikes"],"picked":"Slimebound:ItLooksTasty","floor":14},{"not_picked":["Slimebound:PressTheAttack","Slimebound:SplitBruiser","Slimebound:SlimeBrawl"],"picked":"SKIP","floor":15}],"player_experience":73829,"relics_obtained":[{"floor":7,"key":"Potion Belt"},{"floor":7,"key":"White Beast Statue"}],"event_choices":[{"damage_healed":0,"gold_gain":0,"player_choice":"Box","damage_taken":0,"relics_obtained":["Matryoshka"],"max_hp_gain":0,"max_hp_loss":0,"event_name":"Big Fish","floor":5,"gold_loss":0,"cards_obtained":["Regret"]}],"is_beta":false,"boss_relics":[],"items_purged_floors":[9],"is_endless":false,"potions_floor_spawned":[8,9,11,12,14,15],"killed_by":"downfall:Defect","ascension_level":0}}