{"host":"25fn74ijs2305xd4","time":1609983557,"event":{"mods":["AchievementEnabler","BaseMod","Colored Map","Colored Powertips","Downfall","Minty Spire (QoL Compilation)","Relic Stats","StSLib"],"gold_per_floor":[114,133,151,227,118,118,118,152,152,152,180,199,216,216,216,320,320,337,337,356,356,374,399,399,424,449,464,479,479,132,145,145,243,243,257,274,1273,1273,682,710,710,710,735,735,764,86,86,103,103,103],"floor_reached":51,"playtime":3659,"items_purged":["Strike_G","Strike_G","Normality","Defend_G"],"score":828,"play_id":"0377f240-63cd-4075-9b6d-ba0a2d8b8b5e","local_time":"20210107023917","is_ascension_mode":false,"campfire_choices":[{"data":"Noxious Fumes","floor":6,"key":"SMITH"},{"data":"Neutralize","floor":10,"key":"SMITH"},{"data":"Sucker Punch","floor":15,"key":"SMITH"},{"data":"Catalyst","floor":24,"key":"SMITH"},{"floor":29,"key":"REST"},{"data":"Malaise","floor":32,"key":"SMITH"},{"data":"Envenom","floor":41,"key":"SMITH"},{"data":"Footwork","floor":47,"key":"SMITH"},{"data":"Mayhem","floor":49,"key":"SMITH"}],"circlet_count":0,"master_deck":["Strike_G","Strike_G","Defend_G","Defend_G","Defend_G","Defend_G","Survivor","Neutralize+1","CurseOfTheBell","Backstab","Crippling Poison","Dodge and Roll","Noxious Fumes+1","Backstab","Sucker Punch+1","Poisoned Stab","Noxious Fumes+1","Malaise+1","Catalyst+1","Quick Slash+1","PiercingWail","Prepared+1","Distraction","Backflip","Dodge and Roll+1","Deadly Poison","Envenom+1","Catalyst","Footwork+1","Normality","Noxious Fumes+1","Heel Hook","Blade Dance","Jack Of All Trades","Mayhem+1","Purity","Catalyst+1","Infinite Blades","Guardian:DonusPower+1"],"relics":["Calling Bell","Anchor","Question Card","Gambling Chip","Bottled Flame","Paper Crane","Kunai","Black Star","Bag of Preparation","Enchiridion","Gremlin Horn","Potion Belt","MealTicket","Juzu Bracelet","Toy Ornithopter","Snake Skull","HoveringKite","DollysMirror","White Beast Statue","Ornamental Fan","Eternal Feather","Orichalcum","Omamori","Pantograph","Thread and Needle","PrismaticShard"],"acts_visited":["Exordium","TheCity","TheBeyond"],"potions_floor_usage":[18,23,28,31,33,40,40,40,40,48,50,50,50,50,50],"damage_taken":[{"damage":0,"enemies":"Jaw Worm","floor":1,"turns":4},{"damage":0,"enemies":"Small Slimes","floor":2,"turns":4},{"damage":0,"enemies":"2 Louse","floor":3,"turns":2},{"damage":4,"enemies":"3 Sentries","floor":8,"turns":7},{"damage":12,"enemies":"Gremlin Nob","floor":11,"turns":5},{"damage":0,"enemies":"Red Slaver","floor":12,"turns":4},{"damage":4,"enemies":"Large Slime","floor":13,"turns":5},{"damage":17,"enemies":"The Guardian","floor":16,"turns":9},{"damage":17,"enemies":"Spheric Guardian","floor":18,"turns":9},{"damage":0,"enemies":"Shell Parasite","floor":20,"turns":5},{"damage":11,"enemies":"Snecko","floor":22,"turns":4},{"damage":2,"enemies":"Book of Stabbing","floor":23,"turns":7},{"damage":5,"enemies":"Gremlin Leader","floor":25,"turns":6},{"damage":9,"enemies":"Shelled Parasite and Fungi","floor":27,"turns":4},{"damage":0,"enemies":"Cultist and Chosen","floor":28,"turns":5},{"damage":0,"enemies":"3 Cultists","floor":31,"turns":4},{"damage":16,"enemies":"Champ","floor":33,"turns":14},{"damage":0,"enemies":"3 Shapes","floor":35,"turns":3},{"damage":6,"enemies":"Orb Walker","floor":36,"turns":5},{"damage":43,"enemies":"Giant Head","floor":40,"turns":10},{"damage":5,"enemies":"Nemesis","floor":45,"turns":9},{"damage":2,"enemies":"Transient","floor":48,"turns":5},{"damage":70,"enemies":"Donu and Deca","floor":50,"turns":8}],"seed_played":"-8289704854571142605","potions_obtained":[{"floor":11,"key":"Swift Potion"},{"floor":12,"key":"Block Potion"},{"floor":13,"key":"Explosive Potion"},{"floor":20,"key":"Energy Potion"},{"floor":25,"key":"Guardian:BlockOnCardUsePotion"},{"floor":27,"key":"LiquidMemories"},{"floor":33,"key":"Weak Potion"},{"floor":36,"key":"SpeedPotion"},{"floor":40,"key":"SmokeBomb"},{"floor":45,"key":"PowerPotion"},{"floor":48,"key":"Explosive Potion"}],"is_trial":false,"path_per_floor":["M","M","M","?","$","R","?","E","T","R","E","M","M","?","R","B",null,"M","T","M","?","M","E","R","E","T","M","M","R","$","M","R","B",null,"M","M","?","?","$","E","R","?","T","?","E","$","R","M","R","B",null],"character_chosen":"THE_SILENT","items_purchased":["Noxious Fumes","Snake Skull","EntropicBrew","DollysMirror","White Beast Statue","Heel Hook","Infinite Blades","Thread and Needle","PrismaticShard"],"campfire_rested":1,"item_purchase_floors":[5,30,30,39,39,39,46,46,46],"current_hp_per_floor":[70,70,70,70,70,70,70,66,66,66,54,54,50,50,50,33,70,53,53,53,37,26,24,24,19,19,10,15,36,51,56,56,45,70,70,64,64,64,66,38,59,49,49,49,44,59,66,64,66,1],"gold":103,"neow_bonus":"BOSS_RELIC","is_daily":false,"chose_seed":false,"campfire_upgraded":8,"win_rate":0.0,"timestamp":1609983557,"path_taken":["M","M","M","?","$","R","?","E","T","R","E","?","M","?","R","BOSS","M","?","M","?","M","E","R","E","T","M","M","R","?","M","R","BOSS","M","M","?","?","$","E","R","?","T","?","E","$","R","M","R","BOSS"],"items_purchased_type":["Card","Relic","Potion","Relic","Relic","Card","Card","Relic","Relic"],"build_version":"2020-12-22","purchased_purges":4,"victory":true,"max_hp_per_floor":[70,70,70,70,70,70,70,70,70,70,70,70,70,70,70,70,70,70,70,70,70,70,70,70,70,70,70,70,70,70,70,70,70,70,70,70,70,66,66,66,66,66,66,66,66,66,66,66,66,66],"relic_stats":{"Gremlin Horn":[8,8],"counters":[23,138],"HoveringKite":[12],"Eternal Feather":30,"Snake Skull":[105],"Bag of Preparation":[28],"Juzu Bracelet":0,"Orichalcum":[0],"Question Card":25,"Ornamental Fan":[32],"Gambling Chip":[50],"Pantograph":0,"MealTicket":32,"Black Star":4,"Kunai":[36],"obtain_stats":[{"Gremlin Horn":23,"Enchiridion":21,"HoveringKite":34,"Snake Skull":30,"Bag of Preparation":19,"Juzu Bracelet":25,"PrismaticShard":46,"DollysMirror":39,"Gambling Chip":0,"Pantograph":45,"MealTicket":25,"Kunai":11,"Ring of the Snake":0,"Potion Belt":23,"Eternal Feather":40,"Thread and Needle":46,"Omamori":45,"Paper Crane":9,"Orichalcum":43,"Question Card":0,"White Beast Statue":39,"Calling Bell":0,"Anchor":0,"Bottled Flame":8,"Ornamental Fan":40,"Black Star":17,"Toy Ornithopter":26},{"Gremlin Horn":12,"Enchiridion":10,"HoveringKite":17,"Snake Skull":15,"Bag of Preparation":9,"Juzu Bracelet":13,"PrismaticShard":21,"DollysMirror":19,"Gambling Chip":0,"Pantograph":21,"MealTicket":13,"Kunai":5,"Ring of the Snake":0,"Potion Belt":12,"Eternal Feather":20,"Thread and Needle":21,"Omamori":21,"Paper Crane":4,"Orichalcum":20,"Question Card":0,"White Beast Statue":19,"Calling Bell":0,"Anchor":0,"Bottled Flame":4,"Ornamental Fan":20,"Black Star":8,"Toy Ornithopter":13},{"Gremlin Horn":65,"Enchiridion":54,"HoveringKite":98,"Snake Skull":80,"Bag of Preparation":49,"Juzu Bracelet":71,"PrismaticShard":125,"DollysMirror":106,"Gambling Chip":0,"Pantograph":125,"MealTicket":71,"Kunai":22,"Ring of the Snake":0,"Potion Belt":65,"Eternal Feather":116,"Thread and Needle":125,"Omamori":125,"Paper Crane":17,"Orichalcum":116,"Question Card":0,"White Beast Statue":106,"Calling Bell":0,"Anchor":0,"Bottled Flame":17,"Ornamental Fan":116,"Black Star":40,"Toy Ornithopter":71}],"Toy Ornithopter":35},"card_choices":[{"not_picked":["Underhanded Strike","Deadly Poison","Deflect"],"picked":"Backstab","floor":1},{"not_picked":["Poisoned Stab","All Out Attack","Blur"],"picked":"Crippling Poison","floor":2},{"not_picked":["Eviscerate","Predator","Deflect"],"picked":"Dodge and Roll","floor":3},{"not_picked":["Dagger Spray","Escape Plan","Phantasmal Killer"],"picked":"Backstab","floor":8},{"not_picked":["Infinite Blades","Dodge and Roll","Acrobatics"],"picked":"Sucker Punch","floor":11},{"not_picked":["Prepared","Well Laid Plans","Sucker Punch"],"picked":"Poisoned Stab","floor":12},{"not_picked":["Bane","Flying Knee","Poisoned Stab"],"picked":"Noxious Fumes","floor":13},{"not_picked":["After Image","Venomology","Night Terror"],"picked":"Malaise","floor":16},{"not_picked":["Expertise+1","Dagger Spray","Dodge and Roll"],"picked":"Catalyst","floor":18},{"not_picked":["Acrobatics+1","Crippling Poison","Sucker Punch"],"picked":"Quick Slash+1","floor":20},{"not_picked":["Dagger Throw+1","Acrobatics","Underhanded Strike"],"picked":"PiercingWail","floor":22},{"not_picked":["Terror+1","Bane","Reflex"],"picked":"Prepared+1","floor":23},{"not_picked":["Quick Slash","Slice+1","Prepared"],"picked":"Distraction","floor":25},{"not_picked":["Dodge and Roll","Calculated Gamble+1","Deflect+1"],"picked":"Backflip","floor":27},{"not_picked":["Outmaneuver","Infinite Blades","Eviscerate"],"picked":"Dodge and Roll+1","floor":28},{"not_picked":["Underhanded Strike+1","Prepared","Burst"],"picked":"Deadly Poison","floor":31},{"not_picked":["Tools of the Trade","After Image","Burst"],"picked":"Envenom","floor":33},{"not_picked":["All Out Attack","PiercingWail+1","Slice+1"],"picked":"Catalyst","floor":35},{"not_picked":["Deflect","Blade Dance+1","Backstab+1"],"picked":"Footwork","floor":36},{"not_picked":["Escape Plan","Caltrops","Backflip"],"picked":"Blade Dance","floor":40},{"not_picked":["expansioncontent:AwakenDeath","expansioncontent:HyperBeam","Sadistic Nature"],"picked":"Jack Of All Trades","floor":42},{"not_picked":["Dark Shackles","Good Instincts","expansioncontent:DecasProtection"],"picked":"Mayhem","floor":42},{"not_picked":["expansioncontent:DonusPower","expansioncontent:GoopSpray","Deep Breath"],"picked":"Purity","floor":42},{"not_picked":["Reflex","Tactician","Eviscerate+1"],"picked":"Catalyst+1","floor":45},{"not_picked":["Guardian:ArmoredProtocol+1","Guardian:Gem_Red","Ball Lightning"],"picked":"Guardian:DonusPower+1","floor":48}],"player_experience":26205,"relics_obtained":[{"floor":0,"key":"Anchor"},{"floor":0,"key":"Question Card"},{"floor":0,"key":"Gambling Chip"},{"floor":8,"key":"Bottled Flame"},{"floor":9,"key":"Paper Crane"},{"floor":11,"key":"Kunai"},{"floor":19,"key":"Bag of Preparation"},{"floor":21,"key":"Enchiridion"},{"floor":23,"key":"Gremlin Horn"},{"floor":23,"key":"Potion Belt"},{"floor":25,"key":"MealTicket"},{"floor":25,"key":"Juzu Bracelet"},{"floor":26,"key":"Toy Ornithopter"},{"floor":40,"key":"Ornamental Fan"},{"floor":40,"key":"Eternal Feather"},{"floor":43,"key":"Orichalcum"},{"floor":45,"key":"Omamori"},{"floor":45,"key":"Pantograph"}],"event_choices":[{"damage_healed":0,"gold_gain":76,"player_choice":"Gained Gold","damage_taken":0,"max_hp_gain":0,"max_hp_loss":0,"event_name":"Golden Wing","floor":4,"gold_loss":0},{"damage_healed":0,"gold_gain":0,"player_choice":"Ignored","damage_taken":0,"max_hp_gain":0,"max_hp_loss":0,"event_name":"Golden Idol","floor":7,"gold_loss":0},{"damage_healed":0,"gold_gain":0,"player_choice":"Upgraded","damage_taken":0,"max_hp_gain":0,"max_hp_loss":0,"event_name":"Upgrade Shrine","floor":14,"gold_loss":0,"cards_upgraded":["Noxious Fumes"]},{"damage_healed":0,"gold_gain":0,"player_choice":"Obtained Book","damage_taken":16,"max_hp_gain":0,"max_hp_loss":0,"event_name":"Cursed Tome","floor":21,"gold_loss":0},{"damage_healed":0,"gold_gain":999,"player_choice":"Gold","damage_taken":0,"max_hp_gain":0,"max_hp_loss":0,"event_name":"MindBloom","floor":37,"gold_loss":0,"cards_obtained":["Normality","Normality"]},{"damage_healed":0,"gold_gain":0,"player_choice":"Max HP","damage_taken":0,"max_hp_gain":0,"max_hp_loss":4,"event_name":"Winding Halls","floor":38,"gold_loss":0},{"damage_healed":0,"gold_gain":0,"player_choice":"Memory 3","damage_taken":10,"max_hp_gain":0,"max_hp_loss":0,"event_name":"SensoryStone","floor":42,"gold_loss":0},{"cards_removed":["Strike_G"],"damage_healed":0,"gold_gain":0,"player_choice":"Removed Attack","damage_taken":0,"max_hp_gain":0,"max_hp_loss":0,"event_name":"Falling","floor":44,"gold_loss":0}],"is_beta":false,"boss_relics":[{"not_picked":["Cursed Key","Runic Dome"],"picked":"Black Star"},{"not_picked":["Fusion Hammer","Sozu"],"picked":"HoveringKite"}],"items_purged_floors":[5,30,39,46],"is_endless":false,"potions_floor_spawned":[11,12,13,16,20,25,27,33,36,40,45,48],"ascension_level":0}}