{"host":"tq6qmx9nj4kgfpqr","time":1609984790,"event":{"mods":["AchievementEnabler","Bard","BaseMod","Bestiary","Better Match","Better Third Choice","ChefMod","Colored Map","Colored Powertips","Gremlin Skip","Hermit","Minty Spire (QoL Compilation)","Quarter Circle Forward PUNCH!","Quick Restart","READ ME - Guardian Mod","Somnambulant","StSLib","The Bladedancer","The Blue Laboratory","The Construct","The Cursed","The Juggle","The Poker Player","The Sage","themimic"],"gold_per_floor":[114,114,189,189,202,231,231,260,283,345,377,457,85,120,120,300,300,328,328,363,363,67,67,67,102,102,164,228,278,294,324,324,429,429,445,474,474,474,146,216,246,279,279,300,0,0,71,142,142,142],"floor_reached":51,"playtime":7853,"items_purged":[],"score":1148,"play_id":"5e5d3e57-e422-4d4d-81e6-236edd95c133","local_time":"20210106205950","daily_mods":["SealedDeck","Colorless Cards","Heirloom","Time Dilation","Flight","Elite Swarm"],"is_ascension_mode":false,"campfire_choices":[{"data":"hermit:Glare","floor":7.0,"key":"SMITH"},{"data":"Madness","floor":15.0,"key":"SMITH"},{"data":"hermit:Determination","floor":23.0,"key":"SMITH"},{"data":"hermit:OverwhelmingPower","floor":24.0,"key":"SMITH"},{"floor":32.0,"key":"REST"},{"data":"hermit:Determination","floor":46.0,"key":"SMITH"},{"floor":49,"key":"REST"}],"circlet_count":0,"master_deck":["hermit:Coalescence","hermit:LowProfile","hermit:Headshot","hermit:HighCaliber+1","Good Instincts","hermit:Feint","hermit:Showdown","hermit:Glare+1","Madness+1","hermit:HighCaliber","hermit:Dive+1","Bandage Up","Metamorphosis","hermit:DeadOrAlive","hermit:FromBeyond","Secret Technique","hermit:TakeAim","Mayhem","hermit:OverwhelmingPower+1","Madness+1","hermit:Determination+1","Secret Weapon","Secret Weapon","Master of Strategy","Panache","hermit:CursedWeapon+1","Apotheosis+1","hermit:Gambit","Mind Blast","Enlightenment","Dark Shackles","hermit:Scavenge+1","Impatience+1","hermit:Determination+1"],"relics":["hermit:Momento","hermit:RedScarf","Strawberry","qcfpunch:Wrestler\u0027s_Cloak","Mummified Hand","qcfpunch:Red_Gi","Ice Cream","Pantograph","SacredBark","Nloth\u0027s Gift","Mango","construct:FoamFinger","Regal Pillow","construct:BoolHorns","Letter Opener","construct:ClawGrip","Pear","qcfpunch:Necklace_of_Skulls","White Beast Statue","qcfpunch:Spiky_Bracers","Medical Kit","Prayer Wheel","Toy Ornithopter"],"acts_visited":["Exordium","TheCity","TheBeyond"],"potions_floor_usage":[50,50,50],"damage_taken":[{"damage":4.0,"enemies":"Jaw Worm","floor":1.0,"turns":2.0},{"damage":0.0,"enemies":"Small Slimes","floor":5.0,"turns":2.0},{"damage":4.0,"enemies":"Gremlin Nob","floor":6.0,"turns":4.0},{"damage":16.0,"enemies":"Lagavulin","floor":8.0,"turns":5.0},{"damage":0.0,"enemies":"3 Sentries","floor":10.0,"turns":6.0},{"damage":11.0,"enemies":"Lagavulin","floor":11.0,"turns":4.0},{"damage":0.0,"enemies":"Gremlin Nob","floor":14.0,"turns":2.0},{"damage":1.0,"enemies":"Slime Boss","floor":16.0,"turns":6.0},{"damage":8.0,"enemies":"Chosen","floor":18.0,"turns":4.0},{"damage":12.0,"enemies":"2 Thieves","floor":20.0,"turns":3.0},{"damage":0.0,"enemies":"Book of Stabbing","floor":25.0,"turns":3.0},{"damage":17.0,"enemies":"Gremlin Leader","floor":27.0,"turns":4.0},{"damage":18.0,"enemies":"Slavers","floor":28.0,"turns":2.0},{"damage":15.0,"enemies":"Snake Plant","floor":30.0,"turns":2.0},{"damage":3.0,"enemies":"Book of Stabbing","floor":31.0,"turns":2.0},{"damage":8.0,"enemies":"Champ","floor":33.0,"turns":4.0},{"damage":24.0,"enemies":"3 Darklings","floor":35.0,"turns":2.0},{"damage":13.0,"enemies":"Orb Walker","floor":36.0,"turns":3.0},{"damage":0.0,"enemies":"Nemesis","floor":40.0,"turns":1.0},{"damage":13.0,"enemies":"Maw","floor":41.0,"turns":3.0},{"damage":3.0,"enemies":"Reptomancer","floor":42.0,"turns":2.0},{"damage":6.0,"enemies":"4 Shapes","floor":44.0,"turns":3.0},{"damage":5.0,"enemies":"Giant Head","floor":47.0,"turns":4.0},{"damage":11,"enemies":"Nemesis","floor":48,"turns":5},{"damage":30,"enemies":"Donu and Deca","floor":50,"turns":3}],"seed_played":"-8733039502276661847","potions_obtained":[{"floor":8.0,"key":"Fire Potion"},{"floor":10.0,"key":"Fruit Juice"},{"floor":16.0,"key":"FearPotion"},{"floor":18.0,"key":"blueLaboratory:SavagePotion"},{"floor":20.0,"key":"Weak Potion"},{"floor":25.0,"key":"blueLaboratory:LouseDecoction"},{"floor":31.0,"key":"CultistPotion"},{"floor":33.0,"key":"CultistPotion"},{"floor":36.0,"key":"blueLaboratory:HeartbeatPotion"},{"floor":42.0,"key":"Explosive Potion"},{"floor":44.0,"key":"Swift Potion"}],"is_trial":true,"path_per_floor":["M","?","?","?","M","E","R","E","T","E","E","?","$","E","R","B",null,"M","?","M","?","$","R","R","E","T","E","E","?","M","E","R","B",null,"M","M","?","?","$","E","M","E","T","M","$","R","E","E","R","B",null],"character_chosen":"HERMIT","items_purchased":["hermit:TakeAim","Ice Cream","PowerPotion","Swift Potion","hermit:Determination","Secret Weapon","DuplicationPotion","Pear","Medical Kit","hermit:Determination","Swift Potion"],"campfire_rested":2,"item_purchase_floors":[13,13,13,22,22,22,39,39,45,45,45],"current_hp_per_floor":[71,71,60,45,45,52,52,40,40,49,42,42,42,42,42,70,87,79,79,71,71,71,71,71,89,89,76,62,62,51,48,93,95,101,77,70,65,65,75,75,68,65,65,59,59,59,60,55,103,92],"gold":142,"neow_bonus":"","is_daily":false,"chose_seed":false,"campfire_upgraded":5,"win_rate":0.0,"timestamp":1609984790,"path_taken":["M","?","?","?","?","E","R","E","T","E","E","?","$","E","R","BOSS","M","?","?","?","?","R","R","E","T","E","E","?","?","E","R","BOSS","M","?","?","?","$","E","?","E","T","?","$","R","E","E","R","BOSS"],"items_purchased_type":["Card","Relic","Potion","Potion","Card","Card","Potion","Relic","Relic","Card","Potion"],"build_version":"2020-12-22","purchased_purges":0,"victory":true,"max_hp_per_floor":[75,75,75,75,75,82,82,82,82,87,87,87,87,87,87,87,87,87,87,87,87,87,87,87,101,101,101,101,101,101,101,101,101,101,101,101,101,101,111,111,111,111,111,111,111,111,111,111,111,111],"card_choices":[{"not_picked":["hermit:Glare","hermit:Midnight"],"picked":"hermit:Dive","floor":1.0},{"not_picked":["hermit:TrackingShot","hermit:Ricochet"],"picked":"Bandage Up","floor":5.0},{"not_picked":["hermit:FinalCanter","hermit:Dissolve"],"picked":"Metamorphosis","floor":6.0},{"not_picked":["Mayhem","hermit:Magnum"],"picked":"hermit:DeadOrAlive","floor":8.0},{"not_picked":["Thinking Ahead","Metamorphosis"],"picked":"hermit:FromBeyond","floor":10.0},{"not_picked":["Violence","hermit:FromBeyond"],"picked":"Secret Technique","floor":11.0},{"not_picked":["hermit:EternalForm","hermit:Dissolve"],"picked":"Mayhem","floor":14.0},{"not_picked":["Violence","hermit:RoundhouseKick"],"picked":"hermit:OverwhelmingPower","floor":16.0},{"not_picked":["hermit:WideOpen","hermit:Deadeye","hermit:Midnight+1"],"picked":"SKIP","floor":18.0},{"not_picked":["hermit:HoleUp+1","sagemod:Perplexing_Glare+1","Trip"],"picked":"SKIP","floor":20.0},{"not_picked":["hermit:HeroicBravado","Transmutation"],"picked":"Secret Weapon","floor":25.0},{"not_picked":["Mayhem","hermit:FromBeyond"],"picked":"Master of Strategy","floor":27.0},{"not_picked":["Transmutation","hermit:RoundhouseKick"],"picked":"Panache","floor":28.0},{"not_picked":["Forethought","hermit:Feint"],"picked":"hermit:CursedWeapon+1","floor":30.0},{"not_picked":["Thinking Ahead","hermit:FinalCanter"],"picked":"Apotheosis","floor":31.0},{"not_picked":["hermit:Adapt","The Bomb"],"picked":"hermit:Gambit","floor":33.0},{"not_picked":["sagemod:Perplexing_Glare","hermit:ItchyTrigger+1","hermit:Cheat"],"picked":"SKIP","floor":35.0},{"not_picked":["hermit:Glare","Dramatic Entrance+1"],"picked":"Mind Blast","floor":36.0},{"not_picked":["Transmutation","Magnetism"],"picked":"Enlightenment","floor":37.0},{"not_picked":["Finesse","Swift Strike"],"picked":"Dark Shackles","floor":37.0},{"not_picked":["hermit:RoundhouseKick","hermit:FromBeyond","Mayhem"],"picked":"SKIP","floor":40.0},{"not_picked":["hermit:Desperado","hermit:Maintenance+1"],"picked":"hermit:Scavenge+1","floor":41.0},{"not_picked":["Metamorphosis","Thinking Ahead","hermit:OverwhelmingPower"],"picked":"SKIP","floor":42.0},{"not_picked":["hermit:TakeAim+1","hermit:Vantage+1"],"picked":"Impatience+1","floor":44.0},{"not_picked":["The Bomb","hermit:EternalForm","hermit:Magnum"],"picked":"SKIP","floor":47.0},{"not_picked":["Apotheosis","Violence","HandOfGreed"],"picked":"SKIP","floor":48}],"player_experience":192087,"relics_obtained":[{"floor":6.0,"key":"Strawberry"},{"floor":8.0,"key":"Art of War"},{"floor":9.0,"key":"qcfpunch:Wrestler\u0027s_Cloak"},{"floor":10.0,"key":"Mummified Hand"},{"floor":11.0,"key":"qcfpunch:Red_Gi"},{"floor":14.0,"key":"Pantograph"},{"floor":25.0,"key":"Mango"},{"floor":26.0,"key":"construct:FoamFinger"},{"floor":27.0,"key":"Regal Pillow"},{"floor":28.0,"key":"construct:BoolHorns"},{"floor":31.0,"key":"Letter Opener"},{"floor":40.0,"key":"qcfpunch:Necklace_of_Skulls"},{"floor":42.0,"key":"White Beast Statue"},{"floor":43.0,"key":"qcfpunch:Spiky_Bracers"},{"floor":47.0,"key":"Prayer Wheel"},{"floor":48,"key":"Toy Ornithopter"}],"event_choices":[{"damage_healed":0.0,"max_hp_gain":0.0,"max_hp_loss":0.0,"gold_gain":0.0,"event_name":"The Cleric","player_choice":"Leave","floor":2.0,"gold_loss":0.0,"damage_taken":0.0},{"damage_healed":0.0,"max_hp_gain":0.0,"max_hp_loss":0.0,"gold_gain":75.0,"event_name":"betterThird:BetterGoop","player_choice":"Gold","floor":3.0,"gold_loss":0.0,"damage_taken":11.0},{"damage_healed":60.0,"max_hp_gain":0.0,"max_hp_loss":75.0,"gold_gain":0.0,"event_name":"betterThird:BetterShining","player_choice":"Upgrade","floor":4.0,"gold_loss":0.0,"damage_taken":15.0,"cards_upgraded":["hermit:HighCaliber","hermit:Dive"]},{"damage_healed":0.0,"max_hp_gain":0.0,"max_hp_loss":0.0,"gold_gain":80.0,"event_name":"Golden Wing","player_choice":"Gained Gold","floor":12.0,"gold_loss":0.0,"damage_taken":0.0},{"damage_healed":0.0,"max_hp_gain":0.0,"max_hp_loss":0.0,"gold_gain":0.0,"event_name":"Duplicator","player_choice":"Copied","floor":19.0,"gold_loss":0.0,"damage_taken":0.0,"cards_obtained":["Madness"]},{"damage_healed":0.0,"max_hp_gain":0.0,"max_hp_loss":0.0,"gold_gain":0.0,"event_name":"N\u0027loth","player_choice":"Traded Relic","floor":21.0,"relics_lost":["Art of War"],"gold_loss":0.0,"damage_taken":0.0,"relics_obtained":["Nloth\u0027s Gift"]},{"damage_healed":0.0,"max_hp_gain":0.0,"max_hp_loss":0.0,"gold_gain":100.0,"event_name":"The Joust","player_choice":"Bet on Murderer","floor":29.0,"gold_loss":50.0,"damage_taken":0.0},{"damage_healed":0.0,"max_hp_gain":0.0,"max_hp_loss":0.0,"gold_gain":0.0,"event_name":"SensoryStone","player_choice":"Memory 2","floor":37.0,"gold_loss":0.0,"damage_taken":5.0},{"damage_healed":0.0,"max_hp_gain":0.0,"max_hp_loss":0.0,"gold_gain":0.0,"event_name":"Upgrade Shrine","player_choice":"Upgraded","floor":38.0,"gold_loss":0.0,"damage_taken":0.0,"cards_upgraded":["Apotheosis"]}],"is_beta":false,"boss_relics":[{"not_picked":["Coffee Dripper","Empty Cage"],"picked":"SacredBark"},{"not_picked":["qcfpunch:Killian_Engine_Alpha","sagemod:Falmels_Amulet"],"picked":"construct:ClawGrip"}],"items_purged_floors":[],"is_endless":false,"potions_floor_spawned":[8,10,16,18,20,25,31,33,36,42,44,47,48],"ascension_level":0}}