{"host":"ai2zab3l3qrfb1vu","time":1609989003,"event":{"mods":["2.2 Compatiblity","Act Like it!","BaseMod","Better Third Choice","BetterRewards","Friendly Minions","Gensokyo","GifTheSpireLib","Highlight Path","Hubris","Infinite Spire","Mimic Mod","Minty Spire (QoL Compilation)","Relic Filter","Replay The Spire","Shop Mod","StSLib","The Marked","Wandering Minibosses"],"gold_per_floor":[113,21,96,115,327,327,358,358,430,430,462,478,505,505,505,600,600,618,618,618,637,637,637,671,671,702,716,735,3,3,16,16,114,114,329,457,477,577,577,577,577,577,577,577,577,596,611,550,550,550,550,550,522,553,553],"floor_reached":56,"playtime":5086,"items_purged":["theMarked:Strike","theMarked:Defend","theMarked:Defend","theMarked:Strike"],"score":1260,"play_id":"919aafc0-1ca3-44f3-86b9-1c6c3054f033","local_time":"20210106201003","is_ascension_mode":false,"campfire_choices":[{"data":"theMarked:SoldierOfQuellstein","floor":6.0,"key":"SMITH"},{"data":"theMarked:Challenge","floor":8.0,"key":"SMITH"},{"floor":15.0,"key":"DIG"},{"data":"Gensokyo:TekeTeke","floor":23.0,"key":"SMITH"},{"data":"theMarked:TakeOffHeels","floor":25.0,"key":"SMITH"},{"data":"ReplayTheSpireMod:Echoes of Time","floor":25.0,"key":"SMITH"},{"data":"Gensokyo:MenInBlack","floor":30.0,"key":"SMITH"},{"data":"theMarked:ElementalBlade","floor":30.0,"key":"SMITH"},{"data":"theMarked:Vacuum","floor":32.0,"key":"SMITH"},{"data":"theMarked:MagicAdept","floor":32.0,"key":"SMITH"},{"data":"Gensokyo:PrivateSquare","floor":40.0,"key":"SMITH"},{"data":"ReplayTheSpireMod:Black Plague","floor":40.0,"key":"SMITH"},{"data":"theMarked:RogueSparks","floor":42.0,"key":"SMITH"},{"data":"theMarked:Indomitable","floor":42.0,"key":"SMITH"},{"data":"theMarked:TurnInvisible","floor":44.0,"key":"SMITH"},{"data":"theMarked:ParalyzingBlade","floor":44.0,"key":"SMITH"},{"floor":49.0,"key":"RECALL"},{"data":"theMarked:HeritageOfTheMarked","floor":52,"key":"SMITH"},{"data":"theMarked:Standoff","floor":52,"key":"SMITH"}],"circlet_count":0,"master_deck":["theMarked:Strike+1","theMarked:Strike","theMarked:Strike","theMarked:Defend","theMarked:Defend","theMarked:SoldierOfQuellstein+1","theMarked:Challenge+1","theMarked:Indomitable+1","theMarked:ParalyzingBlade+1","Gensokyo:SummonFieryMouse","theMarked:TakeOffHeels+1","theMarked:Vacuum+1","theMarked:MagicAdept+1","theMarked:Standoff+1","Gensokyo:TekeTeke+1","ReplayTheSpireMod:Echoes of Time+1","theMarked:ParalyzingBlade+1","theMarked:TwofoldDefense+1","theMarked:RogueSparks+1","theMarked:ComboAttacks+1","theMarked:ElementalBlade+1","Gensokyo:MenInBlack+1","Gensokyo:LochNessMonster+1","theMarked:Abjuration+1","theMarked:TurnInvisible+1","theMarked:Parkour+1","theMarked:WardOff+1","ReplayTheSpireMod:Black Plague+1","Gensokyo:PrivateSquare+1","Pride","theMarked:HeritageOfTheMarked+1","Sadistic Nature+1"],"relics":["theMarked:ArtifactOfAir","theMarked:DemonDagger","Gensokyo:Companionship","infinitespire:Lucky Rock","Akabeko","hubris:Towel","Honey Jar","infinitespire:FocusingShard","Molten Egg 2","Bottled Lightning","ReplayTheSpireMod:Ninjato","theMarked:Gun","InkBottle","HandDrill","Bottled Tornado","wanderingMiniBosses:LockLocket","Replay:Wanted Poster","ReplayTheSpireMod:TigerMarble","theMarked:VonisonLock","MerchantsRug","Guide Book","infinitespire:Golems Mask"],"acts_visited":["Gensokyo:Gensokyo","Gensokyo:Gensokyoer","Gensokyo:Gensokyoest","TheEnding"],"potions_floor_usage":[54],"damage_taken":[{"damage":2.0,"enemies":"Gensokyo:2_Kodama","floor":1.0,"turns":4.0},{"damage":26.0,"enemies":"Gensokyo:Python","floor":3.0,"turns":7.0},{"damage":0.0,"enemies":"Gensokyo:3_Fairies","floor":4.0,"turns":5.0},{"damage":21.0,"enemies":"Gensokyo:2_Rabbits","floor":5.0,"turns":5.0},{"damage":15.0,"enemies":"Gensokyo:Mamizou","floor":7.0,"turns":10.0},{"damage":0.0,"enemies":"Gensokyo:Cirno","floor":11.0,"turns":4.0},{"damage":0.0,"enemies":"Gensokyo:LivingMonolith","floor":12.0,"turns":3.0},{"damage":10.0,"enemies":"Gensokyo:Aya","floor":13.0,"turns":4.0},{"damage":16.0,"enemies":"Gensokyo:Kokoro","floor":16.0,"turns":12.0},{"damage":0.0,"enemies":"Gensokyo:2_Gloops","floor":18.0,"turns":2.0},{"damage":0.0,"enemies":"Gensokyo:3_Dogs","floor":21.0,"turns":3.0},{"damage":0.0,"enemies":"Gensokyo:Koishi","floor":24.0,"turns":4.0},{"damage":0.0,"enemies":"Gensokyo:Slime_Group","floor":26.0,"turns":4.0},{"damage":7.0,"enemies":"Gensokyo:Slime_Group","floor":27.0,"turns":2.0},{"damage":4.0,"enemies":"Gensokyo:Monolith_and_Dog","floor":28.0,"turns":2.0},{"damage":0.0,"enemies":"Gensokyo:Swordslinger","floor":31.0,"turns":4.0},{"damage":4.0,"enemies":"Gensokyo:Eternal_Rivals","floor":33.0,"turns":6.0},{"damage":16.0,"enemies":"Gensokyo:3_Bats","floor":35.0,"turns":3.0},{"damage":3.0,"enemies":"Gensokyo:AncientGuardian","floor":36.0,"turns":4.0},{"damage":18.0,"enemies":"Gensokyo:4_Bats","floor":37.0,"turns":2.0},{"damage":1.0,"enemies":"Gensokyo:Dusk_and_Dawn","floor":46.0,"turns":2.0},{"damage":0.0,"enemies":"Gensokyo:Sharpion","floor":47.0,"turns":2.0},{"damage":0,"enemies":"Gensokyo:Scarlet_Devils","floor":50,"turns":3},{"damage":0,"enemies":"Shield and Spear","floor":54,"turns":3},{"damage":12,"enemies":"The Heart","floor":55,"turns":5}],"seed_played":"-5024832612374338661","potions_obtained":[{"floor":1.0,"key":"FearPotion"},{"floor":5.0,"key":"Adrenaline Potion"},{"floor":7.0,"key":"Fire Potion"},{"floor":11.0,"key":"AttackPotion"},{"floor":16.0,"key":"Elixir"},{"floor":18.0,"key":"Cursed Concoction"},{"floor":21.0,"key":"Reflective Coating"},{"floor":24.0,"key":"Milkshake"},{"floor":31.0,"key":"LiquidBronze"},{"floor":36.0,"key":"Dexterity Potion"},{"floor":46.0,"key":"Block Potion"}],"is_trial":false,"path_per_floor":["M","COS","M","M","M","R","E","R","T","?","E","M","E","?","R","B",null,"M","?","?","M","AVR","R","E","R","MIM","M","M","COS","R","M","R","B",null,"M","M","M","AVR","?","R","?","R","T","R","?","M","M","$","R","B",null,"R","$","E","B",null],"character_chosen":"THE_DEFAULT","items_purchased":["MerchantsRug","Sadistic Nature","Guide Book"],"campfire_rested":0,"item_purchase_floors":[48,53,53],"current_hp_per_floor":[68,68,42,42,21,21,6,6,6,6,9,9,2,2,2,5,70,70,63,48,48,48,48,48,48,48,41,37,37,37,37,37,33,63,47,46,30,30,30,30,30,30,30,48,48,49,51,51,63,63,63,63,63,63,51],"gold":553,"neow_bonus":"THREE_RARE_CARDS","is_daily":false,"chose_seed":false,"campfire_upgraded":17,"win_rate":0.0,"timestamp":1609989003,"path_taken":["M","COS","M","?","M","R","E","R","T","?","E","M","E","?","R","BOSS","M","?","?","M","AVR","R","E","R","MIM","M","M","COS","R","M","R","BOSS","M","M","M","AVR","?","R","?","R","T","R","?","M","?","$","R","BOSS","R","$","E","BOSS"],"items_purchased_type":["Relic","Card","Relic"],"build_version":"2020-12-22","purchased_purges":4,"victory":true,"max_hp_per_floor":[70,70,70,70,70,70,70,70,70,70,70,70,70,70,70,70,70,70,63,63,63,63,63,63,63,63,63,63,63,63,63,63,63,63,63,63,63,63,63,63,63,63,63,63,63,63,63,63,63,63,63,63,63,63,63],"card_choices":[{"not_picked":["theMarked:SoldierForm","theMarked:Abjuration"],"picked":"theMarked:Challenge","floor":0.0},{"not_picked":["theMarked:HeightenedSenses","theMarked:SelfDefenseTraining","theMarked:WastefulDefense"],"picked":"SKIP","floor":1.0},{"not_picked":["theMarked:WastefulDefense","theMarked:Improvise","theMarked:Indomitable"],"picked":"SKIP","floor":3.0},{"not_picked":["theMarked:WastefulDefense","theMarked:Improvise"],"picked":"theMarked:Indomitable","floor":3.0},{"not_picked":["theMarked:Improvise","theMarked:SwordAndMagic"],"picked":"theMarked:ParalyzingBlade","floor":4.0},{"not_picked":["theMarked:ContemptForTheProud","theMarked:BanishingStrike","theMarked:ShockingTouch"],"picked":"SKIP","floor":5.0},{"not_picked":["theMarked:Indomitable","theMarked:BanishingStrike","theMarked:Opportunist"],"picked":"SKIP","floor":7.0},{"not_picked":["theMarked:Parkour","theMarked:Frustration","theMarked:EmpowerWeapon"],"picked":"SKIP","floor":11.0},{"not_picked":["theMarked:HeightenedSenses","theMarked:ChainLightning"],"picked":"theMarked:TakeOffHeels","floor":12.0},{"not_picked":["theMarked:WastefulDefense","theMarked:ElectricStrings"],"picked":"theMarked:Vacuum","floor":13.0},{"not_picked":["theMarked:Snap","theMarked:UnarmedFury"],"picked":"theMarked:MagicAdept","floor":16.0},{"not_picked":["theMarked:ChainLightning","theMarked:WastefulAttack","theMarked:KeepCalmAndFightOn"],"picked":"theMarked:Standoff","floor":18.0},{"not_picked":["Gensokyo:Apocalypse","Gensokyo:MissMary","Gensokyo:LochNessMonster"],"picked":"Gensokyo:TekeTeke","floor":19.0},{"not_picked":["infinitespire:Menacing","infinitespire:SealOfDarkness+"],"picked":"ReplayTheSpireMod:Echoes of Time","floor":20.0},{"not_picked":["theMarked:EmpowerWeapon+1","theMarked:CreepingChasm","theMarked:HeightenedSenses"],"picked":"theMarked:ParalyzingBlade","floor":21.0},{"not_picked":["theMarked:LightningStrikesTwice","theMarked:Standoff","theMarked:Parkour"],"picked":"theMarked:TwofoldDefense+1","floor":24.0},{"not_picked":["theMarked:TakeCover","theMarked:WardOff","theMarked:EmpowerWeapon"],"picked":"theMarked:RogueSparks","floor":26.0},{"not_picked":["theMarked:Electrify+1","theMarked:TakeCover","theMarked:Frustration+1"],"picked":"theMarked:ComboAttacks+1","floor":27.0},{"not_picked":["theMarked:LightningStrikesTwice+1","theMarked:Generate","theMarked:SuspiciousRaven"],"picked":"theMarked:ElementalBlade","floor":28.0},{"not_picked":["theMarked:Aftermath+1","theMarked:HeightenedSenses+1","theMarked:TakeCover+1"],"picked":"theMarked:ElectricStrings+1","floor":31.0},{"not_picked":["theMarked:ChainLightning+1","theMarked:Generate","theMarked:DeterminationOfTheMarked"],"picked":"theMarked:Abjuration+1","floor":31.0},{"not_picked":["theMarked:Snap+1","theMarked:Vacuum+1","theMarked:MagicAdept"],"picked":"theMarked:TurnInvisible","floor":33.0},{"not_picked":["theMarked:ParalyzingBlade","theMarked:Static","theMarked:Aftermath+1"],"picked":"theMarked:Parkour+1","floor":35.0},{"not_picked":["theMarked:Parkour+1","theMarked:SwordAndMagic+1","theMarked:Static","theMarked:Aftermath"],"picked":"SKIP","floor":36.0},{"not_picked":["theMarked:CreepingChasm+1","theMarked:ResourceFulStrike+1","theMarked:ChainLightning+1"],"picked":"theMarked:WardOff+1","floor":37.0},{"not_picked":["theMarked:HeightenedSenses","theMarked:TakeCover+1","theMarked:KeepCalmAndFightOn+1","theMarked:WardOff"],"picked":"SKIP","floor":46.0},{"not_picked":["theMarked:Parkour+1","theMarked:WastefulDefense","theMarked:ShockingTouch+1"],"picked":"theMarked:HeritageOfTheMarked","floor":47.0},{"not_picked":["theMarked:Polarize","theMarked:TunnelVision+1","theMarked:Static","theMarked:Frustration+1"],"picked":"SKIP","floor":54}],"player_experience":508906,"relics_obtained":[{"floor":7.0,"key":"theMarked:DemonDagger"},{"floor":9.0,"key":"Matryoshka"},{"floor":11.0,"key":"infinitespire:Lucky Rock"},{"floor":13.0,"key":"Akabeko"},{"floor":15.0,"key":"hubris:64BitClover"},{"floor":24.0,"key":"Replay:Arrowhead"},{"floor":24.0,"key":"infinitespire:FocusingShard"},{"floor":26.0,"key":"Molten Egg 2"},{"floor":26.0,"key":"Iron Hammer"},{"floor":26.0,"key":"Bottled Lightning"},{"floor":26.0,"key":"ReplayTheSpireMod:Ninjato"},{"floor":26.0,"key":"theMarked:Gun"},{"floor":26.0,"key":"InkBottle"},{"floor":33.0,"key":"Bottled Tornado"},{"floor":36.0,"key":"wanderingMiniBosses:LockLocket"},{"floor":43.0,"key":"Omamori"},{"floor":43.0,"key":"Eternal Feather"},{"floor":54,"key":"infinitespire:Golems Mask"}],"event_choices":[],"is_beta":false,"boss_relics":[{"not_picked":["Replay:Ancient Bell","Busted Crown"],"picked":"Honey Jar"},{"not_picked":["SacredBark","hubris:ScarierMask"],"picked":"Empty Cage"}],"items_purged_floors":[22,38,48,53],"is_endless":false,"potions_floor_spawned":[1,5,7,11,16,18,21,24,31,36,46],"ascension_level":0}}