{"host":"n4oa921u88t6jog9","time":1609995518,"event":{"mods":["AchievementEnabler","BaseMod","DeckTracker","Keyboard Shortcuts","Minty Spire (QoL Compilation)","Quick Restart","StSLib","SuperFastMode"],"gold_per_floor":[116,116,41,41,53,87,87,103,126,152,152,169,169,188,188,261,261,271,271,289,239,257,284,284,284],"floor_reached":24,"playtime":873,"items_purged":["Strike_G"],"score":489,"play_id":"a6ab9283-b1b0-409a-abf6-a8294f18efbe","local_time":"20210107135838","is_ascension_mode":true,"campfire_choices":[{"data":"Neutralize","floor":7.0,"key":"SMITH"},{"data":"Well Laid Plans","floor":11.0,"key":"SMITH"},{"data":"Dagger Spray","floor":13.0,"key":"SMITH"},{"floor":15.0,"key":"REST"}],"circlet_count":0,"master_deck":["AscendersBane","Strike_G","Strike_G","Defend_G","Defend_G","Survivor","Neutralize+1","Blade Dance","Flying Knee","Finisher","Dagger Spray+1","Well Laid Plans+1","Blade Dance","Dagger Throw","After Image","All Out Attack+1","Cloak And Dagger+1","Reflex+1","Deflect","Accuracy","Cloak And Dagger"],"relics":["Ring of the Snake","NeowsBlessing","Tiny Chest","Strawberry","Oddly Smooth Stone","Astrolabe","Smiling Mask","Bag of Marbles"],"acts_visited":["Exordium","TheCity"],"potions_floor_usage":[23,23],"damage_taken":[{"damage":0.0,"enemies":"2 Louse","floor":1.0,"turns":1.0},{"damage":0.0,"enemies":"Jaw Worm","floor":5.0,"turns":1.0},{"damage":0.0,"enemies":"Gremlin Nob","floor":6.0,"turns":1.0},{"damage":0.0,"enemies":"Cultist","floor":8.0,"turns":3.0},{"damage":17.0,"enemies":"Lagavulin","floor":10.0,"turns":5.0},{"damage":0.0,"enemies":"2 Fungi Beasts","floor":12.0,"turns":2.0},{"damage":10.0,"enemies":"Red Slaver","floor":14.0,"turns":2.0},{"damage":35.0,"enemies":"The Guardian","floor":16.0,"turns":14.0},{"damage":21.0,"enemies":"3 Byrds","floor":18.0,"turns":4.0},{"damage":0.0,"enemies":"Chosen","floor":20.0,"turns":4.0},{"damage":3.0,"enemies":"Centurion and Healer","floor":22.0,"turns":7.0},{"damage":29,"enemies":"Book of Stabbing","floor":23,"turns":5},{"damage":19,"enemies":"Sentry and Sphere","floor":24,"turns":3}],"seed_played":"5324234447055785199","potions_obtained":[{"floor":5.0,"key":"LiquidMemories"},{"floor":6.0,"key":"BlessingOfTheForge"},{"floor":8.0,"key":"Strength Potion"},{"floor":14.0,"key":"Swift Potion"},{"floor":18.0,"key":"PowerPotion"},{"floor":22.0,"key":"EssenceOfSteel"}],"is_trial":false,"path_per_floor":["M","?","?","?","M","E","R","M","T","E","R","M","R","M","R","B",null,"M","?","M","$","M","E","M"],"character_chosen":"THE_SILENT","items_purchased":[],"campfire_rested":1,"item_purchase_floors":[],"current_hp_per_floor":[59,52,52,57,57,57,57,57,64,47,47,47,47,37,60,25,65,44,44,44,44,41,12,0,0],"gold":284,"neow_bonus":"THREE_ENEMY_KILL","is_daily":false,"chose_seed":false,"campfire_upgraded":3,"win_rate":0.0,"timestamp":1609995518,"path_taken":["M","?","?","?","?","E","R","?","T","E","R","M","R","M","R","BOSS","M","?","M","$","M","E","?"],"items_purchased_type":[],"build_version":"2020-12-22","purchased_purges":1,"victory":false,"max_hp_per_floor":[66,66,66,71,71,71,71,71,78,78,78,78,78,78,78,78,78,78,78,78,78,78,78,78,78],"card_choices":[{"not_picked":["Sucker Punch","Dagger Spray"],"picked":"Blade Dance","floor":1.0},{"not_picked":["Setup","Skewer"],"picked":"Flying Knee","floor":5.0},{"not_picked":["Caltrops","Quick Slash"],"picked":"Finisher","floor":6.0},{"not_picked":["PiercingWail","Outmaneuver"],"picked":"Dagger Spray","floor":8.0},{"not_picked":["Dagger Spray","Tactician"],"picked":"Well Laid Plans","floor":10.0},{"not_picked":["Concentrate","Flechettes"],"picked":"Blade Dance","floor":12.0},{"not_picked":["Distraction","Calculated Gamble"],"picked":"Dagger Throw","floor":14.0},{"not_picked":["Burst","Corpse Explosion"],"picked":"After Image","floor":16.0},{"not_picked":["Outmaneuver","Blade Dance"],"picked":"Deflect","floor":18.0},{"not_picked":["Deadly Poison+1","Dodge and Roll"],"picked":"Accuracy","floor":20.0},{"not_picked":["Endless Agony+1","Deadly Poison","Quick Slash"],"picked":"SKIP","floor":22.0},{"not_picked":["Poisoned Stab","PiercingWail"],"picked":"Cloak And Dagger","floor":23}],"player_experience":387188,"relics_obtained":[{"floor":6.0,"key":"Tiny Chest"},{"floor":9.0,"key":"Strawberry"},{"floor":10.0,"key":"Oddly Smooth Stone"},{"floor":19.0,"key":"Smiling Mask"},{"floor":23,"key":"Bag of Marbles"}],"event_choices":[{"cards_removed":["Defend_G"],"damage_healed":0.0,"max_hp_gain":0.0,"max_hp_loss":0.0,"gold_gain":0.0,"event_name":"Golden Wing","player_choice":"Card Removal","floor":2.0,"gold_loss":0.0,"damage_taken":7.0},{"cards_removed":["Defend_G"],"damage_healed":0.0,"max_hp_gain":0.0,"max_hp_loss":0.0,"gold_gain":0.0,"event_name":"The Cleric","player_choice":"Card Removal","floor":3.0,"gold_loss":75.0,"damage_taken":0.0},{"damage_healed":0.0,"max_hp_gain":5.0,"max_hp_loss":0.0,"gold_gain":0.0,"event_name":"Big Fish","player_choice":"Donut","floor":4.0,"gold_loss":0.0,"damage_taken":0.0},{"damage_healed":0.0,"max_hp_gain":0.0,"max_hp_loss":0.0,"gold_gain":0.0,"event_name":"Wheel of Change","player_choice":"Relic","floor":19.0,"gold_loss":0.0,"damage_taken":0.0}],"is_beta":false,"boss_relics":[{"not_picked":["SacredBark","Runic Pyramid"],"picked":"Astrolabe"}],"items_purged_floors":[21],"is_endless":false,"potions_floor_spawned":[5,6,8,14,18,22],"killed_by":"Sentry and Sphere","ascension_level":19}}