{"host":"njb27ds59h4j3ikk","time":1609980569,"event":{"mods":["AchievementEnabler","BaseMod","Better Altar","Better Match","Better Note","Better Sensory Stone","Better Skull","Better Third Choice","BetterRewards","Downfall","Hermit","Hubris","Minty Spire (QoL Compilation)","Permanent Neow","Quarter Circle Forward PUNCH!","Quick Restart","Rare Cards Sparkle","Replay The Spire","Shop Mod","StSLib","Trackpad","Transform Curses"],"gold_per_floor":[55,115,133,133,133,164,164,194,194,224,238,257,58,68,68,166,166,184,195,213,213,230,230,230,230,230],"floor_reached":24,"playtime":1240,"items_purged":[],"score":350,"play_id":"8f6f42f8-e7bb-4ae6-ba99-574a1fa8696e","local_time":"20210106194929","is_ascension_mode":true,"campfire_choices":[{"floor":7.0,"key":"REST"},{"data":"champ:DefensiveShout","floor":23.0,"key":"SMITH"}],"circlet_count":0,"master_deck":["champ:Strike+1","champ:Strike","champ:Defend","champ:Defend","champ:Execute","champ:Taunt+1","Sadistic Nature","champ:ShieldSigil","champ:CalledShot+1","champ:Circumvent","champ:Encircle+1","champ:FanOfKnives","champ:SkillfulDodge","champ:BerserkerStyle","champ:DefensiveShout+1","champ:RisingSlash+1","champ:RageSigil+1","champ:SwordThrow+1","Writhe","Hallucinations","champ:GutPunch+1","champ:PerfectedStrike+1","champ:LastStand+1","champ:Shatter+1"],"relics":["champ:ChampionCrown","Replay:Towering Pillar of Hats","trackpad:BottledTsunami","Pocketwatch","Medical Kit","Anchor","Lizard Tail","Golden Egg","hubris:CrystalStatue","Replay:Rubber Ducky","Whetstone","Blue Doll","qcfpunch:Broken_Tusk","Kintsugi"],"acts_visited":["Exordium","TheCity"],"potions_floor_usage":[],"damage_taken":[{"damage":34.0,"enemies":"Small Slimes","floor":1.0,"turns":4.0},{"damage":7.0,"enemies":"2 Louse","floor":3.0,"turns":3.0},{"damage":48.0,"enemies":"3 Sentries","floor":6.0,"turns":6.0},{"damage":34.0,"enemies":"Lagavulin","floor":8.0,"turns":4.0},{"damage":22.0,"enemies":"3 Sentries","floor":10.0,"turns":5.0},{"damage":4.0,"enemies":"Jaw Worm","floor":11.0,"turns":2.0},{"damage":2.0,"enemies":"Lots of Slimes","floor":12.0,"turns":2.0},{"damage":7.0,"enemies":"Exordium Thugs","floor":14.0,"turns":4.0},{"damage":76.0,"enemies":"Hexaghost","floor":16.0,"turns":7.0},{"damage":21.0,"enemies":"Shell Parasite","floor":18.0,"turns":3.0},{"damage":27.0,"enemies":"3 Byrds","floor":19.0,"turns":4.0},{"damage":58.0,"enemies":"Shelled Parasite and Fungi","floor":20.0,"turns":5.0},{"damage":35.0,"enemies":"Snake Plant","floor":22.0,"turns":4.0},{"damage":40,"enemies":"Slavers","floor":24,"turns":2}],"seed_played":"6683114045918281783","potions_obtained":[{"floor":2.0,"key":"qcfpunch:Challenger_Coin"},{"floor":2.0,"key":"SmokeBomb"},{"floor":2.0,"key":"Regen Potion"},{"floor":8.0,"key":"Elixir"},{"floor":10.0,"key":"ColorlessPotion"},{"floor":12.0,"key":"champ:OpenerPotion"},{"floor":14.0,"key":"champ:OpenerPotion"},{"floor":16.0,"key":"EssenceOfSteel"},{"floor":20.0,"key":"PowerPotion"}],"is_trial":false,"path_per_floor":["M","?","M","?","T","E","R","E","T","E","M","M","$","M","R","B",null,"M","M","M","?","M","R","E"],"character_chosen":"THE_CHAMP","items_purchased":["Replay:Towering Pillar of Hats","Sadistic Nature","trackpad:BottledTsunami","Medical Kit","Anchor","champ:ShieldSigil","champ:CalledShot+1","AttackPotion","qcfpunch:Broken_Tusk","champ:RisingSlash+1"],"campfire_rested":1,"item_purchase_floors":[0,0,0,0,0,0,0,0,13,13],"current_hp_per_floor":[70,70,70,70,70,39,66,62,62,58,58,58,58,58,85,51,90,81,66,28,19,39,39,0,0,0],"gold":230,"neow_bonus":"","is_daily":false,"chose_seed":false,"campfire_upgraded":1,"win_rate":0.0,"timestamp":1609980569,"path_taken":["M","?","M","?","?","E","R","E","T","E","M","M","$","M","R","BOSS","M","?","M","?","M","R","E"],"items_purchased_type":["Relic","Card","Relic","Relic","Relic","Card","Card","Potion","Relic","Card"],"build_version":"2020-12-22","purchased_purges":0,"victory":false,"max_hp_per_floor":[90,90,90,90,90,90,90,90,90,90,90,90,90,90,90,90,90,90,90,90,90,90,90,90,90,90],"card_choices":[{"not_picked":["champ:BringItOn","champ:GladiatorStyle"],"picked":"champ:Circumvent","floor":1.0},{"not_picked":["champ:Haymaker","champ:Control"],"picked":"champ:Encircle","floor":2.0},{"not_picked":["champ:ShieldSigil","champ:GladiatorsShout"],"picked":"champ:Shatter","floor":3.0},{"not_picked":["champ:BerserkerStyle","champ:FaceSlap"],"picked":"champ:FanOfKnives","floor":6.0},{"not_picked":["champ:FlashCut","champ:Lariat"],"picked":"champ:SkillfulDodge","floor":8.0},{"not_picked":["champ:BerserkersShout","champ:GutPunch","champ:Encircle"],"picked":"SKIP","floor":10.0},{"not_picked":["champ:PerfectedStrike","champ:CrookedStrike"],"picked":"champ:BerserkerStyle","floor":11.0},{"not_picked":["champ:StanceDance","champ:PerfectedStrike"],"picked":"champ:DefensiveShout","floor":12.0},{"not_picked":["champ:DefensiveShout","champ:AdrenalArmor"],"picked":"champ:RageSigil","floor":14.0},{"not_picked":["champ:DancingMaster","champ:ShieldSlam"],"picked":"champ:SwordThrow","floor":16.0},{"not_picked":["champ:DefensiveShout","champ:Encircle+1"],"picked":"champ:GutPunch+1","floor":18.0},{"not_picked":["champ:FocusedGladiator","champ:FanOfKnives"],"picked":"champ:PerfectedStrike+1","floor":19.0},{"not_picked":["champ:DefensiveShout","champ:EnGarde"],"picked":"champ:LastStand","floor":20.0},{"not_picked":["champ:FaceSlap","champ:TornadoPunch"],"picked":"champ:Shatter+1","floor":22.0}],"player_experience":1223313,"relics_obtained":[{"floor":5.0,"key":"Golden Egg"},{"floor":6.0,"key":"hubris:CrystalStatue"},{"floor":8.0,"key":"Replay:Rubber Ducky"},{"floor":9.0,"key":"Whetstone"},{"floor":10.0,"key":"Blue Doll"}],"event_choices":[{"damage_healed":0.0,"max_hp_gain":0.0,"max_hp_loss":0.0,"gold_gain":0.0,"event_name":"Wheel of Change","player_choice":"Damaged","floor":21.0,"gold_loss":0.0,"damage_taken":9.0}],"is_beta":false,"boss_relics":[{"not_picked":["Snecko Eye","hubris:TerracottaHorce"],"picked":"Kintsugi"}],"items_purged_floors":[],"is_endless":false,"potions_floor_spawned":[8,10,12,14,16,20],"killed_by":"Slavers","ascension_level":2}}