{"host":"066y5nba5qw19k68","time":1609995271,"event":{"mods":["BaseMod","Colored Powertips","Downfall","Minty Spire (QoL Compilation)","Replay The Spire","Shop Mod","StSLib"],"gold_per_floor":[109,109,127,202,213,213,240,240,240,272,272,282,293,304,398,494,494,512,110,124,144,160,195,195,195,195,95,113,128,128,141,141,141,141],"floor_reached":33,"playtime":1480,"items_purged":["Hallucinations","Strike_P"],"score":348,"play_id":"43da7be2-f79b-4433-920a-96a529b391e1","local_time":"20210107125431","is_ascension_mode":true,"campfire_choices":[{"data":"Eruption","floor":6.0,"key":"SMITH"},{"data":"Adaptation","floor":8.0,"key":"SMITH"},{"floor":11.0,"key":"REST"},{"data":"Scrawl","floor":24,"key":"SMITH"},{"floor":32,"key":"DIG"}],"circlet_count":0,"master_deck":["Strike_P","Strike_P","Defend_P","Defend_P","Defend_P","Defend_P","Eruption+1","Vigilance","Consecrate","Adaptation+1","EmptyBody","Scrawl+1","Indignation","CarveReality","TalkToTheHand","Wallop","Halt+1"],"relics":["ChewingGum","ReplayTheSpireMod:Ring of Collecting","Ring of Hypnosis","Potion Belt","Ring of Fury","Letter Opener","Simple Rune","Runic Dome","Mercury Hourglass","Ancient Tea Set","Divine Protection","Frozen Egg 2"],"acts_visited":["Exordium","TheCity"],"potions_floor_usage":[33,33],"damage_taken":[{"damage":3.0,"enemies":"Small Slimes","floor":1.0,"turns":3.0},{"damage":1.0,"enemies":"2 Louse","floor":3.0,"turns":3.0},{"damage":5.0,"enemies":"Jaw Worm","floor":5.0,"turns":5.0},{"damage":26.0,"enemies":"Gremlin Nob","floor":7.0,"turns":4.0},{"damage":9.0,"enemies":"Lagavulin","floor":10.0,"turns":4.0},{"damage":0.0,"enemies":"Lots of Slimes","floor":12.0,"turns":1.0},{"damage":2.0,"enemies":"Gremlin Gang","floor":13.0,"turns":2.0},{"damage":3.0,"enemies":"3 Louse","floor":14.0,"turns":2.0},{"damage":0.0,"enemies":"Slime Boss","floor":16.0,"turns":6.0},{"damage":0.0,"enemies":"3 Byrds","floor":18.0,"turns":4.0},{"damage":0,"enemies":"Chosen","floor":20,"turns":1},{"damage":20,"enemies":"Shelled Parasite and Fungi","floor":21,"turns":4},{"damage":0,"enemies":"Sentry and Sphere","floor":22,"turns":3},{"damage":24,"enemies":"Slavers","floor":23,"turns":3},{"damage":0,"enemies":"Snake Plant","floor":28,"turns":1},{"damage":10,"enemies":"Chosen and Byrds","floor":29,"turns":4},{"damage":0,"enemies":"Snecko","floor":31,"turns":2},{"damage":18,"enemies":"Pondfish","floor":33,"turns":7}],"seed_played":"-4987511289728027397","potions_obtained":[{"floor":3.0,"key":"Explosive Potion"},{"floor":7.0,"key":"SkillPotion"},{"floor":10.0,"key":"Energy Potion"},{"floor":16.0,"key":"hexamod:EctoCoolerPotion"},{"floor":22,"key":"SkillPotion"},{"floor":28,"key":"AttackPotion"},{"floor":31,"key":"BlessingOfTheForge"}],"is_trial":false,"path_per_floor":["M","?","M","?","M","R","E","R","T","E","R","M","M","M","R","B",null,"M","$","M","M","M","E","R","?","T","$","M","M","?","M","R","B"],"character_chosen":"WATCHER","items_purchased":["TalkToTheHand","Mercury Hourglass"],"campfire_rested":1,"item_purchase_floors":[19,19],"current_hp_per_floor":[69,69,68,57,52,52,26,26,26,17,38,38,36,33,33,33,72,72,72,72,52,52,28,28,28,28,28,28,18,18,18,18,0,0],"gold":141,"neow_bonus":"BOSS_RELIC","is_daily":false,"chose_seed":false,"campfire_upgraded":3,"win_rate":0.0,"timestamp":1609995271,"path_taken":["M","?","M","?","M","R","E","R","T","E","R","M","M","M","R","BOSS","M","$","M","M","M","E","R","?","T","$","M","M","?","M","R","BOSS"],"items_purchased_type":["Card","Relic"],"build_version":"2020-12-22","purchased_purges":2,"victory":false,"max_hp_per_floor":[72,72,72,72,72,72,72,72,72,72,72,72,72,72,72,72,72,72,72,72,72,72,72,72,72,72,72,72,72,72,72,72,72,72],"card_choices":[{"not_picked":["Replay:BluntJabs","SashWhip","ClearTheMind"],"picked":"SKIP","floor":1.0},{"not_picked":["PathToVictory","Crescendo"],"picked":"Consecrate","floor":3.0},{"not_picked":["BowlingBash","LikeWater"],"picked":"Adaptation","floor":5.0},{"not_picked":["Replay:DivineShield","FlyingSleeves"],"picked":"EmptyBody","floor":7.0},{"not_picked":["LessonLearned","WheelKick"],"picked":"Scrawl","floor":10.0},{"not_picked":["EmptyFist","FollowUp","CutThroughFate"],"picked":"SKIP","floor":12.0},{"not_picked":["Evaluate","Prostrate"],"picked":"Indignation","floor":13.0},{"not_picked":["EmptyBody","Meditate"],"picked":"CarveReality","floor":14.0},{"not_picked":["Replay:ManipulateFuture","Nirvana","CutThroughFate"],"picked":"SKIP","floor":18.0},{"not_picked":["Prostrate","Protect","Halt"],"picked":"SKIP","floor":20},{"not_picked":["Indignation","Prostrate+1","Replay:DivineShield+1"],"picked":"SKIP","floor":21},{"not_picked":["Weave+1","Replay:AtTheReady","Evaluate"],"picked":"SKIP","floor":22},{"not_picked":["Collect+1","WindmillStrike","Crescendo"],"picked":"SKIP","floor":23},{"not_picked":["FlyingSleeves+1","Collect","Evaluate+1"],"picked":"SKIP","floor":28},{"not_picked":["Replay:Battleflow+1","FlyingSleeves"],"picked":"Wallop","floor":29},{"not_picked":["DeusExMachina","CrushJoints"],"picked":"Halt+1","floor":31}],"player_experience":78178,"relics_obtained":[{"floor":2.0,"key":"ReplayTheSpireMod:Ring of Collecting"},{"floor":2.0,"key":"Ring of Hypnosis"},{"floor":7.0,"key":"Potion Belt"},{"floor":9.0,"key":"Ring of Fury"},{"floor":9.0,"key":"Letter Opener"},{"floor":10.0,"key":"Simple Rune"},{"floor":23,"key":"Ancient Tea Set"},{"floor":26,"key":"Divine Protection"},{"floor":32,"key":"Frozen Egg 2"}],"event_choices":[{"damage_healed":0.0,"max_hp_gain":0.0,"max_hp_loss":0.0,"gold_gain":75.0,"event_name":"World of Goop","player_choice":"Gather Gold","floor":4.0,"gold_loss":0.0,"damage_taken":11.0},{"damage_healed":0,"gold_gain":0,"player_choice":"Ignored","damage_taken":0,"max_hp_gain":0,"max_hp_loss":0,"event_name":"Vampires","floor":25,"gold_loss":0},{"cards_removed":["Strike_P"],"damage_healed":0,"gold_gain":0,"player_choice":"Purged","damage_taken":0,"max_hp_gain":0,"max_hp_loss":0,"event_name":"Purifier","floor":30,"gold_loss":0}],"is_beta":false,"boss_relics":[{"not_picked":["Coffee Dripper","SacredBark"],"picked":"Runic Dome"}],"items_purged_floors":[19,27],"is_endless":false,"potions_floor_spawned":[3,7,10,16,22,28,31],"killed_by":"Pondfish","ascension_level":1}}