{"host":"uflv0e3ja7hvnij7","time":1609983731,"event":{"mods":["BaseMod","Better Altar","Better Match","Better Note","Better Sensory Stone","Better Skull","Better Third Choice","Minty Spire (QoL Compilation)","Permanent Neow","Replay The Spire","StSLib"],"gold_per_floor":[114,129,79,95,111,111,129,129,175,195,212,212,98,118,118,223,223,240,250,325,225,225,258,258,287,287,299,324,121,137,137,137],"floor_reached":31,"playtime":2432,"items_purged":["Defend_G","Defend_G","Strike_G"],"score":376,"play_id":"26550c9a-9d12-43d1-aaf4-bc620ca85b2e","local_time":"20210106204211","is_ascension_mode":true,"campfire_choices":[{"data":"Deadly Poison","floor":6,"key":"SMITH"},{"data":"Dodge and Roll","floor":12,"key":"SMITH"},{"data":"Footwork","floor":15,"key":"SMITH"},{"floor":24,"key":"REST"}],"circlet_count":0,"master_deck":["Strike_G","Strike_G","Survivor","Neutralize+1","Dagger Spray","Deadly Poison+1","Cloak And Dagger+1","Acrobatics","ReplayTheSpireMod:Speed Training","Cloak And Dagger","Dodge and Roll+1","Footwork+1","ReplayTheSpireMod:Speed Training+1","Replay:Bag of Tricks+1","Sneak Up+1","Acrobatics+1","Envenom+1","Bane+1","Dodge and Roll+1","Deadly Poison","After Image","Blur+1","Fluid Movement+1","Footwork"],"relics":["Ring of the Snake","Ancient Tea Set","Astrolabe","War Paint","Nunchaku"],"acts_visited":["Exordium","TheCity"],"potions_floor_usage":[5,16,25,30,30],"damage_taken":[{"damage":0,"enemies":"2 Louse","floor":1,"turns":4},{"damage":4,"enemies":"Jaw Worm","floor":2,"turns":4},{"damage":0,"enemies":"Cultist","floor":4,"turns":3},{"damage":1,"enemies":"2 Fungi Beasts","floor":5,"turns":4},{"damage":0,"enemies":"3 Louse","floor":7,"turns":3},{"damage":2,"enemies":"Looter","floor":10,"turns":3},{"damage":0,"enemies":"Lots of Slimes","floor":11,"turns":2},{"damage":2,"enemies":"Exordium Wildlife","floor":14,"turns":5},{"damage":8,"enemies":"The Guardian","floor":16,"turns":16},{"damage":1,"enemies":"Shell Parasite","floor":18,"turns":6},{"damage":0,"enemies":"Chosen","floor":19,"turns":6},{"damage":18,"enemies":"Book of Stabbing","floor":23,"turns":7},{"damage":1,"enemies":"Replay:Snechameleon","floor":25,"turns":6},{"damage":10,"enemies":"Snake Plant","floor":27,"turns":6},{"damage":13,"enemies":"Book of Stabbing","floor":28,"turns":9},{"damage":6,"enemies":"Cultist and Chosen","floor":30,"turns":9},{"damage":22,"enemies":"3 Cultists","floor":31,"turns":6}],"seed_played":"-872871552750535318","potions_obtained":[{"floor":2,"key":"Energy Potion"},{"floor":7,"key":"Explosive Potion"},{"floor":11,"key":"FearPotion"},{"floor":23,"key":"ColorlessPotion"},{"floor":25,"key":"Fire Potion"},{"floor":27,"key":"Block Potion"},{"floor":30,"key":"Venom Potion"}],"is_trial":false,"path_per_floor":["M","M","?","M","M","R","M","?","T","M","M","R","$","M","R","B",null,"M","M","?","$","?","E","R","E","T","M","E","$","M","M"],"character_chosen":"THE_SILENT","items_purchased":["Footwork","Footwork"],"campfire_rested":1,"item_purchase_floors":[13,29],"current_hp_per_floor":[63,59,59,59,58,58,58,58,58,56,56,56,56,54,54,46,64,63,63,56,56,56,38,59,58,58,48,35,35,29,7,7],"gold":137,"neow_bonus":"RANDOM_EVENT","is_daily":false,"chose_seed":false,"campfire_upgraded":3,"win_rate":0.0,"timestamp":1609983731,"path_taken":["M","M","?","M","M","R","M","?","T","M","M","R","$","?","R","BOSS","M","M","?","$","?","E","R","E","T","?","E","$","M","M"],"items_purchased_type":["Card","Card"],"build_version":"2020-12-22","purchased_purges":3,"victory":false,"max_hp_per_floor":[70,70,70,70,70,70,70,70,70,70,70,70,70,70,70,70,70,70,70,70,70,70,70,70,70,70,70,70,70,70,70,70],"card_choices":[{"not_picked":["Slice","Deflect"],"picked":"Dagger Spray","floor":1},{"not_picked":["Hidden Blade","Dodge and Roll"],"picked":"Deadly Poison","floor":2},{"not_picked":["Deadly Poison","Hidden Blade"],"picked":"Cloak And Dagger","floor":4},{"not_picked":["Quick Slash","Sucker Punch"],"picked":"Acrobatics","floor":5},{"not_picked":["Caltrops","ReplayTheSpireMod:Scrap Shanks"],"picked":"ReplayTheSpireMod:Speed Training","floor":7},{"not_picked":["Storm of Steel","Blade Dance"],"picked":"Cloak And Dagger","floor":10},{"not_picked":["Choke","Blur"],"picked":"Dodge and Roll","floor":11},{"not_picked":["Sucker Punch","ReplayTheSpireMod:Scrap Shanks"],"picked":"ReplayTheSpireMod:Speed Training","floor":14},{"not_picked":["Night Terror","ReplayTheSpireMod:From All Sides"],"picked":"Replay:Bag of Tricks","floor":16},{"not_picked":["Skewer","Backflip"],"picked":"Bane+1","floor":18},{"not_picked":["Finisher","Cloak And Dagger"],"picked":"Dodge and Roll+1","floor":19},{"not_picked":["PiercingWail","Riddle With Holes"],"picked":"Deadly Poison","floor":23},{"not_picked":["PiercingWail","Quick Slash+1"],"picked":"After Image","floor":25},{"not_picked":["Distraction","Cloak And Dagger"],"picked":"Blur+1","floor":27},{"not_picked":["Envenom","Tools of the Trade"],"picked":"Fluid Movement+1","floor":28},{"not_picked":["Deflect","Dagger Throw","Blade Dance"],"picked":"SKIP","floor":30}],"player_experience":504292,"relics_obtained":[{"floor":9,"key":"Ancient Tea Set"},{"floor":26,"key":"War Paint"},{"floor":28,"key":"Nunchaku"}],"event_choices":[{"cards_removed":["Defend_G"],"damage_healed":0,"gold_gain":0,"player_choice":"Forget","damage_taken":0,"max_hp_gain":0,"max_hp_loss":0,"event_name":"Living Wall","floor":0,"gold_loss":0},{"cards_removed":["Strike_G"],"damage_healed":0,"gold_gain":0,"player_choice":"Card Removal","damage_taken":0,"max_hp_gain":0,"max_hp_loss":0,"event_name":"The Cleric","floor":3,"gold_loss":50},{"damage_healed":0,"gold_gain":0,"player_choice":"Upgraded","damage_taken":0,"max_hp_gain":0,"max_hp_loss":0,"event_name":"Upgrade Shrine","floor":8,"gold_loss":0,"cards_upgraded":["Neutralize"]},{"damage_healed":0,"gold_gain":75,"player_choice":"Touch","damage_taken":7,"max_hp_gain":0,"max_hp_loss":0,"event_name":"FaceTrader","floor":20,"gold_loss":0},{"damage_healed":0,"gold_gain":0,"player_choice":"Upgraded","damage_taken":0,"max_hp_gain":0,"max_hp_loss":0,"event_name":"Upgrade Shrine","floor":22,"gold_loss":0,"cards_upgraded":["Replay:Bag of Tricks"]}],"is_beta":false,"boss_relics":[{"not_picked":["Snecko Scales","ReplayTheSpireMod:DimensionalGlitch"],"picked":"Astrolabe"}],"items_purged_floors":[13,21,29],"is_endless":false,"potions_floor_spawned":[2,7,11,23,25,27,30],"killed_by":"3 Cultists","ascension_level":6}}