{"host":"ff4g3thpm8pmsxyp","time":1609991443,"event":{"mods":["AchievementEnabler","BaseMod","Colored Map","DeckTracker","Highlight Path","Minty Spire (QoL Compilation)","Permanent Neow","Rare Cards Sparkle","Relic Stats","StSLib","SuperFastMode"],"gold_per_floor":[110,129,129,154,174,174,174],"floor_reached":6,"playtime":214,"items_purged":[],"score":44,"play_id":"0c8dc0fd-33e3-4414-b85b-673c1b61e091","local_time":"20210106225043","is_ascension_mode":true,"campfire_choices":[],"circlet_count":0,"master_deck":["Strike_B","Strike_B","Strike_B","Strike_B","Defend_B","Defend_B","Defend_B","Defend_B","Zap","Dualcast+1","Consume","Rebound","Self Repair","Conserve Battery"],"relics":["Cracked Core","Golden Idol"],"acts_visited":["Exordium"],"potions_floor_usage":[],"damage_taken":[{"damage":7,"enemies":"Small Slimes","floor":1,"turns":3},{"damage":4,"enemies":"2 Louse","floor":2,"turns":2},{"damage":4,"enemies":"Jaw Worm","floor":4,"turns":4},{"damage":9,"enemies":"Red Slaver","floor":5,"turns":3},{"damage":0,"enemies":"3 Sentries","floor":6,"turns":2}],"seed_played":"7082039323946798117","potions_obtained":[{"floor":4,"key":"BlessingOfTheForge"},{"floor":5,"key":"SmokeBomb"}],"is_trial":false,"path_per_floor":["M","M","?","M","M","E"],"character_chosen":"DEFECT","items_purchased":[],"campfire_rested":0,"item_purchase_floors":[],"current_hp_per_floor":[68,64,46,42,40,40,40],"gold":174,"neow_bonus":"UPGRADE_CARD","is_daily":false,"chose_seed":false,"campfire_upgraded":0,"win_rate":0.0,"timestamp":1609991443,"path_taken":["M","M","?","M","M","E"],"items_purchased_type":[],"build_version":"2020-12-22","purchased_purges":0,"victory":false,"max_hp_per_floor":[75,75,75,75,75,75,75],"relic_stats":{"counters":[5,14],"Golden Idol":9,"obtain_stats":[{"Golden Idol":3,"Cracked Core":0},{"Golden Idol":2,"Cracked Core":0},{"Golden Idol":5,"Cracked Core":0}]},"card_choices":[{"not_picked":["Redo","Stack"],"picked":"Consume","floor":1},{"not_picked":["Redo","Go for the Eyes"],"picked":"Rebound","floor":2},{"not_picked":["Sweeping Beam","Barrage"],"picked":"Self Repair","floor":4},{"not_picked":["Reprogram","Force Field"],"picked":"Conserve Battery","floor":5}],"player_experience":253767,"relics_obtained":[],"event_choices":[{"damage_healed":0,"gold_gain":0,"player_choice":"Take Damage","damage_taken":18,"relics_obtained":["Golden Idol"],"max_hp_gain":0,"max_hp_loss":0,"event_name":"Golden Idol","floor":3,"gold_loss":0}],"is_beta":false,"boss_relics":[],"items_purged_floors":[],"is_endless":false,"potions_floor_spawned":[4,5],"killed_by":"3 Sentries","ascension_level":3}}