{"host":"8xi53560pl5zaoq2","time":1609995905,"event":{"mods":["BaseMod","Colored Map","Highlight Path","Minty Spire (QoL Compilation)","StSLib","Synergy Search"],"gold_per_floor":[111,128,139,139,151,151,185,185,185,201,219,219,250,263,263,342,342,354,354,373,68,80,105,105,122,175,206,206,50,50,69,69,147,147,160,8,8,8,21,21,21,51,103,131,143,175,201,51,51,51],"floor_reached":51,"playtime":2872,"items_purged":["Strike_G"],"score":1207,"play_id":"7c5a8fd1-c520-46d0-97ad-c3ce66c7bde1","local_time":"20210106220505","is_ascension_mode":true,"campfire_choices":[{"data":"Poisoned Stab","floor":6,"key":"SMITH"},{"floor":8,"key":"REST"},{"data":"Neutralize","floor":12,"key":"SMITH"},{"floor":15,"key":"REST"},{"floor":24,"key":"REST"},{"floor":28,"key":"REST"},{"floor":32,"key":"REST"},{"floor":40,"key":"REST"},{"floor":45,"key":"REST"},{"floor":49,"key":"REST"}],"circlet_count":0,"master_deck":["AscendersBane","Strike_G","Strike_G+1","Strike_G+1","Strike_G","Defend_G","Defend_G","Defend_G","Defend_G","Survivor","Neutralize+1","Poisoned Stab+1","Cloak And Dagger","Crippling Poison","Bouncing Flask","Blade Dance+1","Deadly Poison+1","Backflip+1","After Image","Deadly Poison+1","Caltrops","Infinite Blades","Well Laid Plans+1","Dodge and Roll+1","Catalyst+1","Catalyst+1","Necronomicurse","Deflect+1","Backflip+1","Burst+1","HandOfGreed","Flash of Steel","Decay","Terror+1","Noxious Fumes","Backflip+1","Catalyst+1","Crippling Poison+1","Mind Blast","Noxious Fumes"],"relics":["Ring of the Snake","Blood Vial","Anchor","Singing Bowl","Toxic Egg 2","Mummified Hand","Fusion Hammer","Whetstone","Potion Belt","Regal Pillow","StrikeDummy","DollysMirror","Necronomicon","Runic Dome","MawBank"],"acts_visited":["Exordium","TheCity","TheBeyond"],"potions_floor_usage":[7,7,16,23,50,50],"damage_taken":[{"damage":0,"enemies":"Small Slimes","floor":1,"turns":6},{"damage":7,"enemies":"2 Louse","floor":2,"turns":4},{"damage":1,"enemies":"Cultist","floor":3,"turns":4},{"damage":2,"enemies":"Blue Slaver","floor":5,"turns":5},{"damage":28,"enemies":"3 Sentries","floor":7,"turns":8},{"damage":7,"enemies":"Large Slime","floor":10,"turns":6},{"damage":4,"enemies":"2 Fungi Beasts","floor":11,"turns":3},{"damage":24,"enemies":"Lagavulin","floor":13,"turns":4},{"damage":4,"enemies":"Exordium Thugs","floor":14,"turns":3},{"damage":14,"enemies":"Hexaghost","floor":16,"turns":8},{"damage":9,"enemies":"Spheric Guardian","floor":18,"turns":4},{"damage":0,"enemies":"3 Byrds","floor":20,"turns":3},{"damage":12,"enemies":"Centurion and Healer","floor":22,"turns":5},{"damage":49,"enemies":"Slavers","floor":23,"turns":6},{"damage":4,"enemies":"3 Cultists","floor":25,"turns":6},{"damage":0,"enemies":"Gremlin Leader","floor":27,"turns":7},{"damage":16,"enemies":"Shelled Parasite and Fungi","floor":31,"turns":4},{"damage":16,"enemies":"Collector","floor":33,"turns":6},{"damage":16,"enemies":"Orb Walker","floor":35,"turns":4},{"damage":26,"enemies":"3 Darklings","floor":39,"turns":5},{"damage":2,"enemies":"4 Shapes","floor":42,"turns":4},{"damage":2,"enemies":"Spire Growth","floor":44,"turns":4},{"damage":12,"enemies":"Sphere and 2 Shapes","floor":46,"turns":5},{"damage":0,"enemies":"Maw","floor":47,"turns":5},{"damage":38,"enemies":"Awakened One","floor":50,"turns":10}],"seed_played":"2241029220587251993","potions_obtained":[{"floor":1,"key":"CunningPotion"},{"floor":3,"key":"Explosive Potion"},{"floor":7,"key":"DuplicationPotion"},{"floor":10,"key":"Energy Potion"},{"floor":13,"key":"FairyPotion"},{"floor":18,"key":"ColorlessPotion"},{"floor":31,"key":"DistilledChaos"},{"floor":35,"key":"LiquidMemories"},{"floor":39,"key":"BlessingOfTheForge"},{"floor":47,"key":"CunningPotion"}],"is_trial":false,"path_per_floor":["M","M","M","?","M","R","E","R","T","M","M","R","E","M","R","B",null,"M","?","M","$","M","E","R","M","T","E","R","$","?","M","R","B",null,"M","$","?","?","M","R","?","M","T","M","R","M","M","$","R","B",null],"character_chosen":"THE_SILENT","items_purchased":["Infinite Blades","Whetstone","DollysMirror","Burst+1","Mind Blast","Noxious Fumes"],"campfire_rested":8,"item_purchase_floors":[21,21,29,36,48,48],"current_hp_per_floor":[65,60,61,49,49,49,25,46,46,41,39,39,17,17,39,27,62,55,55,57,57,47,22,44,44,44,46,76,76,60,46,76,62,74,60,60,55,55,31,69,69,69,69,69,78,68,70,70,80,42],"gold":51,"neow_bonus":"RANDOM_COMMON_RELIC","is_daily":false,"chose_seed":false,"campfire_upgraded":2,"win_rate":0.0,"timestamp":1609995905,"path_taken":["M","M","M","?","M","R","E","R","T","M","M","R","E","M","R","BOSS","M","?","M","$","M","E","R","?","T","E","R","$","?","M","R","BOSS","M","$","?","?","?","R","?","?","T","M","R","M","M","$","R","BOSS"],"items_purchased_type":["Card","Relic","Relic","Card","Card","Card"],"build_version":"2020-12-22","purchased_purges":1,"victory":true,"max_hp_per_floor":[70,70,70,70,70,70,72,72,72,72,72,72,72,74,74,74,74,74,74,74,74,74,74,74,76,76,76,76,76,76,76,76,78,78,78,78,78,78,78,78,78,78,78,78,78,80,80,80,80,80],"card_choices":[{"not_picked":["Prepared","Well Laid Plans"],"picked":"Poisoned Stab","floor":1},{"not_picked":["Slice","Dagger Throw"],"picked":"Cloak And Dagger","floor":2},{"not_picked":["Heel Hook","Dagger Throw"],"picked":"Crippling Poison","floor":3},{"not_picked":["Predator","Well Laid Plans"],"picked":"Bouncing Flask","floor":5},{"not_picked":["Poisoned Stab","Storm of Steel","Dagger Throw"],"picked":"Singing Bowl","floor":7},{"not_picked":["Underhanded Strike","Well Laid Plans"],"picked":"Blade Dance+1","floor":10},{"not_picked":["Deflect+1","Poisoned Stab"],"picked":"Deadly Poison+1","floor":11},{"not_picked":["Venomology+1","Sucker Punch"],"picked":"Backflip+1","floor":13},{"not_picked":["PiercingWail+1","Dagger Throw","Poisoned Stab"],"picked":"Singing Bowl","floor":14},{"not_picked":["Phantasmal Killer+1","Venomology+1"],"picked":"After Image","floor":16},{"not_picked":["Outmaneuver+1","PiercingWail+1"],"picked":"Deadly Poison+1","floor":18},{"not_picked":["Prepared+1","Dagger Spray"],"picked":"Caltrops","floor":20},{"not_picked":["Flying Knee","Caltrops"],"picked":"Well Laid Plans+1","floor":22},{"not_picked":["Riddle With Holes","After Image"],"picked":"Dodge and Roll+1","floor":23},{"not_picked":["Well Laid Plans+1","Dagger Throw","Acrobatics+1"],"picked":"Singing Bowl","floor":25},{"not_picked":["Deadly Poison+1","Dagger Throw+1"],"picked":"Catalyst+1","floor":27},{"not_picked":["Quick Slash","Slice+1"],"picked":"Deflect+1","floor":31},{"not_picked":["Doppelganger+1","Glass Knife","Storm of Steel+1"],"picked":"Singing Bowl","floor":33},{"not_picked":["Dagger Throw","Deadly Poison+1"],"picked":"Backflip+1","floor":35},{"not_picked":["Finesse+1","Mayhem"],"picked":"HandOfGreed","floor":37},{"not_picked":["Forethought+1","Swift Strike"],"picked":"Flash of Steel","floor":37},{"not_picked":["Cloak And Dagger+1","Dodge and Roll+1"],"picked":"Terror+1","floor":39},{"not_picked":["Escape Plan+1","Deadly Poison+1"],"picked":"Backflip+1","floor":42},{"not_picked":["Grand Finale","Underhanded Strike+1"],"picked":"Catalyst+1","floor":44},{"not_picked":["Cloak And Dagger+1","Heel Hook+1","All Out Attack"],"picked":"Singing Bowl","floor":46},{"not_picked":["Deadly Poison+1","Escape Plan+1"],"picked":"Crippling Poison+1","floor":47}],"player_experience":1262745,"relics_obtained":[{"floor":7,"key":"Singing Bowl"},{"floor":9,"key":"Toxic Egg 2"},{"floor":13,"key":"Mummified Hand"},{"floor":23,"key":"Potion Belt"},{"floor":26,"key":"Regal Pillow"},{"floor":27,"key":"StrikeDummy"},{"floor":30,"key":"Necronomicon"},{"floor":43,"key":"MawBank"}],"event_choices":[{"damage_healed":0,"gold_gain":0,"player_choice":"Success","damage_taken":12,"relics_obtained":["Anchor"],"max_hp_gain":0,"max_hp_loss":0,"event_name":"Scrap Ooze","floor":4,"gold_loss":0},{"damage_healed":0,"gold_gain":0,"player_choice":"Bought 0 Potions","damage_taken":0,"max_hp_gain":0,"max_hp_loss":0,"event_name":"The Woman in Blue","floor":19,"gold_loss":0},{"damage_healed":0,"gold_gain":0,"player_choice":"Obtained Book","damage_taken":16,"max_hp_gain":0,"max_hp_loss":0,"event_name":"Cursed Tome","floor":30,"gold_loss":0},{"damage_healed":0,"gold_gain":0,"player_choice":"Memory 2","damage_taken":5,"max_hp_gain":0,"max_hp_loss":0,"event_name":"SensoryStone","floor":37,"gold_loss":0},{"damage_healed":0,"gold_gain":0,"player_choice":"Cursed","damage_taken":0,"max_hp_gain":0,"max_hp_loss":0,"event_name":"Wheel of Change","floor":38,"gold_loss":0,"cards_obtained":["Decay"]},{"damage_healed":0,"gold_gain":0,"cards_transformed":["Defend_G"],"player_choice":"Transformed","damage_taken":0,"max_hp_gain":0,"max_hp_loss":0,"event_name":"Transmorgrifier","floor":41,"gold_loss":0,"cards_obtained":["Noxious Fumes"]}],"is_beta":false,"boss_relics":[{"not_picked":["Busted Crown","Calling Bell"],"picked":"Fusion Hammer"},{"not_picked":["HoveringKite","Pandora\u0027s Box"],"picked":"Runic Dome"}],"items_purged_floors":[21],"is_endless":false,"potions_floor_spawned":[1,3,7,10,13,18,20,31,35,39,47],"ascension_level":13}}