{"host":"ordk2y2ebcetabk6","time":1609998597,"event":{"mods":["BaseMod","Better Debug","Colored Map","Colored Powertips","Downfall","Highlight Path","Minty Spire (QoL Compilation)","Permanent Neow","Rare Cards Sparkle","StSLib"],"gold_per_floor":[99,117,129,129,145,45,45,56,13,47,62,19,19,29,49,49,49],"floor_reached":16,"playtime":720,"items_purged":[],"score":104,"play_id":"6b298f61-adbb-4799-a089-ffad9e311fff","local_time":"20210106224957","is_ascension_mode":false,"campfire_choices":[{"floor":1.0,"key":"RECALL"},{"data":"bronze:BugBarrage","floor":6.0,"key":"SMITH"},{"data":"bronze:Mutator","floor":13.0,"key":"SMITH"}],"circlet_count":0,"master_deck":["bronze:Strike","bronze:Strike","bronze:Strike","bronze:Strike","bronze:Defend","bronze:Defend","bronze:Defend","bronze:Defend","bronze:Replicate+1","bronze:Goto","bronze:CutThrough","bronze:BugBarrage+1","bronze:BuggyMess","bronze:WhirlingStrike","bronze:BugBarrage","bronze:Return","bronze:Mutator+1","bronze:Shield","bronze:BugBarrage","bronze:Repulsor","bronze:Branch","bronze:WildBeam"],"relics":["bronze:BronzeCore","downfall:HeartBlessingRed","The Courier","Omamori"],"acts_visited":["Exordium"],"potions_floor_usage":[],"damage_taken":[{"damage":0.0,"enemies":"Small Slimes","floor":2.0,"turns":4.0},{"damage":2.0,"enemies":"2 Louse","floor":3.0,"turns":3.0},{"damage":1.0,"enemies":"Jaw Worm","floor":5.0,"turns":2.0},{"damage":7.0,"enemies":"Blue Slaver","floor":8.0,"turns":3.0},{"damage":0.0,"enemies":"downfall:FleeingMerchant","floor":9.0,"turns":4.0},{"damage":28.0,"enemies":"Lagavulin","floor":10.0,"turns":5.0},{"damage":12.0,"enemies":"Exordium Thugs","floor":11.0,"turns":4.0},{"damage":5.0,"enemies":"downfall:FleeingMerchant","floor":12.0,"turns":4.0},{"damage":2.0,"enemies":"2 Fungi Beasts","floor":14.0,"turns":2.0},{"damage":0.0,"enemies":"3 Louse","floor":15.0,"turns":2.0},{"damage":9,"enemies":"downfall:Watcher","floor":16,"turns":4}],"seed_played":"90725193024144883","potions_obtained":[{"floor":10.0,"key":"sneckomod:MuddlingPotion"},{"floor":14.0,"key":"LiquidMemories"},{"floor":15.0,"key":"hexamod:SoulburnPotion"}],"is_trial":false,"path_per_floor":["R","M","M","?","M","R","T","M","$","E","M","$","R","M","M","B"],"character_chosen":"THE_AUTOMATON","items_purchased":["bronze:Return","bronze:Repulsor"],"campfire_rested":0,"item_purchase_floors":[9,12],"current_hp_per_floor":[70,70,70,70,69,69,69,62,62,34,22,17,17,15,15,6,6],"gold":49,"neow_bonus":"UPGRADE_CARD","is_daily":false,"chose_seed":false,"campfire_upgraded":2,"win_rate":0.0,"timestamp":1609998597,"path_taken":["R","M","M","?","M","R","T","M","$","E","M","$","R","M","M","BOSS"],"items_purchased_type":["Card","Card"],"build_version":"2020-12-22","purchased_purges":0,"victory":false,"max_hp_per_floor":[70,70,70,70,70,70,70,70,70,70,70,70,70,70,70,70,70],"card_choices":[{"not_picked":["bronze:DelayedSlice","bronze:Deprecate"],"picked":"bronze:CutThrough","floor":2.0},{"not_picked":["bronze:ClassDefault","bronze:Frontload"],"picked":"bronze:BugBarrage","floor":3.0},{"not_picked":["bronze:BronzeArmor","bronze:MaxOutput"],"picked":"bronze:BuggyMess","floor":5.0},{"not_picked":["bronze:Optimize","bronze:Shell"],"picked":"bronze:WhirlingStrike","floor":8.0},{"not_picked":["bronze:ForceShield","bronze:CutThrough"],"picked":"bronze:BugBarrage","floor":9.0},{"not_picked":["bronze:WildBeam","bronze:BuggyMess"],"picked":"bronze:Mutator","floor":10.0},{"not_picked":["bronze:CloningBeam","bronze:ChildClass"],"picked":"bronze:Shield","floor":11.0},{"not_picked":["bronze:ForceShield","bronze:FineTuning"],"picked":"bronze:BugBarrage","floor":12.0},{"not_picked":["bronze:Iterate","bronze:DelayedGuard"],"picked":"bronze:Branch","floor":14.0},{"not_picked":["bronze:FineTuning","bronze:BitShift"],"picked":"bronze:WildBeam","floor":15.0}],"player_experience":993311,"relics_obtained":[{"floor":7.0,"key":"The Courier"},{"floor":10.0,"key":"Omamori"}],"event_choices":[],"is_beta":false,"boss_relics":[],"items_purged_floors":[],"is_endless":false,"potions_floor_spawned":[10,14,15],"killed_by":"downfall:Watcher","ascension_level":0}}