{"host":"7sni158j623xchr2","time":1609998913,"event":{"mods":["BaseMod","Colored Map","Highlight Path","Minty Spire (QoL Compilation)","Permanent Neow","Potion Indicator Mod","Rare Cards Sparkle","Relic Sorter","Relic Stats","StSLib","everything is the same but u backflip on backflip"],"gold_per_floor":[109,109,109,122,141,141,155,194,194,344,344,358,393,43,43,43,43],"floor_reached":16,"playtime":592,"items_purged":["Doubt"],"score":270,"play_id":"133f2568-0258-4981-acb0-49d90d5338d3","local_time":"20210106235513","is_ascension_mode":true,"campfire_choices":[{"data":"Dash","floor":6,"key":"SMITH"},{"data":"Neutralize","floor":11,"key":"SMITH"},{"floor":15,"key":"REST"}],"circlet_count":0,"master_deck":["AscendersBane","Strike_G","Strike_G","Strike_G","Strike_G","Strike_G","Defend_G","Defend_G","Defend_G","Defend_G","Defend_G","Survivor","Neutralize+1","Dash+1","Footwork","Dodge and Roll","Quick Slash","Burst"],"relics":["Ring of the Snake","Turnip","White Beast Statue","Golden Idol","HornCleat","Letter Opener","Prayer Wheel","Toxic Egg 2"],"acts_visited":["Exordium"],"potions_floor_usage":[8,8,8,8,13,13,16],"damage_taken":[{"damage":3,"enemies":"Jaw Worm","floor":1,"turns":6},{"damage":12,"enemies":"Small Slimes","floor":4,"turns":5},{"damage":0,"enemies":"Cultist","floor":5,"turns":5},{"damage":3,"enemies":"Exordium Wildlife","floor":7,"turns":10},{"damage":0,"enemies":"3 Sentries","floor":8,"turns":11},{"damage":0,"enemies":"3 Louse","floor":12,"turns":4},{"damage":20,"enemies":"Lagavulin","floor":13,"turns":12},{"damage":28,"enemies":"Slime Boss","floor":16,"turns":12}],"seed_played":"-6441484390787798447","potions_obtained":[{"floor":1,"key":"SteroidPotion"},{"floor":4,"key":"EntropicBrew"},{"floor":7,"key":"AttackPotion"},{"floor":8,"key":"PowerPotion"},{"floor":12,"key":"FearPotion"},{"floor":13,"key":"Swift Potion"}],"is_trial":false,"path_per_floor":["M","?","?","M","M","R","M","E","T","?","R","M","E","$","R","B"],"character_chosen":"THE_SILENT","items_purchased":["Toxic Egg 2"],"campfire_rested":1,"item_purchase_floors":[14],"current_hp_per_floor":[56,45,45,33,33,33,30,30,30,30,30,30,10,10,26,0,0],"gold":43,"neow_bonus":"ONE_RARE_RELIC","is_daily":false,"chose_seed":false,"campfire_upgraded":2,"win_rate":0.0,"timestamp":1609998913,"path_taken":["M","?","?","M","M","R","M","E","T","?","R","?","E","?","R","BOSS"],"items_purchased_type":["Relic"],"build_version":"2020-12-22","purchased_purges":1,"victory":false,"max_hp_per_floor":[60,60,54,54,54,54,54,54,54,54,54,54,54,54,54,54,54],"relic_stats":{"counters":[8,65],"Golden Idol":28,"Prayer Wheel":0,"Turnip":[14],"Letter Opener":[30],"obtain_stats":[{"HornCleat":8,"Golden Idol":3,"Prayer Wheel":13,"Turnip":0,"Letter Opener":9,"Toxic Egg 2":14,"White Beast Statue":2,"Ring of the Snake":0},{"HornCleat":5,"Golden Idol":1,"Prayer Wheel":7,"Turnip":0,"Letter Opener":5,"Toxic Egg 2":7,"White Beast Statue":1,"Ring of the Snake":0},{"HornCleat":37,"Golden Idol":6,"Prayer Wheel":53,"Turnip":0,"Letter Opener":37,"Toxic Egg 2":53,"White Beast Statue":6,"Ring of the Snake":0}],"Ring of the Snake":[16]},"card_choices":[{"not_picked":["Backstab","Bane"],"picked":"Dash","floor":1},{"not_picked":["Slice","Skewer"],"picked":"Footwork","floor":4},{"not_picked":["Eviscerate","Accuracy"],"picked":"Dodge and Roll","floor":5},{"not_picked":["Bane","Endless Agony","Finisher"],"picked":"SKIP","floor":7},{"not_picked":["Deflect","Slice"],"picked":"Quick Slash","floor":8},{"not_picked":["Sucker Punch","Eviscerate","Concentrate"],"picked":"SKIP","floor":12},{"not_picked":["Prepared","Expertise"],"picked":"Burst","floor":13}],"player_experience":1602891,"relics_obtained":[{"floor":8,"key":"HornCleat"},{"floor":9,"key":"Letter Opener"},{"floor":13,"key":"Prayer Wheel"}],"event_choices":[{"damage_healed":0,"gold_gain":0,"player_choice":"Success","damage_taken":11,"relics_obtained":["White Beast Statue"],"max_hp_gain":0,"max_hp_loss":0,"event_name":"Scrap Ooze","floor":2,"gold_loss":0},{"damage_healed":0,"gold_gain":0,"player_choice":"Lose Max HP","damage_taken":0,"relics_obtained":["Golden Idol"],"max_hp_gain":0,"max_hp_loss":6,"event_name":"Golden Idol","floor":3,"gold_loss":0},{"damage_healed":0,"gold_gain":150,"player_choice":"AGREE","damage_taken":0,"max_hp_gain":0,"max_hp_loss":0,"event_name":"Liars Game","floor":10,"gold_loss":0,"cards_obtained":["Doubt"]}],"is_beta":false,"boss_relics":[],"items_purged_floors":[14],"is_endless":false,"potions_floor_spawned":[1,4,5,7,8,12,13],"killed_by":"Slime Boss","ascension_level":20}}