{"host":"0xtpc43j5kblke7u","time":1609990231,"event":{"mods":["AchievementEnabler","BaseMod","Colored Map","Highlight Path","Minty Spire (QoL Compilation)"],"gold_per_floor":[113,125,139,139,25,25,58,70,70,82,62,62,97,109,109,205,205,215,70,70,70,90,119,119,152,178,195,195,195,211,244,244,344,344,355,212,223,147,166,194,194,211,211,211,211,223,235,254,254,254,254],"floor_reached":50,"playtime":3479,"items_purged":["Strike_R"],"score":1004,"play_id":"2f7ec721-4cbb-4f0f-9402-eb5f72e1d5ba","local_time":"20210106223031","is_ascension_mode":true,"campfire_choices":[{"data":"True Grit","floor":6.0,"key":"SMITH"},{"data":"Metallicize","floor":12.0,"key":"SMITH"},{"data":"Disarm","floor":15.0,"key":"SMITH"},{"data":"Shockwave","floor":24.0,"key":"SMITH"},{"floor":32.0,"key":"REST"},{"data":"Corruption","floor":41.0,"key":"SMITH"},{"data":"Disarm","floor":44.0,"key":"SMITH"},{"floor":49.0,"key":"REST"}],"circlet_count":0,"master_deck":["AscendersBane","Strike_R+1","Strike_R+1","Strike_R+1","Strike_R+1","Defend_R+1","Defend_R+1","Defend_R+1","Defend_R+1","Bash","True Grit+1","Iron Wave","Inflame","Twin Strike","Flash of Steel","Metallicize","Cleave","Armaments","Battle Trance+1","Metallicize+1","Disarm+1","Shrug It Off","Limit Break+1","Shockwave+1","Feel No Pain","Carnage","Shrug It Off","Corruption+1","Ghostly Armor+1","Disarm+1","True Grit+1","Disarm"],"relics":["Burning Blood","InkBottle","Ornamental Fan","PreservedInsect","Cursed Key","Omamori","Dead Branch","Regal Pillow","MealTicket","Sozu","Bronze Scales","Ice Cream","War Paint"],"acts_visited":[],"potions_floor_usage":[],"damage_taken":[{"damage":1.0,"enemies":"Cultist","floor":1.0,"turns":4.0},{"damage":0.0,"enemies":"2 Louse","floor":2.0,"turns":4.0},{"damage":10.0,"enemies":"Small Slimes","floor":3.0,"turns":4.0},{"damage":37.0,"enemies":"Gremlin Nob","floor":7.0,"turns":5.0},{"damage":15.0,"enemies":"Red Slaver","floor":8.0,"turns":4.0},{"damage":8.0,"enemies":"Large Slime","floor":10.0,"turns":6.0},{"damage":17.0,"enemies":"Lagavulin","floor":13.0,"turns":6.0},{"damage":3.0,"enemies":"Blue Slaver","floor":14.0,"turns":6.0},{"damage":0.0,"enemies":"Hexaghost","floor":16.0,"turns":11.0},{"damage":0.0,"enemies":"3 Byrds","floor":18.0,"turns":7.0},{"damage":23.0,"enemies":"Spheric Guardian","floor":22.0,"turns":6.0},{"damage":5.0,"enemies":"Book of Stabbing","floor":23.0,"turns":6.0},{"damage":0.0,"enemies":"Gremlin Leader","floor":25.0,"turns":5.0},{"damage":11.0,"enemies":"Chosen and Byrds","floor":27.0,"turns":8.0},{"damage":14.0,"enemies":"Shelled Parasite and Fungi","floor":30.0,"turns":5.0},{"damage":12.0,"enemies":"Book of Stabbing","floor":31.0,"turns":4.0},{"damage":22.0,"enemies":"Champ","floor":33.0,"turns":15.0},{"damage":26.0,"enemies":"3 Darklings","floor":35.0,"turns":4.0},{"damage":1.0,"enemies":"3 Shapes","floor":37.0,"turns":6.0},{"damage":14.0,"enemies":"Maw","floor":39.0,"turns":6.0},{"damage":0.0,"enemies":"Giant Head","floor":40.0,"turns":6.0},{"damage":18.0,"enemies":"Jaw Worm Horde","floor":42.0,"turns":5.0},{"damage":10.0,"enemies":"Sphere and 2 Shapes","floor":46.0,"turns":5.0},{"damage":15.0,"enemies":"Writhing Mass","floor":47.0,"turns":4.0},{"damage":21.0,"enemies":"Maw","floor":48.0,"turns":6.0},{"damage":114,"enemies":"Awakened One","floor":50,"turns":12}],"seed_played":"-3957391360934884587","potions_obtained":[{"floor":3.0,"key":"Weak Potion"},{"floor":8.0,"key":"SkillPotion"},{"floor":10.0,"key":"FairyPotion"},{"floor":11.0,"key":"Dexterity Potion"},{"floor":14.0,"key":"FearPotion"},{"floor":23.0,"key":"Block Potion"},{"floor":27.0,"key":"AttackPotion"},{"floor":31.0,"key":"Regen Potion"},{"floor":33.0,"key":"AttackPotion"}],"is_trial":false,"path_per_floor":["M","M","M","?","$","R","E","M","T","M","?","R","E","M","R","B",null,"M","$","?","?","M","E","R","E","T","M","?","?","M","E","R","B",null,"M","$","M","$","M","E","R","M","T","R","?","M","M","M","R","B"],"character_chosen":"IRONCLAD","items_purchased":["Metallicize","Cleave","Feel No Pain","Bronze Scales","Ghostly Armor"],"campfire_rested":2,"item_purchase_floors":[5,5,19,36,38],"current_hp_per_floor":[77,80,76,76,76,76,45,36,36,34,34,34,23,26,26,32,68,74,74,74,74,57,58,58,64,64,59,59,53,45,39,78,62,76,56,71,76,80,80,80,80,68,68,68,68,64,55,40,79,0,0],"gold":254,"neow_bonus":"THREE_CARDS","is_daily":false,"chose_seed":false,"campfire_upgraded":6,"win_rate":0.0,"timestamp":1609990231,"path_taken":["M","?","M","?","$","R","E","M","T","?","?","R","E","M","R","BOSS","M","?","?","?","M","E","R","E","T","?","?","?","M","E","R","BOSS","M","$","M","$","?","E","R","M","T","R","?","?","M","?","R","BOSS"],"items_purchased_type":["Card","Card","Card","Relic","Card"],"build_version":"2020-12-22","purchased_purges":1,"victory":false,"max_hp_per_floor":[80,80,80,80,80,80,80,80,80,80,80,80,80,80,80,80,80,80,80,80,80,80,80,80,80,80,80,80,80,80,80,80,80,80,80,80,80,80,80,80,80,80,80,80,80,80,80,80,80,80,80],"card_choices":[{"not_picked":["Searing Blow","Body Slam"],"picked":"True Grit","floor":0.0},{"not_picked":["Headbutt","Thunderclap"],"picked":"Iron Wave","floor":1.0},{"not_picked":["Intimidate","Fire Breathing"],"picked":"Inflame","floor":2.0},{"not_picked":["Blood for Blood","Wild Strike"],"picked":"Twin Strike","floor":3.0},{"not_picked":["Evolve","True Grit"],"picked":"Armaments","floor":7.0},{"not_picked":["Havoc","Thunderclap"],"picked":"Battle Trance","floor":8.0},{"not_picked":["Blood for Blood","Pommel Strike"],"picked":"Metallicize","floor":10.0},{"not_picked":["Havoc","Demon Form"],"picked":"Disarm","floor":13.0},{"not_picked":["Armaments","Havoc"],"picked":"Shrug It Off","floor":14.0},{"not_picked":["Exhume","Offering"],"picked":"Limit Break","floor":16.0},{"not_picked":["Shrug It Off","Warcry"],"picked":"Shockwave","floor":18.0},{"not_picked":["Cleave","Shockwave","Iron Wave"],"picked":"SKIP","floor":22.0},{"not_picked":["Thunderclap","Perfected Strike","Dropkick+1"],"picked":"SKIP","floor":23.0},{"not_picked":["Havoc+1","Immolate"],"picked":"Carnage","floor":25.0},{"not_picked":["Body Slam+1","Rage","Havoc"],"picked":"SKIP","floor":27.0},{"not_picked":["Searing Blow","Armaments","Rupture"],"picked":"SKIP","floor":30.0},{"not_picked":["Havoc","Warcry"],"picked":"Shrug It Off","floor":31.0},{"not_picked":["Immolate","Bludgeon"],"picked":"Corruption","floor":33.0},{"not_picked":["Perfected Strike","Body Slam+1","Burning Pact"],"picked":"SKIP","floor":35.0},{"not_picked":["Pommel Strike","True Grit","Flex+1"],"picked":"SKIP","floor":37.0},{"not_picked":["Shockwave","Clothesline"],"picked":"Fiend Fire","floor":39.0},{"not_picked":["Dark Embrace","Hemokinesis+1","Clash+1"],"picked":"SKIP","floor":40.0},{"not_picked":["Searing Blow","Rage"],"picked":"Disarm","floor":42.0},{"not_picked":["Anger","Bloodletting","Body Slam+1"],"picked":"SKIP","floor":46.0},{"not_picked":["Armaments","Thunderclap+1"],"picked":"True Grit+1","floor":47.0},{"not_picked":["Heavy Blade","Rage"],"picked":"Disarm","floor":48.0}],"player_experience":613685,"relics_obtained":[{"floor":7.0,"key":"InkBottle"},{"floor":9.0,"key":"Ornamental Fan"},{"floor":13.0,"key":"PreservedInsect"},{"floor":23.0,"key":"Omamori"},{"floor":25.0,"key":"Dead Branch"},{"floor":26.0,"key":"Regal Pillow"},{"floor":31.0,"key":"MealTicket"},{"floor":40.0,"key":"Ice Cream"},{"floor":43.0,"key":"War Paint"}],"event_choices":[{"damage_healed":0.0,"max_hp_gain":0.0,"max_hp_loss":0.0,"gold_gain":0.0,"event_name":"Match and Keep!","player_choice":"1 cards matched","floor":4.0,"gold_loss":0.0,"damage_taken":0.0,"cards_obtained":["Flash of Steel"]},{"damage_healed":0.0,"max_hp_gain":0.0,"max_hp_loss":0.0,"gold_gain":0.0,"event_name":"Match and Keep!","player_choice":"1 cards matched","floor":4.0,"gold_loss":0.0,"damage_taken":0.0,"cards_obtained":["Flash of Steel"]},{"damage_healed":0.0,"max_hp_gain":0.0,"max_hp_loss":0.0,"gold_gain":0.0,"event_name":"The Woman in Blue","player_choice":"Bought 1 Potion","floor":11.0,"gold_loss":0.0,"damage_taken":0.0},{"damage_healed":0.0,"max_hp_gain":0.0,"max_hp_loss":0.0,"gold_gain":0.0,"event_name":"Cursed Tome","player_choice":"Ignored","floor":20.0,"gold_loss":0.0,"damage_taken":0.0},{"damage_healed":0.0,"max_hp_gain":0.0,"max_hp_loss":0.0,"gold_gain":0.0,"event_name":"Upgrade Shrine","player_choice":"Upgraded","floor":21.0,"gold_loss":0.0,"damage_taken":0.0,"cards_upgraded":["Limit Break"]},{"damage_healed":0.0,"max_hp_gain":0.0,"max_hp_loss":0.0,"gold_gain":0.0,"event_name":"Back to Basics","player_choice":"Simplicity","floor":28.0,"gold_loss":0.0,"damage_taken":0.0,"cards_upgraded":["Strike_R","Strike_R","Strike_R","Strike_R","Defend_R","Defend_R","Defend_R","Defend_R"]},{"damage_healed":0.0,"max_hp_gain":0.0,"max_hp_loss":0.0,"gold_gain":0.0,"event_name":"Knowing Skull","player_choice":"","floor":29.0,"potions_obtained":[],"gold_loss":0.0,"damage_taken":6.0,"cards_obtained":[]},{"cards_removed":["Fiend Fire"],"damage_healed":0.0,"max_hp_gain":0.0,"max_hp_loss":0.0,"gold_gain":0.0,"event_name":"Purifier","player_choice":"Purged","floor":45.0,"gold_loss":0.0,"damage_taken":0.0}],"is_beta":false,"boss_relics":[{"not_picked":["Pandora\u0027s Box","Black Blood"],"picked":"Cursed Key"},{"not_picked":["Busted Crown","Mark of Pain"],"picked":"Sozu"}],"items_purged_floors":[19],"is_endless":false,"potions_floor_spawned":[3,8,10,14,23,27,31,33,37,39,40,48],"killed_by":"Awakened One","ascension_level":10}}