{"host":"6gnjg44wf0nz538o","time":1609981700,"event":{"mods":["AchievementEnabler","BaseMod","BetterRewards","Colored Map","Minty Spire (QoL Compilation)","Replay The Spire","Spicy Shops","StSLib","The Servant 0.9.4"],"gold_per_floor":[117,117,117,132,142,142,158,158,182,182,201,201,220,238,238,317,317,328,14,14,0,10,10,10,10],"floor_reached":24,"playtime":620,"items_purged":["Defend_R"],"score":504,"play_id":"d360d5db-e86e-443d-addd-c162b54e5b08","local_time":"20210106200820","is_ascension_mode":true,"campfire_choices":[{"data":"Inflame","floor":6.0,"key":"SMITH"},{"data":"Clash","floor":10.0,"key":"SMITH"},{"floor":12.0,"key":"REST"},{"floor":23,"key":"REST"}],"circlet_count":0,"master_deck":["AscendersBane","Strike_R","Strike_R","Strike_R","Strike_R","Strike_R","Defend_R+1","Defend_R","Bash","Inflame+1","Clash+1","Perfected Strike+1","Flex+1","Rampage","Limit Break+1","ReplayTheSpireMod:Splinters","Doubt","CommonCold","Anger"],"relics":["Burning Blood","Bag of Preparation","Replay:Ancient Bell","War Paint","Blue Candle","Gambling Chip","TungstenRod"],"acts_visited":["Exordium","TheCity"],"potions_floor_usage":[22,22],"damage_taken":[{"damage":12.0,"enemies":"Jaw Worm","floor":1.0,"turns":3.0},{"damage":4.0,"enemies":"Small Slimes","floor":4.0,"turns":4.0},{"damage":6.0,"enemies":"Cultist","floor":5.0,"turns":3.0},{"damage":7.0,"enemies":"Large Slime","floor":7.0,"turns":5.0},{"damage":30.0,"enemies":"Gremlin Gang","floor":11.0,"turns":4.0},{"damage":6.0,"enemies":"2 Fungi Beasts","floor":13.0,"turns":3.0},{"damage":6.0,"enemies":"Exordium Wildlife","floor":14.0,"turns":3.0},{"damage":51.0,"enemies":"The Guardian","floor":16.0,"turns":8.0},{"damage":44.0,"enemies":"3 Byrds","floor":18.0,"turns":5.0},{"damage":24,"enemies":"2 Thieves","floor":22,"turns":3},{"damage":43,"enemies":"Slavers","floor":24,"turns":2}],"seed_played":"-5024261935521750851","potions_obtained":[{"floor":11.0,"key":"Strength Potion"},{"floor":13.0,"key":"Strength Potion"}],"is_trial":false,"path_per_floor":["M","?","?","M","M","R","M","?","T","R","M","R","M","M","R_BF","B",null,"M","$","?","?","M","R","E"],"character_chosen":"IRONCLAD","items_purchased":["Inflame","TungstenRod"],"campfire_rested":2,"item_purchase_floors":[0,19],"current_hp_per_floor":[62,67,67,69,69,69,68,68,68,68,44,68,68,68,80,35,69,31,31,31,31,13,37,0,0],"gold":10,"neow_bonus":"","is_daily":false,"chose_seed":false,"campfire_upgraded":2,"win_rate":0.0,"timestamp":1609981700,"path_taken":["M","?","?","M","?","R","M","?","T","R","M","R","M","M","R_BF","BOSS","M","$","?","?","?","R","E"],"items_purchased_type":["Card","Relic"],"build_version":"2020-12-22","purchased_purges":1,"victory":false,"max_hp_per_floor":[75,80,80,80,80,80,80,80,80,80,80,80,80,80,80,80,80,80,80,80,80,80,80,80,80],"card_choices":[{"not_picked":["Replay:Undeath\u0027s Touch","ReplayTheSpireMod:Muscle Training","Burning Pact"],"picked":"SKIP","floor":1.0},{"not_picked":["Reckless Charge","Shrug It Off","True Grit"],"picked":"SKIP","floor":4.0},{"not_picked":["Heavy Blade","Warcry"],"picked":"Clash","floor":5.0},{"not_picked":["Cleave","Combust"],"picked":"Perfected Strike","floor":7.0},{"not_picked":["Body Slam","ReplayTheSpireMod:Strike From Hell"],"picked":"Flex","floor":11.0},{"not_picked":["Body Slam","Ghostly Armor","Wild Strike"],"picked":"SKIP","floor":13.0},{"not_picked":["Sever Soul","Defy Death"],"picked":"Rampage","floor":14.0},{"not_picked":["Reaper","Brutality"],"picked":"Limit Break","floor":16.0},{"not_picked":["Shame","Voices"],"picked":"ReplayTheSpireMod:Splinters","floor":17.0},{"not_picked":["CurseOfTheBell","ReplayTheSpireMod:Faulty Equipment"],"picked":"Doubt","floor":17.0},{"not_picked":["Decay","Injury"],"picked":"CommonCold","floor":17.0},{"not_picked":["Seeing Red","Armaments","Feel No Pain+1"],"picked":"SKIP","floor":18.0},{"not_picked":["Rampage","Twin Strike"],"picked":"Anger","floor":22}],"player_experience":521405,"relics_obtained":[{"floor":9.0,"key":"Bag of Preparation"}],"event_choices":[{"damage_healed":0.0,"max_hp_gain":5.0,"max_hp_loss":0.0,"gold_gain":0.0,"event_name":"Big Fish","player_choice":"Donut","floor":2.0,"gold_loss":0.0,"damage_taken":0.0},{"damage_healed":0.0,"max_hp_gain":0.0,"max_hp_loss":0.0,"gold_gain":0.0,"event_name":"Living Wall","player_choice":"Grow","floor":8.0,"gold_loss":0.0,"damage_taken":0.0,"cards_upgraded":["Perfected Strike"]},{"damage_healed":0.0,"max_hp_gain":0.0,"max_hp_loss":0.0,"gold_gain":0.0,"event_name":"Ghosts","player_choice":"Ignored","floor":20.0,"gold_loss":0.0,"damage_taken":0.0},{"damage_healed":0.0,"max_hp_gain":0.0,"max_hp_loss":0.0,"gold_gain":0.0,"event_name":"Masked Bandits","player_choice":"Paid Fearfully","floor":21.0,"gold_loss":14.0,"damage_taken":0.0}],"is_beta":false,"boss_relics":[{"not_picked":["Abe\u0027s Treasure","Replay:Wanted Poster"],"picked":"Replay:Ancient Bell"},{"not_picked":["Replay:Rubber Ducky","Toy Ornithopter"],"picked":"War Paint"},{"not_picked":["Kunai","Sundial"],"picked":"Blue Candle"},{"not_picked":["Calipers","Prayer Wheel"],"picked":"Gambling Chip"}],"items_purged_floors":[0],"is_endless":false,"potions_floor_spawned":[11,13,14,18],"killed_by":"Slavers","ascension_level":15}}