{"host":"ig7tc0uedzltt2sr","time":1609995698,"event":{"mods":["BaseMod","Better Twitch Integration","Block Reminder","Colored Map","Colored Powertips","Communication Mod","Current Relic Mod","GifTheSpireLib","HexUI Lib","Minty Spire (QoL Compilation)","Quick Restart","Random Character Button","Rare Cards Sparkle","Relic Sorter","Relic Stats","Slay the Relics Exporter","StSLib","SuperFastMode","Synergy Search","Twitch Decklist","Twitch Utils","everything is the same but u backflip on backflip","slay the spire mod where everything is the same but ironclad has a cowboy hat"],"gold_per_floor":[14,33,33,33,46,46,65,93,93,105,124,61,75,75,75,75,75],"floor_reached":16,"playtime":134,"items_purged":[],"score":104,"play_id":"c41e54b9-9196-4b38-9efe-d0fb9c0a7016","local_time":"20210106210138","is_ascension_mode":false,"campfire_choices":[{"floor":6,"key":"REST"},{"floor":15,"key":"RECALL"}],"circlet_count":0,"master_deck":["Strike_R+1","Strike_R","Strike_R","Strike_R","Defend_R","Defend_R","Bash","Uppercut","Cleave","Headbutt","Disarm","Fiend Fire","Flame Barrier","Intimidate","Body Slam"],"relics":["Burning Blood","Thread and Needle","Sundial","Golden Idol"],"acts_visited":["Exordium"],"potions_floor_usage":[],"damage_taken":[{"damage":2,"enemies":"Small Slimes","floor":1,"turns":6},{"damage":0,"enemies":"2 Louse","floor":2,"turns":3},{"damage":12,"enemies":"Cultist","floor":5,"turns":5},{"damage":5,"enemies":"Exordium Wildlife","floor":7,"turns":5},{"damage":52,"enemies":"3 Sentries","floor":8,"turns":8},{"damage":9,"enemies":"Gremlin Gang","floor":10,"turns":8},{"damage":8,"enemies":"Large Slime","floor":11,"turns":10},{"damage":9,"enemies":"Blue Slaver","floor":13,"turns":4},{"damage":9,"enemies":"The Guardian","floor":16,"turns":3}],"seed_played":"659671785072879372","potions_obtained":[{"floor":5,"key":"Block Potion"},{"floor":10,"key":"ColorlessPotion"},{"floor":13,"key":"Fire Potion"}],"is_trial":false,"path_per_floor":["M","M","?","?","M","R","M","E","T","M","M","?","M","?","R","B"],"character_chosen":"IRONCLAD","items_purchased":[],"campfire_rested":1,"item_purchase_floors":[],"current_hp_per_floor":[80,80,80,80,74,80,80,34,34,31,29,29,26,6,6,0,0],"gold":75,"neow_bonus":"REMOVE_TWO","is_daily":false,"chose_seed":false,"campfire_upgraded":0,"win_rate":0.0,"timestamp":1609995698,"path_taken":["M","M","?","?","?","R","M","E","T","M","M","?","?","?","R","BOSS"],"items_purchased_type":[],"build_version":"2020-12-22","purchased_purges":0,"victory":false,"max_hp_per_floor":[80,80,80,80,80,80,80,80,80,80,80,80,80,80,80,80,80],"relic_stats":{"counters":[9,52],"Sundial":[0],"Golden Idol":0,"obtain_stats":[{"Sundial":12,"Golden Idol":14,"Thread and Needle":8,"Burning Blood":0},{"Sundial":7,"Golden Idol":8,"Thread and Needle":5,"Burning Blood":0},{"Sundial":45,"Golden Idol":49,"Thread and Needle":27,"Burning Blood":0}],"Burning Blood":37},"card_choices":[{"not_picked":["Clothesline","Intimidate"],"picked":"Uppercut","floor":1},{"not_picked":["Shrug It Off","Wild Strike"],"picked":"Cleave","floor":2},{"not_picked":["Rupture","Anger"],"picked":"Headbutt","floor":5},{"not_picked":["Body Slam","Anger"],"picked":"Disarm","floor":7},{"not_picked":["Pommel Strike","Body Slam"],"picked":"Fiend Fire","floor":8},{"not_picked":["Burning Pact","Evolve"],"picked":"Flame Barrier","floor":10},{"not_picked":["Twin Strike","Sword Boomerang"],"picked":"Intimidate","floor":11},{"not_picked":["Clothesline","Flame Barrier"],"picked":"Body Slam","floor":13}],"player_experience":1446381,"relics_obtained":[{"floor":8,"key":"Thread and Needle"}],"event_choices":[{"damage_healed":0,"gold_gain":0,"player_choice":"Grow","damage_taken":0,"max_hp_gain":0,"max_hp_loss":0,"event_name":"Living Wall","floor":3,"gold_loss":0,"cards_upgraded":["Strike_R"]},{"cards_removed":["Defend_R"],"damage_healed":0,"gold_gain":0,"player_choice":"Offered Basic","damage_taken":0,"max_hp_gain":0,"max_hp_loss":0,"event_name":"Bonfire Elementals","floor":4,"gold_loss":0},{"damage_healed":0,"gold_gain":0,"player_choice":"Paid Gold","damage_taken":0,"relics_obtained":["Sundial"],"max_hp_gain":0,"max_hp_loss":0,"event_name":"WeMeetAgain","floor":12,"gold_loss":63},{"damage_healed":0,"gold_gain":0,"player_choice":"Take Damage","damage_taken":20,"relics_obtained":["Golden Idol"],"max_hp_gain":0,"max_hp_loss":0,"event_name":"Golden Idol","floor":14,"gold_loss":0}],"is_beta":false,"boss_relics":[],"items_purged_floors":[],"is_endless":false,"potions_floor_spawned":[5,10,13],"killed_by":"The Guardian","ascension_level":0}}