{"host":"u9xtr94typ21duox","time":1609998317,"event":{"mods":["BaseMod","Key Reminder","KinomotoSakuraMod(木之本樱)","LagranYue(拉格朗・月)","Marisa（F雨　魔理沙）","Minty Spire (QoL Compilation)","Reimu（博丽灵梦）","Remilia（蕾米莉亚）","Replay The Spire","StSLib","Td1madao Mod","The Administrix","The Bladedancer","The Bug Knight","The Construct","The Cursed","The Gatherer","The Runesmith","The Servant 0.9.4","WarShipGirlsR/战舰少女R mod","Youmu（魂魄妖梦）","vexMod"],"gold_per_floor":[116,136,152,14,27,52,52,80,125,160,235,235,253,178,178,274,274,287,287,34,47,61,90,90,118,141,162,183,183,215,228,228,338,338,364,420,395,183,210,210,242,242,242,279,302,637,664,682,682,684,684,684,39,73,73],"floor_reached":56,"playtime":5437,"items_purged":["Runesmith:Strike_RS","Runesmith:Strike_RS","Runesmith:Strike_RS","Runesmith:Defend_RS"],"score":1575,"play_id":"f117ae4c-4e94-417f-8985-c1271637cbfe","local_time":"20210107134517","is_ascension_mode":true,"campfire_choices":[{"data":"Runesmith:PoweredAnvil","floor":7,"key":"SMITH"},{"data":"Runesmith:Fortify","floor":12,"key":"SMITH"},{"data":"Runesmith:CraftProtectio","floor":15,"key":"SMITH"},{"data":"Runesmith:GrandSlam","floor":24,"key":"SMITH"},{"data":"Runesmith:Retool","floor":29,"key":"SMITH"},{"data":"Runesmith:CraftFirestone","floor":32,"key":"SMITH"},{"data":"Runesmith:MetallurgicalResearch","floor":40,"key":"SMITH"},{"floor":42,"key":"RECALL"},{"data":"Runesmith:Strike_RS","floor":49,"key":"PURGE"},{"data":"Runesmith:Defend_RS","floor":52,"key":"PURGE"}],"circlet_count":0,"master_deck":["Runesmith:Defend_RS","Runesmith:Defend_RS","Runesmith:CraftFirestone+1","Runesmith:Fortify+1","Runesmith:PoweredAnvil+1","Runesmith:EarthShield","Finesse","Runesmith:CraftProtectio+1","Runesmith:Retool+1","Runesmith:GrandSlam+1","Runesmith:CraftMagma","Runesmith:StaticCage","Runesmith:DuctTape","Runesmith:MetallurgicalResearch+1","Runesmith:Grindstone","Runesmith:PoweredAnvil","Runesmith:ShiftingStrike","Pot Of Greed","Pot Of Greed","Runesmith:DoubleUp","Runesmith:Refine+1","Runesmith:Reinforce+1","Runesmith:HammerThrow","Pot Of Greed","vexMod:StairwayStrike","Runesmith:CraftIncendium","Runesmith:CraftObretio"],"relics":["Runesmith:BrokenRuby","LagranYue:RandomDrawCardRelic","MealTicket","vexMod:InvisibilityCloak","Replay:WaspNest","LagranYue:MagicReflectiveArmorRelic","Black Star","Medical Kit","Darkstone Periapt","Happy Flower","Runesmith:EmergencyProvisions","Runesmith:AutoHammer","Replay:Bandana","Chameleon Ring","CrazyTorch:ReiMu","Replay:Bronze Core","Peace Pipe","Grinning Jar","Bottled Lightning","Pantograph","InkBottle","vexMod:MemoryStick","vexMod:BarristanHead","Old Coin","Bag of Preparation","HornCleat","Boot"],"acts_visited":["Exordium","TheCity","TheBeyond","TheEnding"],"potions_floor_usage":[8,8,10,21,22,44,44,55,55,55],"damage_taken":[{"damage":5,"enemies":"Jaw Worm","floor":1,"turns":3},{"damage":0,"enemies":"Cultist","floor":2,"turns":4},{"damage":5,"enemies":"2 Louse","floor":3,"turns":4},{"damage":4,"enemies":"Looter","floor":5,"turns":4},{"damage":0,"enemies":"Lagavulin","floor":6,"turns":8},{"damage":17,"enemies":"Gremlin Nob","floor":8,"turns":5},{"damage":11,"enemies":"3 Sentries","floor":10,"turns":7},{"damage":2,"enemies":"Exordium Wildlife","floor":13,"turns":6},{"damage":2,"enemies":"The Guardian","floor":16,"turns":15},{"damage":0,"enemies":"3 Byrds","floor":18,"turns":8},{"damage":13,"enemies":"3 Cultists","floor":21,"turns":5},{"damage":0,"enemies":"Cultist and Chosen","floor":22,"turns":10},{"damage":16,"enemies":"Gremlin Leader","floor":23,"turns":17},{"damage":0,"enemies":"HollowMod:Nosk","floor":25,"turns":12},{"damage":11,"enemies":"Snake Plant","floor":27,"turns":5},{"damage":0,"enemies":"Centurion and Healer","floor":28,"turns":10},{"damage":4,"enemies":"Slavers","floor":30,"turns":8},{"damage":0,"enemies":"Snecko","floor":31,"turns":6},{"damage":0,"enemies":"Automaton","floor":33,"turns":9},{"damage":0,"enemies":"3 Darklings","floor":35,"turns":11},{"damage":0,"enemies":"Mind Bloom Boss Battle","floor":36,"turns":11},{"damage":0,"enemies":"HollowMod:StalkingDevout","floor":41,"turns":5},{"damage":9,"enemies":"Reptomancer","floor":44,"turns":6},{"damage":0,"enemies":"Orb Walker","floor":45,"turns":6},{"damage":0,"enemies":"HollowMod:StalkingDevout","floor":46,"turns":7},{"damage":0,"enemies":"Spire Growth","floor":47,"turns":5},{"damage":0,"enemies":"Maw","floor":48,"turns":7},{"damage":18,"enemies":"Donu and Deca","floor":50,"turns":10},{"damage":0,"enemies":"Shield and Spear","floor":54,"turns":6},{"damage":9,"enemies":"The Heart","floor":55,"turns":6}],"seed_played":"6605509623252533383","potions_obtained":[{"floor":1,"key":"LifebloodPotion"},{"floor":2,"key":"SteroidPotion"},{"floor":3,"key":"Explosive Potion"},{"floor":16,"key":"Toxic Potion"},{"floor":18,"key":"Fire Potion"},{"floor":25,"key":"Dexterity Potion"},{"floor":33,"key":"MagicPotion:ReiMu"},{"floor":35,"key":"Swift Potion"},{"floor":44,"key":"PowerPotion"},{"floor":47,"key":"SkillPotion"}],"is_trial":false,"path_per_floor":["M","M","M","$","M","E","R","E","T","E","?","R","M","$","R","B",null,"M","?","$","M","M","E","R","E","T","M","M","R","E","M","R","B",null,"M","?","?","$","T","R","E","R","T","E","M","E","M","M","R","B",null,"R","$","E","B",null],"character_chosen":"RUNESMITH_CLASS","items_purchased":["Finesse","Runesmith:CraftProtectio","Medical Kit","Runesmith:PoweredAnvil","Runesmith:ShiftingStrike","vexMod:StairwayStrike","HornCleat","Runesmith:CraftIncendium"],"campfire_rested":0,"item_purchase_floors":[4,4,20,38,38,53,53,53],"current_hp_per_floor":[65,65,60,70,66,66,66,49,49,38,27,27,25,40,40,38,70,70,57,72,59,59,43,43,43,43,32,32,32,28,28,28,28,75,75,75,75,75,75,75,75,75,75,66,66,66,66,66,66,57,75,75,75,75,66],"gold":73,"neow_bonus":"RANDOM_COMMON_RELIC","is_daily":false,"chose_seed":false,"campfire_upgraded":7,"win_rate":0.0,"timestamp":1609998317,"path_taken":["M","M","M","$","M","E","R","E","T","E","?","R","M","?","R","BOSS","M","?","?","M","?","E","R","E","T","M","M","R","E","M","R","BOSS","M","?","?","$","?","R","E","R","T","E","M","E","?","M","R","BOSS","R","$","E","BOSS"],"items_purchased_type":["Card","Card","Relic","Card","Card","Card","Relic","Card"],"build_version":"2020-12-22","purchased_purges":4,"victory":true,"max_hp_per_floor":[70,70,70,70,70,70,70,70,70,70,70,70,70,70,70,70,70,70,75,75,75,75,75,75,75,75,75,75,75,75,75,75,75,75,75,75,75,75,75,75,75,75,75,75,75,75,75,75,75,75,75,75,75,75,75],"card_choices":[{"not_picked":["Runesmith:HammerAndChisel","Runesmith:CraftProtectio"],"picked":"Runesmith:PoweredAnvil","floor":1},{"not_picked":["Runesmith:PerfectChisel","Runesmith:Augment","Runesmith:ChiselStab"],"picked":"SKIP","floor":2},{"not_picked":["Runesmith:EnergizedChisel","Runesmith:Overpower"],"picked":"Runesmith:EarthShield","floor":3},{"not_picked":["Runesmith:ChargedHammer","Runesmith:Discharge","Runesmith:Firewall"],"picked":"SKIP","floor":5},{"not_picked":["Runesmith:Overpower","Runesmith:UnstableHammer","Runesmith:BackupBattery"],"picked":"SKIP","floor":6},{"not_picked":["Runesmith:OneForEveryone","Runesmith:CraftSpiculum"],"picked":"Runesmith:Retool","floor":8},{"not_picked":["Runesmith:RuneHurl","Runesmith:Overpower","Runesmith:MakeshiftArmor"],"picked":"SKIP","floor":10},{"not_picked":["Runesmith:RuneHurl","Runesmith:CraftSpiculum","Runesmith:EarthShield"],"picked":"SKIP","floor":13},{"not_picked":["Runesmith:FissionHammer","Runesmith:DuctTape"],"picked":"Runesmith:GrandSlam","floor":16},{"not_picked":["Runesmith:MakeshiftArmor","Runesmith:Prism","Runesmith:ShiftingStrike"],"picked":"SKIP","floor":18},{"not_picked":["Runesmith:Repurpose","Runesmith:ElementalConversion+1","Runesmith:ChargedHammer"],"picked":"SKIP","floor":21},{"not_picked":["Runesmith:MakeshiftArmor","Runesmith:Overpower","Runesmith:UnstableHammer"],"picked":"SKIP","floor":22},{"not_picked":["Runesmith:ReplicatingBarrier","Runesmith:Terraform","Runesmith:HeatedChisel"],"picked":"SKIP","floor":23},{"not_picked":["Runesmith:LithiumIon","Runesmith:BackupBattery","Runesmith:CraftProtectio"],"picked":"SKIP","floor":25},{"not_picked":["Runesmith:HeatedChisel","Runesmith:CraftSpiculum"],"picked":"Runesmith:CraftMagma","floor":27},{"not_picked":["Runesmith:HammerTime+1","Runesmith:Attraction"],"picked":"Runesmith:StaticCage","floor":28},{"not_picked":["Runesmith:ElementalConversion+1","Runesmith:EnergizedChisel","Runesmith:Retool"],"picked":"SKIP","floor":30},{"not_picked":["Runesmith:Overpower","Runesmith:OneForEveryone"],"picked":"Runesmith:DuctTape","floor":31},{"not_picked":["Runesmith:FissionHammer","Runesmith:GrandSlam"],"picked":"Runesmith:MetallurgicalResearch","floor":33},{"not_picked":["Runesmith:CraftIncendium+1","Runesmith:Overpower"],"picked":"Runesmith:Grindstone","floor":35},{"not_picked":["Runesmith:CraftMagma+1","Runesmith:RuneHurl"],"picked":"Runesmith:DoubleUp","floor":41},{"not_picked":["Runesmith:Empowerment+1","Runesmith:Firestorm"],"picked":"Runesmith:Refine+1","floor":44},{"not_picked":["Runesmith:BackupBattery","Runesmith:Empowerment+1"],"picked":"Runesmith:Reinforce+1","floor":45},{"not_picked":["Runesmith:ArcReactor","Runesmith:ShiftingStrike+1","Runesmith:EnergizedChisel+1"],"picked":"SKIP","floor":46},{"not_picked":["Runesmith:NanitesCloud","Runesmith:EnergizedChisel+1","Runesmith:BackupBattery"],"picked":"SKIP","floor":47},{"not_picked":["Runesmith:CraftReservo+1","Runesmith:CraftMagma"],"picked":"Runesmith:HammerThrow","floor":48},{"not_picked":["Runesmith:HeatExchange+1","Runesmith:CraftProtectio+1"],"picked":"Runesmith:CraftObretio","floor":54}],"player_experience":284694,"relics_obtained":[{"floor":6,"key":"vexMod:InvisibilityCloak"},{"floor":8,"key":"Replay:WaspNest"},{"floor":10,"key":"LagranYue:MagicReflectiveArmorRelic"},{"floor":23,"key":"Darkstone Periapt"},{"floor":23,"key":"Happy Flower"},{"floor":25,"key":"Runesmith:EmergencyProvisions"},{"floor":25,"key":"Runesmith:AutoHammer"},{"floor":26,"key":"Replay:Bandana"},{"floor":30,"key":"Chameleon Ring"},{"floor":30,"key":"CrazyTorch:ReiMu"},{"floor":36,"key":"Peace Pipe"},{"floor":39,"key":"Grinning Jar"},{"floor":41,"key":"Bottled Lightning"},{"floor":41,"key":"Pantograph"},{"floor":43,"key":"InkBottle"},{"floor":44,"key":"vexMod:MemoryStick"},{"floor":44,"key":"vexMod:BarristanHead"},{"floor":46,"key":"Old Coin"},{"floor":46,"key":"Bag of Preparation"},{"floor":54,"key":"Boot"}],"event_choices":[{"damage_healed":0,"gold_gain":75,"player_choice":"Gather Gold","damage_taken":11,"max_hp_gain":0,"max_hp_loss":0,"event_name":"World of Goop","floor":11,"gold_loss":0},{"damage_healed":0,"gold_gain":0,"player_choice":"Shed Blood","damage_taken":18,"max_hp_gain":5,"max_hp_loss":0,"event_name":"Forgotten Altar","floor":19,"gold_loss":0},{"damage_healed":0,"gold_gain":0,"player_choice":"Fight","damage_taken":0,"max_hp_gain":0,"max_hp_loss":0,"event_name":"MindBloom","floor":36,"gold_loss":0}],"is_beta":false,"boss_relics":[{"not_picked":["SacredBark","Runic Pyramid"],"picked":"Black Star"},{"not_picked":["Calling Bell","Honey Jar"],"picked":"Replay:Bronze Core"}],"items_purged_floors":[14,20,38,53],"is_endless":false,"potions_floor_spawned":[1,2,3,6,16,18,25,33,35,44,47,54],"ascension_level":1}}