{"host":"p9c4qzklcm73s90n","time":1609992076,"event":{"mods":["Arknights The Spire","Aspiration","BaseMod","Dota2Spire","Minty Spire (QoL Compilation)","MostiFishMod","Replay The Spire","StSLib"],"gold_per_floor":[115,190,202,221,221,236,26,46,72,72,101,101,101,116,116,213,213,229,240,254,4,200,200,200,220,220,220,18,18,50,68,68,167,167,183,193,193,193,206,234,234,254,281,281,281,281,281,292,292,292,292,292,29,60,60,60],"floor_reached":55,"playtime":3127,"items_purged":["ats:Counter Healing Mode"],"score":817,"play_id":"1b4589e5-c71f-4b9b-a810-6dc126a779af","local_time":"20210107120116","is_ascension_mode":false,"campfire_choices":[{"floor":10,"key":"REST"},{"floor":12,"key":"REST"},{"floor":15,"key":"DIG"},{"floor":23,"key":"REST"},{"floor":27,"key":"REST"},{"data":"ats:Ambush","floor":29,"key":"SMITH"},{"data":"ats:Flame Of Heaven","floor":41,"key":"SMITH"},{"floor":44,"key":"RECALL"},{"data":"ats:Flame Of Heaven","floor":47,"key":"SMITH"},{"data":"ats:Guardian Obelisk","floor":49,"key":"SMITH"}],"circlet_count":0,"master_deck":["ats:Strike C","ats:Strike G","ats:Strike S","ats:Strike V+1","ats:Armor Crushing Shot","ats:Defend","ats:Defend","ats:Emotion Absorption","ats:Part Time Job","ats:Hook Shot","ats:Overload","ats:Ambush+1","ats:Leaping Hammer","ats:Explosion Area Strengthen","ats:Consecutive Shot Auto+1","ats:Shadow Assault","ats:Ignite","ats:Mental Burst","ats:Flexible Camouflage","ats:Blood Oath+1","ats:Thorns","ats:Leaping Hammer","ats:Apocalypse","ats:Burning Ground+1","ats:Soul Rend","ats:Flame Of Heaven+1","ats:Hammer On+1","ats:Rapid Magazine+1","ats:Hook Shot","ats:Flame Of Heaven+1","ats:Guardian Obelisk+1","ats:Ignite+1","ats:Leaping Hammer+1","ats:Burning Ground+1","ats:Burning Ground","ats:Flame Of Heaven","ats:Chain Hook+1"],"relics":["ats:Sanity","DaveBox","ChiXiaoBlade","SynthV:TestCard","ReplayTheSpireMod:TigerMarble","ats:Originium","Dota2Spire:AghanimScepter","Dota2Spire:MantaStyle","RhineCircuit","Chameleon Ring","Anchor","ChiLing","Chi","Ling","Calipers","OneHitWonderSystem","DaCapo","Mummified Hand","Orrery","Dota2Spire:PowerTreads"],"acts_visited":["Exordium","TheCity","TheBeyond","TheEnding"],"potions_floor_usage":[11,16,16,18,19,33,50,50,50,50,50,55],"damage_taken":[{"damage":2,"enemies":"2 Louse","floor":1,"turns":3},{"damage":5,"enemies":"Cultist","floor":3,"turns":4},{"damage":22,"enemies":"Jaw Worm","floor":4,"turns":6},{"damage":5,"enemies":"Gremlin Gang","floor":6,"turns":7},{"damage":14,"enemies":"Blue Slaver","floor":8,"turns":3},{"damage":24,"enemies":"Gremlin Nob","floor":11,"turns":4},{"damage":10,"enemies":"3 Louse","floor":14,"turns":5},{"damage":27,"enemies":"Fading Forest","floor":16,"turns":11},{"damage":16,"enemies":"2 Thieves","floor":18,"turns":3},{"damage":10,"enemies":"Spheric Guardian","floor":19,"turns":4},{"damage":0,"enemies":"Snecko","floor":20,"turns":3},{"damage":19,"enemies":"Centurion and Healer","floor":25,"turns":5},{"damage":9,"enemies":"Slavers","floor":30,"turns":5},{"damage":2,"enemies":"Chosen and Byrds","floor":31,"turns":3},{"damage":39,"enemies":"Champ","floor":33,"turns":7},{"damage":0,"enemies":"3 Darklings","floor":35,"turns":3},{"damage":0,"enemies":"3 Shapes","floor":36,"turns":1},{"damage":0,"enemies":"Transient","floor":39,"turns":5},{"damage":0,"enemies":"R_Hoarder","floor":40,"turns":7},{"damage":0,"enemies":"Spire Growth","floor":42,"turns":4},{"damage":0,"enemies":"3 Darklings","floor":48,"turns":1},{"damage":0,"enemies":"Donu and Deca","floor":50,"turns":7},{"damage":0,"enemies":"Shield and Spear","floor":54,"turns":4},{"damage":1,"enemies":"The Heart","floor":55,"turns":6}],"seed_played":"1071300597580862775","potions_obtained":[{"floor":3,"key":"ats:Emergency Sanity Potion"},{"floor":6,"key":"SkillPotion"},{"floor":8,"key":"DistilledChaos"},{"floor":13,"key":"CultistPotion"},{"floor":16,"key":"Weak Potion"},{"floor":18,"key":"Dota2Spire:HealingSalve"},{"floor":20,"key":"Venom Potion"},{"floor":25,"key":"Elixir"},{"floor":35,"key":"Dexterity Potion"},{"floor":40,"key":"Dota2Spire:HealingSalve"},{"floor":42,"key":"EntropicBrew"},{"floor":52,"key":"Ancient Potion"}],"is_trial":false,"path_per_floor":["M","?","M","M","?","M","$","M","T","R","E","R","?","M","R","B",null,"M","M","M","$","?","R","?","M","T","R","$","R","E","M","R","B",null,"M","M","?","?","M","E","R","M","T","R","?","T","R","M","R","B",null,"R","$","E","B"],"character_chosen":"DOCTOR_CLASS","items_purchased":["ats:Ambush","Chameleon Ring","ChiLing","Dota2Spire:HealingSalve","Orrery","ats:Burning Ground","ats:Flame Of Heaven"],"campfire_rested":4,"item_purchase_floors":[7,21,28,28,53,53,53],"current_hp_per_floor":[70,63,64,48,34,35,35,24,24,45,26,47,47,42,42,21,72,56,55,55,55,27,48,40,29,29,50,50,50,49,51,72,47,1,1,1,1,1,1,1,1,1,1,1,1,1,1,1,1,1,1,1,1,1,0,0],"gold":60,"neow_bonus":"RANDOM_EVENT","is_daily":false,"chose_seed":false,"campfire_upgraded":4,"win_rate":0.0,"timestamp":1609992076,"path_taken":["M","?","M","?","?","M","$","M","T","R","E","R","?","M","R","BOSS","M","M","?","$","?","R","?","M","T","R","?","R","E","?","R","BOSS","M","?","?","?","M","E","R","M","T","R","?","?","R","?","R","BOSS","R","$","E","BOSS"],"items_purchased_type":["Card","Relic","Relic","Potion","Relic","Card","Card"],"build_version":"2020-12-22","purchased_purges":1,"victory":false,"max_hp_per_floor":[72,72,72,72,72,72,72,72,72,72,72,72,72,72,72,72,72,72,72,72,72,72,72,72,72,72,72,72,72,72,72,72,72,1,1,1,1,1,1,1,1,1,1,1,1,1,1,1,1,1,1,1,1,1,1,1],"card_choices":[{"not_picked":["ats:Explosion Area Strengthen","ats:Assault Order"],"picked":"ats:Part Time Job","floor":1},{"not_picked":["ats:Childhood Dance","ats:Part Time Job","ats:Apocalypse","ats:Shadow Raid"],"picked":"ats:Counter Healing Mode","floor":3},{"not_picked":["ats:Revitalization","ats:Assault Order","ats:Burning Ground","ats:Cat Scratch"],"picked":"ats:Hook Shot","floor":4},{"not_picked":["ats:Flexible Camouflage","ats:Counter Healing Mode","ats:Childhood Dance","ats:Guardian Obelisk"],"picked":"ats:Overload","floor":6},{"not_picked":["ats:Revitalization","ats:Explosion Area Strengthen","ats:Poison Spread","ats:Consecutive Shot Auto"],"picked":"ats:Leaping Hammer","floor":8},{"not_picked":["ats:Hook Shot","ats:Defend Order","ats:Leaping Hammer","ats:Roar Of Ursus"],"picked":"ats:Explosion Area Strengthen","floor":11},{"not_picked":["ats:Revitalization","ats:Healing Strengthening","ats:Assault Order","ats:Shell Defense"],"picked":"ats:Consecutive Shot Auto","floor":14},{"not_picked":["ats:Disruption Kick","ats:Roar Of Ursus","ats:Rat Pack","ats:Ambush"],"picked":"ats:Shadow Assault","floor":16},{"not_picked":["ats:Flame Of Heaven+1","ats:Consecutive Shot Auto","ats:Red Shift","ats:Hammer On"],"picked":"ats:Ignite","floor":18},{"not_picked":["ats:Shell Defense","ats:Flame Of Heaven","ats:Leaping Hammer","ats:Thermite Blade"],"picked":"ats:Mental Burst","floor":19},{"not_picked":["ats:Nebulous Foxfire","ats:Consecutive Shot Auto+1","ats:Powerful Strike+1","ats:Cat Scratch"],"picked":"ats:Flexible Camouflage","floor":20},{"not_picked":["ats:Demon Strength","ats:Collapsing Strike+1","ats:Encircling Forest","ats:Powerful Strike"],"picked":"ats:Blood Oath+1","floor":22},{"not_picked":["ats:LN2 Cannon","ats:Consecutive Shot Auto","ats:Revitalization","ats:Cat Scratch"],"picked":"ats:Thorns","floor":24},{"not_picked":["ats:Explosion Area Strengthen+1","ats:Steam Pump","ats:Defend Order+1","ats:Charging Defense"],"picked":"ats:Leaping Hammer","floor":25},{"not_picked":["ats:Part Time Job","ats:Flexible Camouflage","ats:Childhood Dance+1","ats:Curse Doll"],"picked":"ats:Apocalypse","floor":30},{"not_picked":["ats:Nebulous Foxfire","ats:Powerful Strike","ats:Apocalypse","ats:Explosion Area Strengthen"],"picked":"ats:Burning Ground+1","floor":31},{"not_picked":["ats:True Silver Slash","ats:Fractured Body","ats:Calcification","ats:Ambush"],"picked":"ats:Soul Rend","floor":33},{"not_picked":["ats:Hammer On","ats:Consecutive Shot Auto+1","ats:Counter Healing Mode+1","ats:Assault Order"],"picked":"ats:Flame Of Heaven","floor":35},{"not_picked":["ats:Powerful Strike","ats:Leaping Hammer","ats:Apocalypse+1","ats:Poison Spread+1"],"picked":"ats:Hammer On+1","floor":36},{"not_picked":["ats:Flexible Camouflage","ats:Poison Spread","ats:Consecutive Shot Auto+1","ats:Part Time Job"],"picked":"ats:Rapid Magazine+1","floor":39},{"not_picked":["ats:Support Order","ats:Beaten Up","ats:Directed Diagnosis","ats:Poison Spread"],"picked":"ats:Hook Shot","floor":40},{"not_picked":["ats:Apocalypse","ats:Poison Spread","ats:Support Order+1","ats:Shell Defense"],"picked":"ats:Flame Of Heaven","floor":42},{"not_picked":["ats:Hammer On+1","ats:Shell Defense+1","ats:Powerful Strike","ats:Thorns"],"picked":"ats:Guardian Obelisk","floor":48},{"not_picked":["ats:Childhood Dance+1","ats:LN2 Cannon","ats:Red Shift","ats:Nebulous Foxfire"],"picked":"ats:Ignite+1","floor":53},{"not_picked":["ats:Directed Diagnosis","ats:Childhood Dance","ats:Hammer On","ats:Revitalization+1"],"picked":"ats:Leaping Hammer+1","floor":53},{"not_picked":["ats:Closed Bolt Burst Fire+1","ats:Hammer On","ats:Guardian Obelisk+1","ats:Dogmatic Field"],"picked":"ats:Burning Ground+1","floor":53},{"not_picked":["ats:Rapid Magazine","ats:Thorns","ats:Defend Order+1","ats:Automatic Cover+1"],"picked":"ats:Chain Hook+1","floor":54}],"player_experience":49708,"relics_obtained":[{"floor":1,"key":"SynthV:TestCard"},{"floor":9,"key":"ReplayTheSpireMod:TigerMarble"},{"floor":11,"key":"ats:Originium"},{"floor":11,"key":"Dota2Spire:AghanimScepter"},{"floor":15,"key":"Dota2Spire:MantaStyle"},{"floor":26,"key":"Anchor"},{"floor":30,"key":"ats:Originium"},{"floor":30,"key":"Calipers"},{"floor":40,"key":"ats:Originium"},{"floor":40,"key":"DaCapo"},{"floor":46,"key":"Mummified Hand"},{"floor":54,"key":"Dota2Spire:PowerTreads"}],"event_choices":[{"cards_removed":["ats:Defend"],"damage_healed":0,"gold_gain":0,"player_choice":"Forget","damage_taken":0,"max_hp_gain":0,"max_hp_loss":0,"event_name":"Living Wall","floor":0,"gold_loss":0},{"damage_healed":0,"gold_gain":75,"player_choice":"Touch","damage_taken":7,"max_hp_gain":0,"max_hp_loss":0,"event_name":"FaceTrader","floor":2,"gold_loss":0},{"damage_healed":0,"gold_gain":0,"player_choice":"Entered Light","damage_taken":14,"max_hp_gain":0,"max_hp_loss":0,"event_name":"Shining Light","floor":5,"gold_loss":0,"cards_upgraded":["ats:Strike V","ats:Defend"]},{"damage_healed":0,"gold_gain":0,"player_choice":"Got Potions","damage_taken":0,"max_hp_gain":0,"max_hp_loss":0,"event_name":"Lab","floor":13,"gold_loss":0},{"cards_removed":["ats:Defend"],"damage_healed":0,"gold_gain":0,"player_choice":"Removed Skill","damage_taken":0,"max_hp_gain":0,"max_hp_loss":0,"event_name":"Falling","floor":37,"gold_loss":0},{"damage_healed":0,"gold_gain":0,"player_choice":"Max HP","damage_taken":0,"max_hp_gain":0,"max_hp_loss":0,"event_name":"Winding Halls","floor":38,"gold_loss":0},{"damage_healed":0,"gold_gain":0,"player_choice":"Memory 1","damage_taken":0,"max_hp_gain":0,"max_hp_loss":0,"event_name":"SensoryStone","floor":45,"gold_loss":0}],"is_beta":false,"boss_relics":[{"not_picked":["Empty Cage","SlaversCollar"],"picked":"RhineCircuit"},{"not_picked":["aspiration:IroncladSkillbook","Sozu"],"picked":"OneHitWonderSystem"}],"items_purged_floors":[7],"is_endless":false,"potions_floor_spawned":[3,6,8,16,18,20,25,35,40,42],"killed_by":"The Heart","ascension_level":0}}