{"host":"kh6fvhxn285ncg0o","time":1609997730,"event":{"mods":["Act Like it!","BaseMod","Colored Map","Friendly Minions","Keyboard Shortcuts","Minty Spire (QoL Compilation)","Quick Restart","Relic Stats","StSLib","SuperFastMode"],"gold_per_floor":[118,138,138,63,63,63,77,77,77],"floor_reached":8,"playtime":123,"items_purged":[],"score":92,"play_id":"0538efbb-17f8-4a6f-9227-aec1dde4fbfe","local_time":"20210107143530","is_ascension_mode":true,"campfire_choices":[{"data":"Shockwave","floor":6,"key":"SMITH"}],"circlet_count":0,"master_deck":["AscendersBane","Strike_R","Strike_R","Strike_R","Defend_R","Defend_R","Defend_R","Defend_R","Bash","Shockwave+1","Shrug It Off","Burning Pact"],"relics":["Mark of Pain","Nunchaku"],"acts_visited":["Exordium"],"potions_floor_usage":[],"damage_taken":[{"damage":8,"enemies":"2 Louse","floor":1,"turns":4},{"damage":9,"enemies":"Jaw Worm","floor":2,"turns":4},{"damage":0,"enemies":"Small Slimes","floor":7,"turns":5},{"damage":24,"enemies":"3 Sentries","floor":8,"turns":3}],"seed_played":"-5096075108285700617","potions_obtained":[{"floor":7,"key":"Dexterity Potion"}],"is_trial":false,"path_per_floor":["M","M","?","?","T","R","M","E"],"character_chosen":"IRONCLAD","items_purchased":[],"campfire_rested":0,"item_purchase_floors":[],"current_hp_per_floor":[60,51,51,51,51,51,51,27,27],"gold":77,"neow_bonus":"BOSS_RELIC","is_daily":false,"chose_seed":false,"campfire_upgraded":1,"win_rate":0.0,"timestamp":1609997730,"path_taken":["M","M","?","?","?","R","M","E"],"items_purchased_type":[],"build_version":"2020-12-22","purchased_purges":0,"victory":false,"max_hp_per_floor":[75,75,75,75,75,75,75,75,75],"relic_stats":{"Nunchaku":[0],"counters":[4,16],"obtain_stats":[{"Nunchaku":5,"Mark of Pain":0,"Burning Blood":0},{"Nunchaku":2,"Mark of Pain":0,"Burning Blood":0},{"Nunchaku":8,"Mark of Pain":0,"Burning Blood":0}]},"card_choices":[{"not_picked":["Warcry","Cleave"],"picked":"Shockwave","floor":1},{"not_picked":["Dark Embrace","Warcry"],"picked":"Shrug It Off","floor":2},{"not_picked":["Perfected Strike","Shrug It Off"],"picked":"Burning Pact","floor":7}],"player_experience":3385408,"relics_obtained":[{"floor":5,"key":"Nunchaku"}],"event_choices":[{"cards_removed":["Strike_R"],"damage_healed":0,"gold_gain":0,"player_choice":"Forget","damage_taken":0,"max_hp_gain":0,"max_hp_loss":0,"event_name":"Living Wall","floor":3,"gold_loss":0},{"cards_removed":["Strike_R"],"damage_healed":0,"gold_gain":0,"player_choice":"Card Removal","damage_taken":0,"max_hp_gain":0,"max_hp_loss":0,"event_name":"The Cleric","floor":4,"gold_loss":75}],"is_beta":false,"boss_relics":[],"items_purged_floors":[],"is_endless":false,"potions_floor_spawned":[7],"killed_by":"3 Sentries","ascension_level":20}}