{"host":"2pt9f5ojqg0apn28","time":1609996059,"event":{"mods":["AchievementEnabler","BaseMod","Better Altar","Better Match","Better Note","Better Sensory Stone","Better Skull","Better Third Choice","Colored Map","Colored Powertips","Downfall","Hubris","Infinite Spire","Minty Spire (QoL Compilation)","Replay The Spire","StSLib"],"gold_per_floor":[154,329,329,329,381,306,333,258,33,33,33,33,33,66,77,180,180,105,120,22,22,36,36,36,49,49,68,100,116,116,127,138,235,235,235,254,95,95,112,12,12,12,28,28,12,38,38,38,58,58,58,84,2,2,2],"floor_reached":56,"playtime":3634,"items_purged":["Guardian:Strike_Guardian","Doubt","Guardian:ConstructionForm"],"score":1184,"play_id":"bf5f8409-fac2-4917-9135-b92a81bdefd2","local_time":"20210107100739","is_ascension_mode":false,"campfire_choices":[{"floor":6,"key":"RECALL"},{"data":"Guardian:TwinSlam","floor":8,"key":"SMITH"},{"data":"Guardian:RevengeProtocol","floor":18,"key":"SMITH"},{"data":"Discovery","floor":23,"key":"SMITH"},{"data":"Guardian:SentryBeam","floor":26,"key":"SMITH"},{"data":"Guardian:DecasProtection","floor":35,"key":"SMITH"},{"floor":47,"key":"REST"},{"data":"Guardian:Incinerate","floor":54,"key":"SMITH"}],"circlet_count":0,"master_deck":["Guardian:Strike_Guardian","Guardian:Strike_Guardian","Guardian:Strike_Guardian","Guardian:Defend_Guardian","Guardian:Defend_Guardian","Guardian:CurlUp","Guardian:TwinSlam+1","Guardian:SentryBeam+1","Guardian:PiercingHide+1","Guardian:Reroute","Guardian:Incinerate+1","Guardian:RevengeProtocol+1","Discovery+1","Guardian:TemporalStrike+1","Guardian:TemporalShield+1","Guardian:DecasProtection+1","Guardian:ShieldSpikes","Guardian:ChargeCore","Guardian:StasisStrike+1","Guardian:Incinerate+1"],"relics":["Guardian:ModeShifter","downfall:HeartsMalice","Replay:Ringing Soul","downfall:HeartBlessingBlue","hubris:ToyBattleship","downfall:HeartBlessingRed","hubris:OldNail","Sozu","downfall:HeartBlessingGreen","Onion Ring","MealTicket","hubris:Backtick","Calipers","War Paint","Ring of Searing","Ring of Misfortune","hubris:Potato","Nunchaku","infinitespire:Satchel","HornCleat","Replay:Wax Seal","Sling","infinitespire:PuzzleCube"],"acts_visited":["Exordium","TheCity","TheBeyond","TheEnding"],"potions_floor_usage":[50],"damage_taken":[{"damage":0,"enemies":"downfall:FleeingMerchant","floor":9,"turns":1},{"damage":0,"enemies":"Cultist","floor":12,"turns":1},{"damage":0,"enemies":"Small Slimes","floor":13,"turns":1},{"damage":12,"enemies":"Lagavulin","floor":14,"turns":8},{"damage":0,"enemies":"2 Louse","floor":15,"turns":1},{"damage":39,"enemies":"downfall:Ironclad","floor":16,"turns":12},{"damage":10,"enemies":"Spheric Guardian","floor":19,"turns":4},{"damage":5,"enemies":"downfall:FleeingMerchant","floor":20,"turns":4},{"damage":11,"enemies":"Shell Parasite","floor":22,"turns":4},{"damage":0,"enemies":"Snake Plant","floor":25,"turns":3},{"damage":10,"enemies":"Centurion and Healer","floor":27,"turns":4},{"damage":13,"enemies":"Slavers","floor":28,"turns":4},{"damage":0,"enemies":"3 Cultists","floor":29,"turns":4},{"damage":18,"enemies":"Snake Plant","floor":31,"turns":3},{"damage":10,"enemies":"Centurion and Healer","floor":32,"turns":4},{"damage":43,"enemies":"downfall:Watcher","floor":33,"turns":10},{"damage":4,"enemies":"Orb Walker","floor":36,"turns":3},{"damage":0,"enemies":"downfall:FleeingMerchant","floor":37,"turns":4},{"damage":12,"enemies":"3 Darklings","floor":39,"turns":4},{"damage":0,"enemies":"Spire Growth","floor":43,"turns":2},{"damage":0,"enemies":"downfall:FleeingMerchant","floor":45,"turns":3},{"damage":0,"enemies":"4 Shapes","floor":49,"turns":2},{"damage":2,"enemies":"downfall:Defect","floor":50,"turns":3},{"damage":14,"enemies":"downfall:CharBossMerchant","floor":52,"turns":4},{"damage":6,"enemies":"downfall:NeowBoss","floor":55,"turns":14}],"seed_played":"-4293542151661729554","potions_obtained":[{"floor":15,"key":"Doom Potion"}],"is_trial":false,"path_per_floor":["R_BF","?","?","?","T","R","T","R","$","?","?","M","M","E","M","B",null,"R","M","$","?","M","R","T","M","R","M","E","M","?","M","M","B",null,"R","M","$","?","M","NS","T","?","M","?","$","T","R","AVR","M","B",null,"E","$","R","B",null],"character_chosen":"GUARDIAN","items_purchased":["hubris:OldNail","Discovery","War Paint","HornCleat","Guardian:Gem_Blue"],"campfire_rested":1,"item_purchase_floors":[9,20,37,45,53],"current_hp_per_floor":[80,80,68,68,68,78,78,78,81,81,81,84,87,78,81,45,108,108,101,99,102,94,94,94,97,97,90,80,83,83,68,61,21,141,141,137,144,144,132,132,132,132,132,49,64,64,107,107,110,108,147,136,153,153,147],"gold":2,"neow_bonus":"THREE_ENEMY_KILL","is_daily":false,"chose_seed":false,"campfire_upgraded":6,"win_rate":0.0,"timestamp":1609996059,"path_taken":["R_BF","?","?","?","?","R","T","R","$","?","?","M","M","E","M","BOSS","R","M","$","?","M","R","T","?","R","M","E","M","?","M","M","BOSS","R","M","$","?","M","NS","T","?","?","?","?","?","R","AVR","M","BOSS","E","$","R","BOSS"],"items_purchased_type":["Relic","Card","Relic","Relic","Card"],"build_version":"2020-12-22","purchased_purges":3,"victory":true,"max_hp_per_floor":[80,80,80,80,80,90,90,90,93,93,93,96,99,102,105,108,108,108,111,114,117,120,120,120,123,123,126,129,132,132,135,138,141,141,141,141,144,144,144,144,144,144,144,144,144,144,144,144,147,147,147,150,153,153,153],"card_choices":[{"not_picked":["Guardian:CrystalBeam","Guardian:Gem_Green"],"picked":"Guardian:SentryBeam","floor":9},{"not_picked":["Guardian:BronzeOrb","Guardian:ChargeUp"],"picked":"Guardian:Gem_Purple","floor":12},{"not_picked":["Guardian:Suspension","Guardian:RefractedBeam"],"picked":"Guardian:PiercingHide","floor":13},{"not_picked":["Guardian:WalkerClaw","Guardian:Clone"],"picked":"Guardian:Reroute","floor":14},{"not_picked":["Guardian:RollAttack","Guardian:ShieldSpikes"],"picked":"Guardian:Incinerate","floor":15},{"not_picked":["Guardian:BaubleBeam","Guardian:HyperBeam_Guardian"],"picked":"Guardian:RevengeProtocol","floor":16},{"not_picked":["Guardian:Gem_Lightblue","Guardian:Gem_Cyan"],"picked":"Guardian:Gem_Crimson","floor":19},{"not_picked":["Guardian:RollAttack+1","Guardian:BronzeArmor"],"picked":"Guardian:Gem_Green","floor":20},{"not_picked":["Guardian:DonusPower","Guardian:Suspension"],"picked":"Guardian:TemporalStrike+1","floor":22},{"not_picked":["Guardian:CrystalBeam","Guardian:Suspension"],"picked":"Guardian:TemporalShield","floor":25},{"not_picked":["Guardian:DonusPower","Guardian:ShieldCharger+1"],"picked":"Guardian:DecasProtection","floor":27},{"not_picked":["Guardian:CrystalBeam","Guardian:Gem_Cyan"],"picked":"Guardian:Gem_Synthetic","floor":28},{"not_picked":["Guardian:Planning","Guardian:ChargeCore"],"picked":"Guardian:Gem_White","floor":29},{"not_picked":["Guardian:ShieldCharger+1","Guardian:MultiBeam"],"picked":"Guardian:ShieldSpikes","floor":31},{"not_picked":["Guardian:Gem_Crimson","Guardian:Gem_Lightblue"],"picked":"Guardian:ChargeCore","floor":32},{"not_picked":["Guardian:ConstructionForm","Guardian:BaubleBeam"],"picked":"Guardian:StasisStrike","floor":33},{"not_picked":["Guardian:ShieldCharger","Guardian:Reroute+1","Guardian:TemporalStrike"],"picked":"SKIP","floor":36},{"not_picked":["Guardian:DonusPower","Guardian:Gem_Purple"],"picked":"Guardian:Gem_Crimson","floor":37},{"not_picked":["Guardian:CrystalBeam","Guardian:Planning+1","Guardian:ArmoredProtocol"],"picked":"SKIP","floor":39},{"not_picked":["Guardian:Suspension","Guardian:PolyBeam","Guardian:Gem_Lightblue"],"picked":"SKIP","floor":43},{"not_picked":["Guardian:Recover+1","Guardian:Planning","Guardian:ShieldCharger"],"picked":"SKIP","floor":45},{"not_picked":["Guardian:RevengeProtocol","Guardian:Planning"],"picked":"Guardian:Incinerate+1","floor":49},{"not_picked":["Guardian:Repulse+1","Guardian:SpikerProtocol"],"picked":"Guardian:Gem_Red","floor":52}],"player_experience":74892,"relics_obtained":[{"floor":7,"key":"hubris:ToyBattleship"},{"floor":14,"key":"hubris:TinFlute"},{"floor":24,"key":"Onion Ring"},{"floor":28,"key":"MealTicket"},{"floor":38,"key":"Ring of Searing"},{"floor":38,"key":"Ring of Misfortune"},{"floor":41,"key":"hubris:Potato"},{"floor":46,"key":"Replay:Wax Seal"},{"floor":52,"key":"infinitespire:PuzzleCube"}],"event_choices":[{"damage_healed":0,"gold_gain":0,"player_choice":"Relic ","damage_taken":12,"max_hp_gain":0,"max_hp_loss":0,"event_name":"betterThird:BetterScrap","floor":3,"gold_loss":0,"cards_obtained":["Heatsinks"]},{"cards_removed":["Guardian:TwinSlam"],"damage_healed":0,"gold_gain":0,"player_choice":"Give","damage_taken":0,"max_hp_gain":0,"max_hp_loss":0,"event_name":"betterNote:BetterNote","floor":30,"gold_loss":0,"cards_obtained":["infinitespire:OneForAll"]},{"damage_healed":0,"gold_gain":0,"player_choice":"RE RE UP ","damage_taken":89,"relics_obtained":["Nunchaku","infinitespire:Satchel"],"max_hp_gain":0,"max_hp_loss":0,"event_name":"betterSkull:BetterSkull","floor":44,"gold_loss":0,"cards_upgraded":["Guardian:StasisStrike"]}],"is_beta":false,"boss_relics":[{"not_picked":["hubris:HollowSoul","SlaversCollar"],"picked":"Sozu"},{"not_picked":["Replay:Bronze Core","Empty Cage"],"picked":"hubris:Backtick"}],"items_purged_floors":[9,45,48],"is_endless":false,"potions_floor_spawned":[15,19,25,29,31,33,39,43,49],"ascension_level":0}}