{"host":"unahupgi85cj6bxp","time":1609999895,"event":{"mods":["Act Like it!","Aspiration","BaseMod","Card Forge","Conspire","Downfall","Energized Spire","Hubris","Infinite Spire","Minty Spire (QoL Compilation)","Replay The Spire","StSLib"],"gold_per_floor":[56,56,56,124,124,124,124,213,237,237,237,237,329,375,375,684,684,732,732,780,780,780,876,876,960,960,1044,1044,1092,1092,1159,1159,1471,1471,1532,1532,1586,1586,1628,1730,1730,1826,1826,1826,1907,1959,1959,2011,2011,2011],"floor_reached":51,"playtime":2233,"items_purged":[],"score":924,"play_id":"849297ec-c314-4166-92b8-3d430ea002e9","local_time":"20210106221135","daily_mods":["Diverse","Colorless Cards","downfall:Lament","Elite Swarm","Midas","Diverse","Colorless Cards"],"is_ascension_mode":false,"campfire_choices":[{"floor":6,"key":"REST"},{"floor":15,"key":"DIG"},{"data":"Blade Dance","floor":32,"key":"SMITH"},{"floor":44,"key":"DIG"},{"floor":49,"key":"DIG"}],"circlet_count":0,"master_deck":["Strike_R+1","Strike_G","Strike_B","hubris:Strike_Merchant","Defend_R","Defend_G","Defend_B","hubris:Defend_Merchant","hubris:MerchantsHand","hubris:MerchantsHand","champ:BringItOn","Hidden Blade","Slimebound:MassFeed","Hallucinations","Feed","Dark Shackles","Midas Touch","Blade Dance+1","Backflip","Hemogenesis","Hemogenesis","Replay:Dark Deal","Backstab","Master of Strategy","Replay:ManipulateFuture+1","Madness","Madness","Tempest+1","Transmutation","Exhume","Hyperbeam","Panic Button","Scrape"],"relics":["Smiling Mask","hubris:NiceRug","Ring of Chaos","NeowsBlessing","hubris:Towel","NeowsBlessing","Replay:Multitool","infinitespire:Beetle Shell","Ring of Misfortune","Ring of Panic","NeowsBlessing","Iron Hammer","Durian","conspire:SpecialSausage","NeowsBlessing","Bird Faced Urn","infinitespire:CheckeredPen","Replay:Bottled Eggs","FossilizedHelix","hubris:MobiusCoin","NeowsBlessing","hubris:Zylophone","Snecko Eye","ReplayTheSpireMod:Lightbulb","NeowsBlessing","Counterbalance","Quantum Egg","conspire:TopHat","Mango","NeowsBlessing","Gremlin Horn"],"acts_visited":["Exordium","TheCity","TheBeyond"],"potions_floor_usage":[37,37],"damage_taken":[{"damage":0,"enemies":"Small Slimes","floor":1,"turns":1},{"damage":0,"enemies":"2 Louse","floor":4,"turns":1},{"damage":0,"enemies":"Replay:BlueRogue","floor":8,"turns":1},{"damage":0,"enemies":"Gremlin Nob","floor":13,"turns":1},{"damage":0,"enemies":"Jaw Worm","floor":14,"turns":1},{"damage":0,"enemies":"Fading Forest","floor":16,"turns":1},{"damage":0,"enemies":"Shell Parasite","floor":18,"turns":1},{"damage":0,"enemies":"2 Thieves","floor":20,"turns":3},{"damage":0,"enemies":"conspire:Head Lice","floor":23,"turns":1},{"damage":0,"enemies":"Nightmare","floor":25,"turns":1},{"damage":0,"enemies":"Replay:Snechameleon","floor":27,"turns":1},{"damage":0,"enemies":"conspire:HollyBat","floor":29,"turns":5},{"damage":0,"enemies":"3 Cultists","floor":31,"turns":1},{"damage":0,"enemies":"conspire:MysteriousRune","floor":33,"turns":1},{"damage":0,"enemies":"3 Shapes","floor":35,"turns":2},{"damage":0,"enemies":"3 Darklings","floor":37,"turns":5},{"damage":0,"enemies":"Maw","floor":39,"turns":5},{"damage":0,"enemies":"R_Hoarder","floor":40,"turns":9},{"damage":0,"enemies":"Giant Head","floor":42,"turns":1},{"damage":0,"enemies":"Nemesis","floor":45,"turns":1},{"damage":0,"enemies":"Spire Growth","floor":46,"turns":1},{"damage":0,"enemies":"Jaw Worm Horde","floor":48,"turns":1},{"damage":0,"enemies":"Replay:Hell Engine","floor":50,"turns":1}],"seed_played":"6609750523737266777","potions_obtained":[{"floor":8,"key":"BloodPotion"},{"floor":14,"key":"SteroidPotion"},{"floor":20,"key":"SteroidPotion"},{"floor":37,"key":"EssenceOfSteel"},{"floor":40,"key":"SpeedPotion"}],"is_trial":true,"path_per_floor":["M","WH","?","M","?","R","WH","E","T","?","WH","$","E","M","R","B",null,"M","$","M","WH","?","E","R","NM","T","E","WH","M","AVR","M","R","B",null,"M","?","M","?","M","E","WH","E","T","R","E","M","WH","M","R","B",null],"character_chosen":"IRONCLAD","items_purchased":[],"campfire_rested":1,"item_purchase_floors":[],"current_hp_per_floor":[1,1,4,4,4,4,4,4,4,4,4,4,4,4,9,12,12,12,12,12,12,12,12,12,12,12,12,12,12,12,12,12,12,12,18,18,18,16,18,18,18,18,18,18,32,32,32,32,32,32],"gold":2011,"neow_bonus":"THREE_ENEMY_KILL","is_daily":false,"chose_seed":false,"campfire_upgraded":1,"win_rate":0.0,"timestamp":1609999895,"path_taken":["M","WH","?","M","?","R","WH","E","T","?","WH","$","E","M","R","BOSS","M","$","M","WH","?","E","R","NM","T","E","WH","M","AVR","M","R","BOSS","M","?","M","?","M","E","WH","E","T","R","E","M","WH","M","R","BOSS"],"items_purchased_type":[],"build_version":"2020-12-22","purchased_purges":0,"victory":true,"max_hp_per_floor":[1,1,4,4,4,4,4,4,4,4,4,4,4,4,9,12,12,12,12,12,12,12,12,12,12,12,12,12,12,12,12,12,12,12,18,18,18,18,18,18,18,18,18,18,32,32,32,32,32,32],"card_choices":[{"not_picked":["champ:StanceDance","Replay:Poison Smokescreen"],"picked":"champ:BringItOn","floor":1},{"not_picked":["Shrug It Off","hexamod:BurningTouch"],"picked":"Hidden Blade","floor":4},{"not_picked":["Slimebound:Overexert","Juggernaut"],"picked":"Slimebound:MassFeed","floor":8},{"not_picked":["Slimebound:LeechLife","Night Terror"],"picked":"Feed","floor":13},{"not_picked":["Sanctity","hexamod:Hexaguard"],"picked":"Dark Shackles","floor":14},{"not_picked":["Poisoned Strike","Grand Finale"],"picked":"Midas Touch","floor":16},{"not_picked":["Slimebound:SplitBruiser","conspire:Rain"],"picked":"Blade Dance","floor":18},{"not_picked":["sneckomod:IronFang","Barrage+1"],"picked":"Backflip","floor":20},{"not_picked":["hexamod:CrushingStance","hexamod:GhostflameInferno"],"picked":"Barricade","floor":23},{"not_picked":["Mirror Shield","Fission"],"picked":"Hemogenesis","floor":25},{"not_picked":["conspire:HitWhereItHurts","Guardian:TimeSifter"],"picked":"Replay:Dark Deal","floor":27},{"not_picked":["sneckomod:UnknownUncommonPower","ThirdEye"],"picked":"Quick Slash","floor":29},{"not_picked":["Guardian:TemporalShield","Replay:ManipulateFuture+1"],"picked":"Backstab","floor":31},{"not_picked":["Poisoned Strike","hexamod:GhostflameInferno"],"picked":"Master of Strategy","floor":33},{"not_picked":["hexamod:RetreatToShadows+1","hexamod:FastForward","Slimebound:SpikyOuterGoop+1"],"picked":"SKIP","floor":35},{"not_picked":["Entrench","Slimebound:GrowthPunch+1"],"picked":"Replay:ManipulateFuture+1","floor":37},{"not_picked":["Guardian:Planning+1","Skim+1"],"picked":"Tempest+1","floor":39},{"not_picked":["ReplayRNGCard","Guardian:BaubleBeam"],"picked":"Transmutation","floor":40},{"not_picked":["Guardian:StasisField","aspiration:Lunge"],"picked":"Exhume","floor":42},{"not_picked":["Poison Darts","hexamod:GhostflameInferno"],"picked":"Hyperbeam","floor":45},{"not_picked":["Replay:Undeath\u0027s Touch","hexamod:AdvancingGuard"],"picked":"Panic Button","floor":46},{"not_picked":["Guardian:Recover+1","Weave+1"],"picked":"Scrape","floor":48}],"player_experience":830854,"relics_obtained":[{"floor":8,"key":"Replay:Multitool"},{"floor":9,"key":"infinitespire:Beetle Shell"},{"floor":10,"key":"Ring of Misfortune"},{"floor":10,"key":"Ring of Panic"},{"floor":13,"key":"Iron Hammer"},{"floor":15,"key":"Durian"},{"floor":23,"key":"infinitespire:CheckeredPen"},{"floor":25,"key":"Replay:Bottled Eggs"},{"floor":26,"key":"FossilizedHelix"},{"floor":27,"key":"hubris:MobiusCoin"},{"floor":40,"key":"ReplayTheSpireMod:Lightbulb"},{"floor":42,"key":"Counterbalance"},{"floor":43,"key":"Quantum Egg"},{"floor":44,"key":"conspire:TopHat"},{"floor":45,"key":"Mango"},{"floor":49,"key":"Gremlin Horn"}],"event_choices":[{"cards_removed":["Quick Slash"],"damage_healed":0,"gold_gain":0,"player_choice":"Removed Attack","damage_taken":0,"max_hp_gain":0,"max_hp_loss":0,"event_name":"Falling","floor":36,"gold_loss":0},{"damage_healed":0,"gold_gain":0,"player_choice":"Embrace Madness","damage_taken":2,"max_hp_gain":0,"max_hp_loss":0,"event_name":"Winding Halls","floor":38,"gold_loss":0,"cards_obtained":["Madness","Madness"]}],"is_beta":false,"boss_relics":[{"not_picked":["Black Star","energizedSpire:OgreHead"],"picked":"conspire:SpecialSausage"},{"not_picked":["infinitespire:Burning Sword","hubris:TerracottaHorce"],"picked":"Snecko Eye"}],"items_purged_floors":[],"is_endless":false,"potions_floor_spawned":[8,14,20,23,29,31,35,37,40,46,48],"ascension_level":0}}