{"host":"lk85u298wfxhyupu","time":1609984480,"event":{"mods":["Act Like it!","Arknights The Spire","BaseMod","Better Third Choice","Decade(???)","Gensokyo","Hubris","Koishi","Marisa????????","Minty Spire (QoL Compilation)","Remilia??????","SOS???????","Small Relic Pack","Spicy Shops","StSLib","Td1madao Mod","The Bug Knight","The Mystic","The Servant 0.9.4","The Wild Card","??????REMEMod"],"gold_per_floor":[109,163,163,177,190,190,240,240,240,277,297,324,335,335,335,467,467,485,92,110,168,168,168,188,188,188,188,203,223,242,242,242],"floor_reached":31,"playtime":3102,"items_purged":[],"score":276,"play_id":"8d659ab5-39b9-4109-8ed3-56343e5cc803","local_time":"20210106205440","is_ascension_mode":false,"campfire_choices":[{"data":"Swordmaster","floor":6.0,"key":"SMITH"},{"floor":15.0,"key":"REST"},{"floor":23.0,"key":"REST"},{"floor":25,"key":"REST"},{"floor":27,"key":"RECALL"}],"circlet_count":0,"master_deck":["Attack_a","Attack_a","Attack_b","Shoot","Shoot","Provocation","Defend_Dante","Defend_Dante","Defend_Dante","Defend_Dante","Redorb","Pandora","LucifercomboC","LucifercomboA","Swordmaster+1","Good Instincts","Chargeshoot2","Trickster","LucifercomboD","Rebellion","Weaponreturn","Royaldefend","Rebellion","Enemystep","CurseOfTheBell","Gunslinger+1","Darkslayer+1","Millionstab","Splesh","LucifercomboA","Doubleshoot+1","LucifercomboD","LucifercomboB+1","Whiteorb+1","Darkslayer+1"],"relics":["SSS","Combocheck","REME_ComplimentaryCards","NeowsBlessing","hubris:TenFootPole","Potion Belt","Strawberry","Calling Bell","MealTicket","Toxic Egg 2","hubris:MedicalManual","Medical Kit","Matryoshka"],"acts_visited":["Exordium","TheCity"],"potions_floor_usage":[],"damage_taken":[{"damage":0.0,"enemies":"Small Slimes","floor":1.0,"turns":1.0},{"damage":0.0,"enemies":"2 Louse","floor":2.0,"turns":1.0},{"damage":0.0,"enemies":"Jaw Worm","floor":4.0,"turns":1.0},{"damage":13.0,"enemies":"Large Slime","floor":5.0,"turns":4.0},{"damage":27.0,"enemies":"Lagavulin","floor":7.0,"turns":5.0},{"damage":20.0,"enemies":"Gremlin Nob","floor":10.0,"turns":4.0},{"damage":12.0,"enemies":"Exordium Thugs","floor":11.0,"turns":4.0},{"damage":0.0,"enemies":"3 Louse","floor":13.0,"turns":2.0},{"damage":32.0,"enemies":"The Guardian","floor":16.0,"turns":7.0},{"damage":0.0,"enemies":"3 Byrds","floor":18.0,"turns":2.0},{"damage":34.0,"enemies":"Spheric Guardian","floor":20.0,"turns":5.0},{"damage":39.0,"enemies":"Snake Plant","floor":21.0,"turns":5.0},{"damage":14.0,"enemies":"Chosen and Byrds","floor":24.0,"turns":4.0},{"damage":21,"enemies":"Centurion and Healer","floor":28,"turns":4},{"damage":13,"enemies":"Cultist and Chosen","floor":29,"turns":5},{"damage":14,"enemies":"Snake Plant","floor":30,"turns":3},{"damage":5,"enemies":"Shelled Parasite and Fungi","floor":31,"turns":1}],"seed_played":"-6422403606326859332","potions_obtained":[{"floor":1.0,"key":"LiquidMemories"},{"floor":5.0,"key":"Regen Potion"},{"floor":10.0,"key":"SkillPotion"},{"floor":18.0,"key":"LiquidMemories"},{"floor":21.0,"key":"SteroidPotion"},{"floor":29,"key":"EssenceOfSteel"}],"is_trial":false,"path_per_floor":["M","M","?","M","M","R","E","?","T","E","M","T","M","?","R","B",null,"M","$","M","M","?","R","M","R","T","R","M","M","M","M"],"character_chosen":"DANTE","items_purchased":["Darkslayer+1","Medical Kit","Millionstab","Splesh"],"campfire_rested":3,"item_purchase_floors":[19,19,19,19],"current_hp_per_floor":[80,80,80,80,67,67,40,40,40,20,17,24,24,24,50,18,87,87,87,53,14,14,40,26,52,52,52,31,18,4,0,0],"gold":242,"neow_bonus":"THREE_ENEMY_KILL","is_daily":false,"chose_seed":false,"campfire_upgraded":1,"win_rate":0.0,"timestamp":1609984480,"path_taken":["M","M","?","M","M","R","E","?","T","E","M","?","M","?","R","BOSS","M","$","M","M","?","R","M","R","T","R","M","M","M","M"],"items_purchased_type":["Card","Relic","Card","Card"],"build_version":"2020-12-22","purchased_purges":0,"victory":false,"max_hp_per_floor":[80,80,80,80,80,80,80,80,80,80,80,87,87,87,87,87,87,87,87,87,87,87,87,87,87,87,87,87,87,87,87,87],"card_choices":[{"not_picked":["Doubleshoot","Dash1"],"picked":"Pandora","floor":1.0},{"not_picked":["LucifercomboD","Fullhouse"],"picked":"LucifercomboC","floor":2.0},{"not_picked":["Weaponchange","Millionstab"],"picked":"LucifercomboA","floor":4.0},{"not_picked":["Honeycombofire","Pandora"],"picked":"Swordmaster","floor":5.0},{"not_picked":["BeastUppercut","Weaponchange"],"picked":"Chargeshoot2","floor":7.0},{"not_picked":["DevilstarS","Millionkick"],"picked":"Trickster","floor":10.0},{"not_picked":["Weaponchange","Royaldefend"],"picked":"LucifercomboD","floor":11.0},{"not_picked":["Whiteorb","Kick13"],"picked":"Rebellion","floor":13.0},{"not_picked":["Purpleorb","Airtrick"],"picked":"Enemystep","floor":16.0},{"not_picked":["VitalstarS+1","Ecstasy+1"],"picked":"Gunslinger+1","floor":18.0},{"not_picked":["Splesh","Dash2+1"],"picked":"LucifercomboA","floor":20.0},{"not_picked":["Unrisingdragon","Weaponchange+1"],"picked":"Doubleshoot+1","floor":21.0},{"not_picked":["Splesh","Airhike+1"],"picked":"LucifercomboD","floor":24},{"not_picked":["Dash1+1","Dash2+1"],"picked":"LucifercomboB+1","floor":28},{"not_picked":["Millionkick+1","Splesh"],"picked":"Whiteorb+1","floor":29},{"not_picked":["Gilgamesh","Weaponchange+1"],"picked":"Darkslayer+1","floor":30}],"player_experience":22866,"relics_obtained":[{"floor":7.0,"key":"hubris:TenFootPole"},{"floor":10.0,"key":"Potion Belt"},{"floor":12.0,"key":"Strawberry"},{"floor":17.0,"key":"MealTicket"},{"floor":17.0,"key":"Toxic Egg 2"},{"floor":17.0,"key":"hubris:MedicalManual"},{"floor":26,"key":"Matryoshka"}],"event_choices":[{"damage_healed":0.0,"max_hp_gain":0.0,"max_hp_loss":0.0,"gold_gain":0.0,"event_name":"Golden Wing","player_choice":"Ignored","floor":3.0,"gold_loss":0.0,"damage_taken":0.0},{"damage_healed":0.0,"max_hp_gain":0.0,"max_hp_loss":0.0,"gold_gain":0.0,"event_name":"Golden Idol","player_choice":"Ignored","floor":8.0,"gold_loss":0.0,"damage_taken":0.0},{"damage_healed":0.0,"max_hp_gain":0.0,"max_hp_loss":0.0,"gold_gain":0.0,"event_name":"Match and Keep!","player_choice":"3 cards matched","floor":14.0,"gold_loss":0.0,"damage_taken":0.0,"cards_obtained":["Weaponreturn","Royaldefend","Rebellion"]},{"damage_healed":0.0,"max_hp_gain":0.0,"max_hp_loss":0.0,"gold_gain":0.0,"event_name":"Ghosts","player_choice":"Ignored","floor":22.0,"gold_loss":0.0,"damage_taken":0.0}],"is_beta":false,"boss_relics":[{"not_picked":["Astrolabe","SlaversCollar"],"picked":"Calling Bell"}],"items_purged_floors":[],"is_endless":false,"potions_floor_spawned":[1,5,10,18,21,29],"killed_by":"Shelled Parasite and Fungi","ascension_level":0}}