{"host":"oy4pyvr762z5n0bb","time":1609991912,"event":{"mods":["AchievementEnabler","BaseMod","Colored Map","Colored Powertips","Googly Eyes","Key Reminder","Minty Spire (QoL Compilation)","Quick Restart","Relic Sorter","StSLib","SuperFastMode","Unceasing Turn Reminder","slay the spire mod where everything is the same but ironclad has a cowboy hat"],"gold_per_floor":[110,127,127,26,26,26,61,61,116,141,141,157,157,4,4,107,107,126,126,26,40,60,88,3,3,85,85,98,98,124,124,124,124,124],"floor_reached":33,"playtime":805,"items_purged":["Regret"],"score":427,"play_id":"f5e84781-973b-4555-b889-b4c2ec529277","local_time":"20210106195832","is_ascension_mode":true,"campfire_choices":[{"data":"Deadly Poison","floor":6,"key":"SMITH"},{"floor":8,"key":"REST"},{"floor":13,"key":"REST"},{"data":"Deadly Poison","floor":15,"key":"SMITH"},{"floor":27,"key":"REST"},{"data":"Noxious Fumes","floor":29,"key":"SMITH"},{"data":"Deadly Poison","floor":32,"key":"SMITH"}],"circlet_count":0,"master_deck":["Strike_G","Strike_G","Strike_G","Strike_G","Strike_G","Defend_G","Defend_G+1","Defend_G","Defend_G","Defend_G","Survivor","Neutralize","PiercingWail+1","Deadly Poison+1","Die Die Die","Slice","Deadly Poison+1","Quick Slash","Corpse Explosion","PiercingWail+1","Dagger Throw+1","Deadly Poison+1","Noxious Fumes+1","Decay","Dodge and Roll"],"relics":["SacredBark","Potion Belt","Regal Pillow","War Paint","Toy Ornithopter","Matryoshka","Cursed Key","Ginger","Lantern","Bag of Marbles","White Beast Statue","Thread and Needle"],"acts_visited":["Exordium","TheCity"],"potions_floor_usage":[7,10,16,21,23,23,23,23,23,30,30,31,33,33],"damage_taken":[{"damage":7,"enemies":"2 Louse","floor":1,"turns":4},{"damage":0,"enemies":"Small Slimes","floor":2,"turns":4},{"damage":32,"enemies":"Gremlin Nob","floor":7,"turns":5},{"damage":35,"enemies":"Lagavulin","floor":10,"turns":8},{"damage":2,"enemies":"Jaw Worm","floor":12,"turns":3},{"damage":25,"enemies":"Hexaghost","floor":16,"turns":7},{"damage":9,"enemies":"2 Thieves","floor":18,"turns":3},{"damage":0,"enemies":"3 Byrds","floor":21,"turns":3},{"damage":46,"enemies":"Sentry and Sphere","floor":22,"turns":6},{"damage":0,"enemies":"Slavers","floor":23,"turns":2},{"damage":12,"enemies":"Centurion and Healer","floor":28,"turns":4},{"damage":21,"enemies":"Book of Stabbing","floor":30,"turns":6},{"damage":0,"enemies":"Shelled Parasite and Fungi","floor":31,"turns":1},{"damage":69,"enemies":"Collector","floor":33,"turns":9}],"seed_played":"-7205138922843912094","potions_obtained":[{"floor":2,"key":"GamblersBrew"},{"floor":10,"key":"SpeedPotion"},{"floor":18,"key":"GamblersBrew"},{"floor":22,"key":"Swift Potion"},{"floor":28,"key":"Ancient Potion"},{"floor":30,"key":"FearPotion"}],"is_trial":false,"path_per_floor":["M","M","?","$","?","R","E","R","T","E","?","M","R","$","R","B",null,"M","?","$","M","M","E","?","$","T","R","M","R","E","M","R","B"],"character_chosen":"THE_SILENT","items_purchased":["ColorlessPotion","Block Potion","Poison Potion","Quick Slash","EntropicBrew"],"campfire_rested":3,"item_purchase_floors":[4,4,14,14,20],"current_hp_per_floor":[56,56,56,56,56,56,24,60,60,25,18,16,52,52,52,32,61,52,52,52,57,11,36,36,36,36,70,58,58,47,52,52,0,0],"gold":124,"neow_bonus":"BOSS_RELIC","is_daily":false,"chose_seed":false,"campfire_upgraded":4,"win_rate":0.0,"timestamp":1609991912,"path_taken":["M","M","?","$","?","R","E","R","T","E","?","M","R","$","R","BOSS","M","?","$","M","M","E","?","$","T","R","M","R","E","M","R","BOSS"],"items_purchased_type":["Potion","Potion","Potion","Card","Potion"],"build_version":"2020-12-22","purchased_purges":1,"victory":false,"max_hp_per_floor":[70,70,70,70,70,70,70,70,70,70,70,70,70,70,70,70,70,70,70,70,70,70,70,70,70,70,70,70,70,70,70,70,70,70],"card_choices":[{"not_picked":["Prepared","Choke"],"picked":"PiercingWail","floor":1},{"not_picked":["PiercingWail","Accuracy"],"picked":"Deadly Poison","floor":2},{"not_picked":["Backflip","Prepared"],"picked":"Die Die Die","floor":7},{"not_picked":["Expertise","Phantasmal Killer"],"picked":"Slice","floor":10},{"not_picked":["Prepared","Crippling Poison"],"picked":"Deadly Poison","floor":12},{"not_picked":["Adrenaline","Glass Knife"],"picked":"Corpse Explosion","floor":16},{"not_picked":["Bane","Skewer+1"],"picked":"PiercingWail+1","floor":18},{"not_picked":["Blur","Bane"],"picked":"Dagger Throw+1","floor":21},{"not_picked":["Blade Dance","Finisher"],"picked":"Deadly Poison","floor":22},{"not_picked":["Dagger Throw+1","Dash+1"],"picked":"Noxious Fumes","floor":23},{"not_picked":["Cloak And Dagger","Blade Dance+1","Quick Slash"],"picked":"SKIP","floor":28},{"not_picked":["Blur","Slice"],"picked":"Dodge and Roll","floor":30}],"player_experience":637076,"relics_obtained":[{"floor":7,"key":"Regal Pillow"},{"floor":9,"key":"War Paint"},{"floor":10,"key":"Toy Ornithopter"},{"floor":23,"key":"Ginger"},{"floor":26,"key":"Bag of Marbles"},{"floor":26,"key":"White Beast Statue"},{"floor":30,"key":"Thread and Needle"}],"event_choices":[{"damage_healed":0,"gold_gain":0,"player_choice":"Box","damage_taken":0,"relics_obtained":["Potion Belt"],"max_hp_gain":0,"max_hp_loss":0,"event_name":"Big Fish","floor":3,"gold_loss":0,"cards_obtained":["Regret"]},{"damage_healed":0,"gold_gain":0,"player_choice":"Ignored","damage_taken":0,"max_hp_gain":0,"max_hp_loss":0,"event_name":"Golden Wing","floor":5,"gold_loss":0},{"damage_healed":0,"gold_gain":0,"player_choice":"Success","damage_taken":7,"relics_obtained":["Matryoshka"],"max_hp_gain":0,"max_hp_loss":0,"event_name":"Scrap Ooze","floor":11,"gold_loss":0},{"damage_healed":0,"gold_gain":0,"player_choice":"Ignored","damage_taken":0,"max_hp_gain":0,"max_hp_loss":0,"event_name":"Beggar","floor":19,"gold_loss":0},{"damage_healed":0,"gold_gain":0,"player_choice":"Obtained Relic","damage_taken":0,"relics_obtained":["Lantern"],"max_hp_gain":0,"max_hp_loss":0,"event_name":"Addict","floor":24,"gold_loss":85}],"is_beta":false,"boss_relics":[{"not_picked":["HoveringKite","Fusion Hammer"],"picked":"Cursed Key"}],"items_purged_floors":[14],"is_endless":false,"potions_floor_spawned":[2,10,18,22,28,30,31],"killed_by":"Collector","ascension_level":7}}