{"host":"i9h64q9gphvrup4n","time":1609981284,"event":{"mods":["2.2 Compatiblity","AchievementEnabler","Aspiration","Astrologer","Bard","BaseMod","Beaked The Cultist","BetterRewards","Colored Powertips","Conspire","Downfall","Gremlin Mod","Hermit","Hubris","Infinite Spire","Jorbs\u0027s Wanderer Trilogy","Minty Spire (QoL Compilation)","Replay The Spire","Shop Mod","StSLib","SuperFastMode","The Blackbeard","The Bladedancer","The Bug Knight","The Construct","The Cursed","The Disciple","The Hierophant","The Jungle","The Necromancer","The Runesmith","The Wild Card","slay the spire mod where everything is the same but ironclad has a cowboy hat","vexMod"],"gold_per_floor":[114,114,132,143,218,245,245,245,245,260,284,284,317,336,354,367,367,444,444,463,463,479,405,417,444,444,472,472,472,472],"floor_reached":29,"playtime":1173,"items_purged":[],"score":454,"play_id":"7e5caa29-f42d-403a-926c-af8ec8360038","local_time":"20210106190124","is_ascension_mode":true,"campfire_choices":[{"floor":9,"key":"REST"},{"floor":17,"key":"REST"},{"floor":26,"key":"REST"}],"circlet_count":0,"master_deck":["AscendersBane","Strike_W","Strike_W","Strike_W","Strike_W","Defend_W","Defend_W","Defend_W","Defend_W","Negative_Energy_Arrows","Bone_Wall","Finger_Of_Death","Bone_Armory","Plague_Bolt","Siphon_Strength","Summon_Undead","Vampiric_Strike","Spectral_Walk","Summon_Lich","Consume_Illness","Blood_Wake","CurseOfTheBell","Negative_Energy_Javelin+1","Death_Coil","Necrotic_Claws","Exploit","infinitespire:Execution","Death_Coil"],"relics":["Vampire_Amulet","NeowsBlessing","GremlinMask","Potion Belt","aspiration:ChemicalBlood","Regal Pillow","Calling Bell","aspiration:HiddenCompartment","Replay:Bottled Steam","Durian","aspiration:TomeofQuesting","Meat on the Bone","Toxic Egg 2"],"acts_visited":["Exordium","TheCity"],"potions_floor_usage":[13,14,16,18,18,18,20,22,24,24,25,25,27,27,27,27,29,29,29],"damage_taken":[{"damage":0,"enemies":"Jaw Worm","floor":1,"turns":1},{"damage":0,"enemies":"Cultist","floor":3,"turns":1},{"damage":0,"enemies":"Small Slimes","floor":4,"turns":1},{"damage":67,"enemies":"3 Sentries","floor":6,"turns":16},{"damage":9,"enemies":"3 Louse","floor":10,"turns":4},{"damage":18,"enemies":"Lagavulin","floor":13,"turns":7},{"damage":3,"enemies":"Exordium Wildlife","floor":14,"turns":3},{"damage":2,"enemies":"Blue Slaver","floor":15,"turns":6},{"damage":14,"enemies":"Red Slaver","floor":16,"turns":3},{"damage":47,"enemies":"Slime Boss","floor":18,"turns":10},{"damage":10,"enemies":"Chosen","floor":20,"turns":7},{"damage":22,"enemies":"3 Byrds","floor":22,"turns":4},{"damage":24,"enemies":"Snecko","floor":24,"turns":4},{"damage":57,"enemies":"conspire:Head Lice","floor":25,"turns":8},{"damage":75,"enemies":"Nightmare","floor":27,"turns":9},{"damage":35,"enemies":"Slavers","floor":29,"turns":3}],"seed_played":"-4253515256206338136","potions_obtained":[{"floor":6,"key":"PowerPotion"},{"floor":10,"key":"sneckomod:MuddlingPotion"},{"floor":13,"key":"Explosive Potion"},{"floor":14,"key":"BlessingOfTheForge"},{"floor":18,"key":"ColorlessPotion"},{"floor":20,"key":"Doom Potion"}],"is_trial":false,"path_per_floor":["M","?","M","M","?","E","PTL","PTL","R","M","T","?","E","M","M","M","R","B",null,"M","?","M","?","M","E","R","NM","T","E"],"character_chosen":"NECROMANCER","items_purchased":[],"campfire_rested":3,"item_purchase_floors":[],"current_hp_per_floor":[70,70,72,75,64,3,3,3,25,22,22,29,13,16,16,6,43,11,64,56,80,66,80,64,55,80,24,24,0,0],"gold":472,"neow_bonus":"THREE_ENEMY_KILL","is_daily":false,"chose_seed":false,"campfire_upgraded":0,"win_rate":0.0,"timestamp":1609981284,"path_taken":["M","?","?","M","?","E","PTL","PTL","R","M","T","?","E","M","M","M","R","BOSS","M","?","M","?","?","E","R","NM","T","E"],"items_purchased_type":[],"build_version":"2020-12-22","purchased_purges":0,"victory":false,"max_hp_per_floor":[75,75,75,75,75,75,75,75,75,75,75,75,75,75,75,75,75,75,80,80,80,80,80,80,80,80,80,80,80,80],"card_choices":[{"not_picked":["Bone_Shift","Bone_Bullets"],"picked":"Finger_Of_Death","floor":1},{"not_picked":["Deaths_Shadow","Siphon_Strength"],"picked":"Bone_Armory","floor":3},{"not_picked":["Blood_Curse","Life_Tap"],"picked":"Plague_Bolt","floor":4},{"not_picked":["Bone_Armor","Chill_Blood"],"picked":"Siphon_Strength","floor":6},{"not_picked":["Death_Coil","Blood_for_Blood"],"picked":"Summon_Undead","floor":10},{"not_picked":["Life_Tap","Bone_Armor"],"picked":"Vampiric_Strike","floor":13},{"not_picked":["Bone_Bullets","Blood_Whip"],"picked":"Spectral_Walk","floor":14},{"not_picked":["Blood_Wake","Scare"],"picked":"Summon_Lich","floor":15},{"not_picked":["Bone_Shift","Bone_Bullets"],"picked":"Consume_Illness","floor":16},{"not_picked":["Requiem","Negative_Energy_Bomb"],"picked":"Blood_Wake","floor":18},{"not_picked":["Whirlwind_of_Bones","Vampiric_Strike"],"picked":"Negative_Energy_Javelin+1","floor":20},{"not_picked":["Negative_Energy_Shield","Bones_to_Steel"],"picked":"Death_Coil","floor":22},{"not_picked":["Shackles_Of_Pain","Finger_Of_Death"],"picked":"Necrotic_Claws","floor":24},{"not_picked":["Chill_Blood","Bones_to_Steel"],"picked":"Exploit","floor":25},{"not_picked":["infinitespire:Collect","hubris:Fate"],"picked":"infinitespire:Execution","floor":27},{"not_picked":["Bone_Spikes","Bones_to_Steel"],"picked":"Death_Coil","floor":27}],"player_experience":678285,"relics_obtained":[{"floor":6,"key":"Potion Belt"},{"floor":11,"key":"aspiration:ChemicalBlood"},{"floor":13,"key":"Regal Pillow"},{"floor":19,"key":"aspiration:HiddenCompartment"},{"floor":19,"key":"Replay:Bottled Steam"},{"floor":19,"key":"Durian"},{"floor":25,"key":"aspiration:TomeofQuesting"},{"floor":27,"key":"Meat on the Bone"},{"floor":28,"key":"Toxic Egg 2"}],"event_choices":[{"damage_healed":0,"gold_gain":0,"player_choice":"Trade","damage_taken":0,"relics_obtained":["GremlinMask"],"max_hp_gain":0,"max_hp_loss":0,"event_name":"FaceTrader","floor":2,"gold_loss":0},{"damage_healed":0,"gold_gain":75,"player_choice":"Gather Gold","damage_taken":11,"max_hp_gain":0,"max_hp_loss":0,"event_name":"World of Goop","floor":5,"gold_loss":0},{"damage_healed":26,"gold_gain":0,"player_choice":"Heal","damage_taken":0,"max_hp_gain":0,"max_hp_loss":0,"event_name":"The Library","floor":21,"gold_loss":0}],"is_beta":false,"boss_relics":[{"not_picked":["vexMod:FluxCapacitor","ReplayTheSpireMod:DimensionalGlitch"],"picked":"Calling Bell"}],"items_purged_floors":[],"is_endless":false,"potions_floor_spawned":[6,10,13,14,18,20,25],"killed_by":"Slavers","ascension_level":13}}