{"host":"8u7tvcybuv0u72fd","time":1609996783,"event":{"mods":["BaseMod","BetterRewards","Colored Map","Colored Powertips","Minty Spire (QoL Compilation)","Quick Restart","Shop Mod"],"gold_per_floor":[41,116,116,133,147,147,163,163,188,204,204,233,233,85,85,187,187,200,290,76,87,104,139,151,167,167,167,183,200,200,200,200,303,303,320,320,365,365,212,212,212,212,212,230,230,246,272,127,127,127,127,127,6,32,32,32],"floor_reached":55,"playtime":2752,"items_purged":["Strike_R"],"score":915,"play_id":"7dd4fdfc-9d2f-4d2b-a2bb-373fa63f5b6c","local_time":"20210107001943","is_ascension_mode":false,"campfire_choices":[{"data":"Body Slam","floor":6.0,"key":"SMITH"},{"data":"Bash","floor":8.0,"key":"SMITH"},{"data":"Disarm","floor":13.0,"key":"SMITH"},{"data":"Clash","floor":15.0,"key":"SMITH"},{"data":"Heavy Blade","floor":27.0,"key":"SMITH"},{"data":"1","floor":32.0,"key":"LIFT"},{"data":"The Bomb","floor":40.0,"key":"SMITH"},{"data":"Jack Of All Trades","floor":45.0,"key":"SMITH"},{"floor":49.0,"key":"RECALL"},{"data":"Bite","floor":52,"key":"SMITH"}],"circlet_count":0,"master_deck":["Defend_R","Defend_R","Defend_R","Defend_R","Bash+1","Body Slam+1","Headbutt","Shrug It Off+1","Disarm+1","Clash+1","Cleave","Inflame+1","Heavy Blade+1","Bite","Bite","Bite","Bite","Bite+1","Heavy Blade+1","Jack Of All Trades+1","The Bomb+1","Impervious","Flex+1","Metallicize+1","Whirlwind+1"],"relics":["Black Blood","HandDrill","Matryoshka","Magic Flower","Ice Cream","Bag of Marbles","Art of War","Frozen Egg 2","Akabeko","Busted Crown","Boot","Girya","Nunchaku","Unceasing Top","PreservedInsect","Letter Opener","Bag of Preparation","Red Skull","Bottled Flame"],"acts_visited":["Exordium","TheCity","TheBeyond","TheEnding"],"potions_floor_usage":[50,55,55,55],"damage_taken":[{"damage":1.0,"enemies":"Cultist","floor":1.0,"turns":4.0},{"damage":0.0,"enemies":"Small Slimes","floor":4.0,"turns":3.0},{"damage":6.0,"enemies":"2 Louse","floor":5.0,"turns":2.0},{"damage":12.0,"enemies":"Blue Slaver","floor":7.0,"turns":3.0},{"damage":0.0,"enemies":"Exordium Wildlife","floor":10.0,"turns":2.0},{"damage":13.0,"enemies":"3 Sentries","floor":12.0,"turns":8.0},{"damage":12.0,"enemies":"The Guardian","floor":16.0,"turns":8.0},{"damage":5.0,"enemies":"3 Byrds","floor":18.0,"turns":5.0},{"damage":5.0,"enemies":"Spheric Guardian","floor":21.0,"turns":3.0},{"damage":13.0,"enemies":"Centurion and Healer","floor":22.0,"turns":5.0},{"damage":36.0,"enemies":"Gremlin Leader","floor":23.0,"turns":7.0},{"damage":14.0,"enemies":"Sentry and Sphere","floor":24.0,"turns":4.0},{"damage":10.0,"enemies":"Chosen and Byrds","floor":25.0,"turns":3.0},{"damage":21.0,"enemies":"3 Cultists","floor":28.0,"turns":4.0},{"damage":10.0,"enemies":"Centurion and Healer","floor":29.0,"turns":4.0},{"damage":78.0,"enemies":"Collector","floor":33.0,"turns":11.0},{"damage":13.0,"enemies":"3 Shapes","floor":35.0,"turns":3.0},{"damage":33.0,"enemies":"2 Orb Walkers","floor":37.0,"turns":4.0},{"damage":0.0,"enemies":"3 Darklings","floor":44.0,"turns":4.0},{"damage":16.0,"enemies":"Writhing Mass","floor":46.0,"turns":3.0},{"damage":7.0,"enemies":"Nemesis","floor":47.0,"turns":3.0},{"damage":111,"enemies":"Awakened One","floor":50,"turns":10},{"damage":93,"enemies":"Shield and Spear","floor":54,"turns":6},{"damage":40,"enemies":"The Heart","floor":55,"turns":2}],"seed_played":"-546968646532246341","potions_obtained":[{"floor":5.0,"key":"AttackPotion"},{"floor":10.0,"key":"PowerPotion"},{"floor":16.0,"key":"BlessingOfTheForge"},{"floor":23.0,"key":"LiquidMemories"},{"floor":25.0,"key":"DuplicationPotion"},{"floor":28.0,"key":"FearPotion"},{"floor":29.0,"key":"Weak Potion"},{"floor":44.0,"key":"LiquidBronze"}],"is_trial":false,"path_per_floor":["M","?","?","M","M","R","M","R","T","M","?","E","R","$","R","B",null,"M","?","$","M","M","E","M","M","T","R","M","M","?","?","R","B",null,"M","?","?","?","$","R","T","?","T","M","R","M","E","$","R","B",null,"R","$","E","B"],"character_chosen":"IRONCLAD","items_purchased":["Body Slam","HandDrill","Matryoshka","Ice Cream","Explosive Potion","Akabeko","Inflame+1","Boot","PreservedInsect","Red Skull","Block Potion","Metallicize+1"],"campfire_rested":0,"item_purchase_floors":[0,0,0,0,0,14,20,20,39,48,53,53],"current_hp_per_floor":[56,45,45,54,57,57,54,54,54,63,63,59,59,59,59,56,80,80,68,68,72,80,64,73,72,72,72,78,80,80,80,80,47,80,80,80,74,69,69,69,69,69,69,80,80,80,80,80,80,23,80,80,80,19,0,0],"gold":32,"neow_bonus":"","is_daily":false,"chose_seed":false,"campfire_upgraded":8,"win_rate":0.0,"timestamp":1609996783,"path_taken":["M","?","?","M","M","R","M","R","T","M","?","E","R","?","R","BOSS","M","?","$","M","M","E","M","M","T","R","?","M","?","?","R","BOSS","M","?","?","?","$","R","?","?","T","M","R","M","E","$","R","BOSS","R","$","E","BOSS"],"items_purchased_type":["Card","Relic","Relic","Relic","Potion","Relic","Card","Relic","Relic","Relic","Potion","Card"],"build_version":"2020-12-22","purchased_purges":1,"victory":false,"max_hp_per_floor":[80,80,80,80,80,80,80,80,80,80,80,80,80,80,80,80,80,80,80,80,80,80,80,80,80,80,80,80,80,80,80,80,80,80,80,80,80,80,80,80,80,80,80,80,80,80,80,80,80,80,80,80,80,80,80,80],"card_choices":[{"not_picked":["Armaments","Anger","Sword Boomerang"],"picked":"SKIP","floor":1.0},{"not_picked":["Infernal Blade","Dropkick"],"picked":"Headbutt","floor":4.0},{"not_picked":["Clothesline","Reaper"],"picked":"Shrug It Off","floor":5.0},{"not_picked":["Anger","Hemokinesis","Pommel Strike"],"picked":"SKIP","floor":7.0},{"not_picked":["True Grit","Disarm","Body Slam"],"picked":"SKIP","floor":10.0},{"not_picked":["True Grit","Body Slam"],"picked":"Disarm","floor":10.0},{"not_picked":["Armaments","Havoc"],"picked":"Clash","floor":12.0},{"not_picked":["Limit Break","Fiend Fire"],"picked":"Reaper","floor":16.0},{"not_picked":[],"picked":"Cleave","floor":18.0},{"not_picked":["Second Wind"],"picked":"SKIP","floor":21.0},{"not_picked":["True Grit"],"picked":"SKIP","floor":22.0},{"not_picked":["Iron Wave"],"picked":"SKIP","floor":23.0},{"not_picked":["Sword Boomerang"],"picked":"SKIP","floor":24.0},{"not_picked":[],"picked":"Heavy Blade","floor":25.0},{"not_picked":["Dropkick"],"picked":"SKIP","floor":28.0},{"not_picked":["Heavy Blade+1"],"picked":"SKIP","floor":29.0},{"not_picked":["Sever Soul"],"picked":"SKIP","floor":35.0},{"not_picked":[],"picked":"Jack Of All Trades","floor":38.0},{"not_picked":[],"picked":"The Bomb","floor":38.0},{"not_picked":["Wild Strike"],"picked":"SKIP","floor":44.0},{"not_picked":[],"picked":"Flex+1","floor":46.0},{"not_picked":["Dual Wield+1"],"picked":"SKIP","floor":47.0},{"not_picked":[],"picked":"Whirlwind+1","floor":54}],"player_experience":1271055,"relics_obtained":[{"floor":9.0,"key":"Bag of Marbles"},{"floor":9.0,"key":"Art of War"},{"floor":12.0,"key":"Frozen Egg 2"},{"floor":23.0,"key":"Girya"},{"floor":26.0,"key":"Blood Vial"},{"floor":26.0,"key":"Nunchaku"},{"floor":37.0,"key":"Unceasing Top"},{"floor":43.0,"key":"Letter Opener"},{"floor":47.0,"key":"Bag of Preparation"},{"floor":54,"key":"Bottled Flame"}],"event_choices":[{"damage_healed":0.0,"max_hp_gain":0.0,"max_hp_loss":0.0,"gold_gain":75.0,"event_name":"World of Goop","player_choice":"Gather Gold","floor":2.0,"gold_loss":0.0,"damage_taken":11.0},{"damage_healed":0.0,"max_hp_gain":0.0,"max_hp_loss":0.0,"gold_gain":0.0,"event_name":"Liars Game","player_choice":"Ignored","floor":3.0,"gold_loss":0.0,"damage_taken":0.0},{"damage_healed":0.0,"max_hp_gain":0.0,"max_hp_loss":0.0,"gold_gain":0.0,"event_name":"Living Wall","player_choice":"Grow","floor":11.0,"gold_loss":0.0,"damage_taken":0.0,"cards_upgraded":["Shrug It Off"]},{"damage_healed":0.0,"max_hp_gain":0.0,"max_hp_loss":0.0,"gold_gain":90.0,"event_name":"Knowing Skull","player_choice":"GOLD ","floor":19.0,"potions_obtained":[],"gold_loss":0.0,"damage_taken":12.0,"cards_obtained":[]},{"damage_healed":0.0,"max_hp_gain":0.0,"max_hp_loss":0.0,"gold_gain":0.0,"event_name":"Vampires","player_choice":"Became a vampire (Vial)","floor":30.0,"relics_lost":["Blood Vial"],"gold_loss":0.0,"damage_taken":0.0,"cards_obtained":["Bite","Bite","Bite","Bite","Bite"]},{"damage_healed":0.0,"max_hp_gain":0.0,"max_hp_loss":0.0,"gold_gain":0.0,"event_name":"Duplicator","player_choice":"Copied","floor":31.0,"gold_loss":0.0,"damage_taken":0.0,"cards_obtained":["Heavy Blade"]},{"damage_healed":0.0,"max_hp_gain":0.0,"max_hp_loss":0.0,"gold_gain":0.0,"event_name":"Tomb of Lord Red Mask","player_choice":"Ignored","floor":36.0,"gold_loss":0.0,"damage_taken":0.0},{"damage_healed":0.0,"max_hp_gain":0.0,"max_hp_loss":0.0,"gold_gain":0.0,"event_name":"Mysterious Sphere","player_choice":"Fight","floor":37.0,"gold_loss":0.0,"damage_taken":0.0},{"damage_healed":0.0,"max_hp_gain":0.0,"max_hp_loss":0.0,"gold_gain":0.0,"event_name":"SensoryStone","player_choice":"Memory 2","floor":38.0,"gold_loss":0.0,"damage_taken":5.0},{"cards_removed":["Reaper"],"damage_healed":0.0,"max_hp_gain":0.0,"max_hp_loss":0.0,"gold_gain":0.0,"event_name":"NoteForYourself","player_choice":"Took Card","floor":42.0,"gold_loss":0.0,"damage_taken":0.0,"cards_obtained":["Impervious"]}],"is_beta":false,"boss_relics":[{"not_picked":["Black Star","Astrolabe"],"picked":"Busted Crown"},{"not_picked":["Empty Cage","SlaversCollar"],"picked":"Black Blood"}],"items_purged_floors":[0],"is_endless":false,"potions_floor_spawned":[5,10,16,23,25,28,29,44,47],"killed_by":"The Heart","ascension_level":0}}