{"host":"a2lvm7nbw6nkrc91","time":1609987204,"event":{"mods":["BaseMod","Friendly Minions","Hermit","Lobotomy","Minty Spire (QoL Compilation)","Replay The Spire","StSLib"],"gold_per_floor":[109,119,119,119,119,153,166,166,193,222,8,8,47,71,71,199,199,227,254,264,274,274],"floor_reached":21,"playtime":994,"items_purged":["hermit:Strike_Hermit"],"score":191,"play_id":"b60c3fa4-98be-4027-b046-2780e56599e6","local_time":"20210107114004","is_ascension_mode":false,"campfire_choices":[{"data":"hermit:Dive","floor":8,"key":"SMITH"},{"data":"hermit:Combo","floor":15,"key":"SMITH"}],"circlet_count":0,"master_deck":["hermit:Strike_Hermit","hermit:Strike_Hermit+1","hermit:Defend_Hermit","hermit:Defend_Hermit","hermit:Snapshot","hermit:Covet","hermit:ShadowCloak","hermit:Headshot","hermit:TrackingShot","Freischutz","hermit:Dive+1","hermit:Combo+1","hermit:GoldenBullet","BlackSwan","hermit:Showdown","hermit:BlackWind","LongBird","hermit:ItchyTrigger","SnowQueen","hermit:Deadeye","hermit:Enervate"],"relics":["hermit:Momento","CogitoBucket","RabbitCall","Nunchaku","Replay:Bandana","Dream Catcher","FleshIdol","Empty Cage"],"acts_visited":["Exordium","TheCity"],"potions_floor_usage":[6,14,18,18,20],"damage_taken":[{"damage":5,"enemies":"2 Louse","floor":1,"turns":3},{"damage":11,"enemies":"Jaw Worm","floor":2,"turns":5},{"damage":17,"enemies":"3 Sentries","floor":6,"turns":6},{"damage":0,"enemies":"Cultist","floor":7,"turns":3},{"damage":13,"enemies":"Exordium Thugs","floor":10,"turns":5},{"damage":10,"enemies":"Lagavulin","floor":13,"turns":7},{"damage":5,"enemies":"3 Louse","floor":14,"turns":8},{"damage":34,"enemies":"Hexaghost","floor":16,"turns":7},{"damage":28,"enemies":"2 Thieves","floor":18,"turns":4},{"damage":19,"enemies":"Spheric Guardian","floor":19,"turns":5},{"damage":11,"enemies":"Centurion and Healer","floor":20,"turns":4},{"damage":31,"enemies":"Cultist and Chosen","floor":21,"turns":2}],"seed_played":"-2342977735905708054","potions_obtained":[{"floor":1,"key":"AttackPotion"},{"floor":7,"key":"Fire Potion"},{"floor":10,"key":"Regen Potion"},{"floor":13,"key":"LiquidMemories"},{"floor":16,"key":"Fire Potion"},{"floor":20,"key":"hermit:BlackBile"}],"is_trial":false,"path_per_floor":["M","M","?","T","?","E","M","R","T","M","$","?","E","M","R","B",null,"M","M","M","M"],"character_chosen":"HERMIT","items_purchased":["hermit:Combo","hermit:GoldenBullet"],"campfire_rested":0,"item_purchase_floors":[11,11],"current_hp_per_floor":[70,63,56,56,56,43,47,47,47,38,38,75,65,60,60,32,75,47,28,29,0,0],"gold":274,"neow_bonus":"","is_daily":false,"chose_seed":false,"campfire_upgraded":2,"win_rate":0.0,"timestamp":1609987204,"path_taken":["M","M","?","?","?","E","M","R","T","M","$","?","E","M","R","BOSS","M","M","?","M"],"items_purchased_type":["Card","Card"],"build_version":"2020-12-22","purchased_purges":1,"victory":false,"max_hp_per_floor":[75,75,75,75,75,75,75,75,75,75,75,75,75,75,75,75,75,75,75,75,75,75],"card_choices":[{"not_picked":["Bloodbath","ShyLook"],"picked":"Scarecrow","floor":1},{"not_picked":["hermit:Glare","hermit:Vantage"],"picked":"hermit:ShadowCloak","floor":1},{"not_picked":["hermit:Quickdraw","hermit:HoleUp"],"picked":"hermit:Headshot","floor":2},{"not_picked":["hermit:Desperado","hermit:Glare"],"picked":"hermit:TrackingShot","floor":6},{"not_picked":["MHz","CherryBlossoms"],"picked":"Freischutz","floor":7},{"not_picked":["hermit:TakeCover","hermit:LowProfile"],"picked":"hermit:Dive","floor":7},{"not_picked":["hermit:WideOpen","hermit:LuckOfTheDraw","hermit:Roughhouse"],"picked":"SKIP","floor":10},{"not_picked":["hermit:Desperado","hermit:Dive","hermit:HighCaliber"],"picked":"SKIP","floor":13},{"not_picked":["UniverseFragment","Wellcheers"],"picked":"BlackSwan","floor":14},{"not_picked":["hermit:LowProfile","hermit:ItchyTrigger"],"picked":"hermit:Showdown","floor":14},{"not_picked":["hermit:RoundhouseKick","hermit:OverwhelmingPower"],"picked":"hermit:BlackWind","floor":16},{"not_picked":["MeatLantern","UniverseFragment"],"picked":"LongBird","floor":18},{"not_picked":["hermit:Manifest","hermit:CursedWeapon"],"picked":"hermit:ItchyTrigger","floor":18},{"not_picked":["PunishingBird","HeroicMonk"],"picked":"SnowQueen","floor":19},{"not_picked":["hermit:Ricochet","hermit:Magnum"],"picked":"hermit:Deadeye","floor":19},{"not_picked":["hermit:LoneWolf+1","hermit:Combo"],"picked":"hermit:Enervate","floor":20}],"player_experience":497846,"relics_obtained":[{"floor":6,"key":"Nunchaku"},{"floor":9,"key":"Replay:Bandana"},{"floor":13,"key":"Dream Catcher"}],"event_choices":[{"cards_removed":["hermit:Defend_Hermit"],"damage_healed":0,"gold_gain":0,"player_choice":"Card Removal","damage_taken":7,"max_hp_gain":0,"max_hp_loss":0,"event_name":"Golden Wing","floor":3,"gold_loss":0},{"cards_removed":["Scarecrow"],"damage_healed":37,"gold_gain":0,"player_choice":"Offered Uncommon","damage_taken":0,"max_hp_gain":0,"max_hp_loss":0,"event_name":"Bonfire Elementals","floor":12,"gold_loss":0}],"is_beta":false,"boss_relics":[{"not_picked":["Philosopher\u0027s Stone","Pandora\u0027s Box"],"picked":"Empty Cage"}],"items_purged_floors":[11],"is_endless":false,"potions_floor_spawned":[1,7,10,13,16,20],"killed_by":"Cultist and Chosen","ascension_level":0}}