{"host":"c74k1426u5comtjm","time":1609992689,"event":{"mods":["AchievementEnabler","BaseMod","Block Reminder","Colored Map","Colored Powertips","DeckTracker","Downfall","Friendly Minions","GifTheSpireLib","Minty Spire (QoL Compilation)","Permanent Neow","Random Character Button","Relic Stats","Spire Birthday Party","StSLib","everything is the same but u backflip on backflip"],"gold_per_floor":[99,130,167,317,317,151,151,163,88,146,160,160,160,45,57,157,157,157,187,199,199,238,3,3,3,148,73,125,142,174,207,221,341,341,266,266,299,309,309,309,336,376,392,427,438,463,463,474,493,513,513,545,34,34,34],"floor_reached":56,"playtime":13591,"items_purged":["Slimebound:Icky","champ:Strike","champ:Strike"],"score":1468,"play_id":"e41841ba-837e-4686-95ec-70eae4a3b73b","local_time":"20210106201129","is_ascension_mode":false,"campfire_choices":[{"floor":1.0,"key":"RECALL"},{"data":"champ:Taunt","floor":9.0,"key":"SMITH"},{"data":"champ:FlashCut","floor":13.0,"key":"SMITH"},{"data":"champ:CrookedStrike","floor":18.0,"key":"SMITH"},{"data":"champ:PerfectForm","floor":27.0,"key":"SMITH"},{"data":"champ:StrikeOfGenius","floor":35.0,"key":"SMITH"},{"data":"champ:FanOfKnives","floor":40.0,"key":"SMITH"},{"data":"champ:EnGarde","floor":47.0,"key":"SMITH"},{"data":"champ:ShieldWall","floor":54.0,"key":"SMITH"}],"circlet_count":0,"master_deck":["champ:Strike","champ:Defend","champ:Defend","champ:Defend","champ:Defend","champ:Execute","champ:Taunt+1","HandOfGreed","champ:TornadoPunch","champ:RisingSlash","champ:IronFortress","champ:DeathBlow","champ:FlashCut+1","champ:DefensiveShout","champ:Lariat","champ:CrookedStrike+1","champ:StrikeOfGenius+1","champ:ShieldWall","champ:BringItOn","champ:Haymaker+1","champ:PerfectForm+1","champ:EnGarde+1","champ:ShieldWall+1","champ:RecklessLeap","champ:IgnorePain","champ:FaceSlap","champ:CheapShot","champ:FanOfKnives+1","champ:HeartStrike","champ:Improvising","champ:Shatter","champ:LastStand","Apotheosis","expansioncontent:AwakenDeath"],"relics":["champ:ChampionCrown","Bag of Preparation","Meat on the Bone","downfall:HeartBlessingRed","Snecko Eye","Bronze Scales","downfall:HeartBlessingBlue","Pen Nib","Vajra","Sozu","downfall:HeartBlessingGreen","Nunchaku","Pocketwatch","champ:GladiatorsBookOfMartialProwess","Calipers","HornCleat"],"acts_visited":["Exordium","TheCity","TheBeyond","TheEnding"],"potions_floor_usage":[55,55],"damage_taken":[{"damage":5.0,"enemies":"2 Louse","floor":2.0,"turns":2.0},{"damage":0.0,"enemies":"Small Slimes","floor":3.0,"turns":3.0},{"damage":10.0,"enemies":"downfall:FleeingMerchant","floor":6.0,"turns":4.0},{"damage":21.0,"enemies":"Jaw Worm","floor":8.0,"turns":4.0},{"damage":12.0,"enemies":"3 Louse","floor":10.0,"turns":4.0},{"damage":10.0,"enemies":"Red Slaver","floor":11.0,"turns":1.0},{"damage":36.0,"enemies":"downfall:FleeingMerchant","floor":14.0,"turns":4.0},{"damage":7.0,"enemies":"Large Slime","floor":15.0,"turns":3.0},{"damage":36.0,"enemies":"downfall:Watcher","floor":16.0,"turns":11.0},{"damage":41.0,"enemies":"3 Byrds","floor":19.0,"turns":3.0},{"damage":35.0,"enemies":"Chosen","floor":20.0,"turns":3.0},{"damage":34.0,"enemies":"Centurion and Healer","floor":22.0,"turns":4.0},{"damage":15.0,"enemies":"downfall:FleeingMerchant","floor":23.0,"turns":4.0},{"damage":0.0,"enemies":"downfall:FleeingMerchant","floor":26.0,"turns":3.0},{"damage":20.0,"enemies":"Book of Stabbing","floor":28.0,"turns":5.0},{"damage":24.0,"enemies":"Shelled Parasite and Fungi","floor":29.0,"turns":2.0},{"damage":74.0,"enemies":"Gremlin Leader","floor":30.0,"turns":5.0},{"damage":15.0,"enemies":"Snake Plant","floor":31.0,"turns":2.0},{"damage":37.0,"enemies":"Centurion and Healer","floor":32.0,"turns":2.0},{"damage":26.0,"enemies":"downfall:Silent","floor":33.0,"turns":3.0},{"damage":25.0,"enemies":"3 Shapes","floor":37.0,"turns":3.0},{"damage":21.0,"enemies":"3 Darklings","floor":38.0,"turns":3.0},{"damage":59.0,"enemies":"Maw","floor":42.0,"turns":6.0},{"damage":21.0,"enemies":"4 Shapes","floor":43.0,"turns":3.0},{"damage":32.0,"enemies":"Reptomancer","floor":44.0,"turns":4.0},{"damage":70.0,"enemies":"Transient","floor":45.0,"turns":5.0},{"damage":46.0,"enemies":"Giant Head","floor":46.0,"turns":4.0},{"damage":34.0,"enemies":"Spire Growth","floor":48.0,"turns":3.0},{"damage":29.0,"enemies":"4 Shapes","floor":49.0,"turns":3.0},{"damage":64.0,"enemies":"downfall:Ironclad","floor":50.0,"turns":6.0},{"damage":43.0,"enemies":"downfall:CharBossMerchant","floor":52.0,"turns":6.0},{"damage":121,"enemies":"downfall:NeowBoss","floor":55,"turns":22}],"seed_played":"-7242766667329935222","potions_obtained":[{"floor":2.0,"key":"SneckoOil"},{"floor":8.0,"key":"SpeedPotion"},{"floor":10.0,"key":"FearPotion"},{"floor":11.0,"key":"SpeedPotion"},{"floor":15.0,"key":"Dexterity Potion"},{"floor":16.0,"key":"FearPotion"},{"floor":19.0,"key":"Slimebound:ThreeZeroPotion"},{"floor":29.0,"key":"PowerPotion"},{"floor":30.0,"key":"SteroidPotion"},{"floor":32.0,"key":"champ:UltimateStancePotion"}],"is_trial":false,"path_per_floor":["R","M","M","?","?","$","T","M","R","M","M","?","R","$","M","B",null,"R","M","M","?","M","$","T","?","$","R","E","M","E","M","M","B",null,"R","?","M","M","?","R","T","M","M","E","M","E","R","M","M","B",null,"E","$","R","B",null],"character_chosen":"THE_CHAMP","items_purchased":["champ:DeathBlow","champ:PerfectForm","Bronze Scales","champ:ShieldWall","Apotheosis","expansioncontent:AwakenDeath","HornCleat"],"campfire_rested":0,"item_purchase_floors":[6,23,23,26,53,53,53],"current_hp_per_floor":[63,63,63,63,38,33,33,35,35,35,47,47,47,44,54,45,90,90,74,86,86,72,72,72,72,72,82,71,69,50,62,62,71,100,100,100,91,91,91,91,91,72,90,87,78,76,76,76,64,54,100,100,100,100,68],"gold":34,"neow_bonus":"RANDOM_COLORLESS_2","is_daily":false,"chose_seed":false,"campfire_upgraded":8,"win_rate":0.0,"timestamp":1609992689,"path_taken":["R","M","M","?","?","$","T","?","R","M","M","?","R","$","M","BOSS","R","M","M","?","M","$","T","?","$","R","E","M","E","?","M","BOSS","R","?","?","M","?","R","T","M","M","E","M","E","R","M","M","BOSS","E","$","R","BOSS"],"items_purchased_type":["Card","Card","Relic","Card","Card","Card","Relic"],"build_version":"2020-12-22","purchased_purges":3,"victory":true,"max_hp_per_floor":[90,90,90,90,90,90,90,90,90,90,90,90,90,90,90,90,90,90,90,90,90,90,90,90,90,90,100,100,100,100,100,100,100,100,100,100,100,100,100,100,100,100,100,100,100,100,100,100,100,100,100,100,100,100,100],"relic_stats":{"Sozu":0,"Nunchaku":[15],"counters":[32,140],"Bronze Scales":[203],"Snecko Eye":[197,196,192,206],"Pen Nib":[19],"Bag of Preparation":[60],"obtain_stats":[{"Calipers":52,"downfall:HeartBlessingRed":9,"Vajra":30,"champ:ChampionCrown":0,"downfall:HeartBlessingGreen":35,"Pen Nib":28,"Bag of Preparation":5,"champ:GladiatorsBookOfMartialProwess":46,"Sozu":34,"Nunchaku":41,"HornCleat":53,"downfall:HeartBlessingBlue":27,"Bronze Scales":23,"Snecko Eye":17,"Meat on the Bone":7,"Pocketwatch":44},{"Calipers":31,"downfall:HeartBlessingRed":4,"Vajra":17,"champ:ChampionCrown":0,"downfall:HeartBlessingGreen":20,"Pen Nib":15,"Bag of Preparation":2,"champ:GladiatorsBookOfMartialProwess":27,"Sozu":20,"Nunchaku":22,"HornCleat":31,"downfall:HeartBlessingBlue":14,"Bronze Scales":13,"Snecko Eye":9,"Meat on the Bone":3,"Pocketwatch":25},{"Calipers":118,"downfall:HeartBlessingRed":13,"Vajra":65,"champ:ChampionCrown":0,"downfall:HeartBlessingGreen":72,"Pen Nib":58,"Bag of Preparation":5,"champ:GladiatorsBookOfMartialProwess":100,"Sozu":72,"Nunchaku":78,"HornCleat":118,"downfall:HeartBlessingBlue":53,"Bronze Scales":50,"Snecko Eye":36,"Meat on the Bone":9,"Pocketwatch":91}],"Meat on the Bone":132,"Pocketwatch":[22]},"card_choices":[{"not_picked":["Secret Technique","Metamorphosis"],"picked":"HandOfGreed","floor":0.0},{"not_picked":["champ:FocusedGladiator","champ:PreciseThrust"],"picked":"champ:TornadoPunch","floor":2.0},{"not_picked":["champ:StanceDance","champ:FlashCut"],"picked":"champ:RisingSlash","floor":3.0},{"not_picked":["champ:FocusedGladiator","champ:Backstep"],"picked":"champ:IronFortress","floor":6.0},{"not_picked":["champ:DefensiveShout","champ:Haymaker"],"picked":"champ:FlashCut","floor":8.0},{"not_picked":["champ:RecklessLeap","champ:GutPunch","champ:FocusedBerserking"],"picked":"SKIP","floor":10.0},{"not_picked":["champ:RapidStrikes","champ:PerfectedStrike"],"picked":"champ:DefensiveShout","floor":11.0},{"not_picked":["champ:BerserkerStyle","champ:PerfectedStrike"],"picked":"champ:Lariat","floor":14.0},{"not_picked":["champ:Encircle","champ:EnGarde"],"picked":"champ:CrookedStrike","floor":15.0},{"not_picked":["champ:CrownThrow","champ:SteelEdge"],"picked":"champ:StrikeOfGenius","floor":16.0},{"not_picked":["champ:PerfectedStrike","champ:DefensiveShout"],"picked":"champ:ShieldWall","floor":19.0},{"not_picked":["champ:Backstep+1","champ:Circumvent"],"picked":"champ:BringItOn","floor":20.0},{"not_picked":["champ:AdrenalArmor","champ:BringItOn","champ:GutPunch"],"picked":"SKIP","floor":22.0},{"not_picked":["champ:ArenaPreparation","champ:Riposte"],"picked":"champ:Haymaker+1","floor":23.0},{"not_picked":["champ:IgnorePain","champ:TornadoPunch"],"picked":"champ:EnGarde","floor":26.0},{"not_picked":["champ:PerfectedStrike","champ:Haymaker","champ:GladiatorsShout"],"picked":"SKIP","floor":28.0},{"not_picked":["champ:BladeFlurry","champ:Lariat+1"],"picked":"champ:RecklessLeap","floor":29.0},{"not_picked":["champ:AdrenalArmor","champ:GutPunch"],"picked":"champ:IgnorePain","floor":30.0},{"not_picked":["champ:TornadoPunch","champ:PerfectedStrike+1"],"picked":"champ:FaceSlap","floor":31.0},{"not_picked":["champ:EnragedBash+1","champ:GutPunch","champ:BerserkersShout"],"picked":"SKIP","floor":32.0},{"not_picked":["champ:DancingMaster","champ:HeavySlash"],"picked":"champ:CheapShot","floor":33.0},{"not_picked":["champ:FocusedDefense","champ:StanceDance+1","champ:AdrenalArmor"],"picked":"SKIP","floor":37.0},{"not_picked":["champ:GutPunch","champ:Lariat"],"picked":"champ:FanOfKnives","floor":38.0},{"not_picked":["champ:GladiatorsShout+1","champ:FocusedBerserking+1","champ:GladiatorStyle"],"picked":"SKIP","floor":42.0},{"not_picked":["champ:BladeFlurry","champ:StanceDance"],"picked":"champ:HeartStrike","floor":43.0},{"not_picked":["champ:RecklessLeap+1","champ:CalledShot","champ:BerserkersShout+1"],"picked":"SKIP","floor":44.0},{"not_picked":["champ:DeathBlow","champ:GutPunch","champ:BladeFlurry+1"],"picked":"SKIP","floor":45.0},{"not_picked":["champ:StanceDance","champ:AdrenalArmor+1","champ:FocusedBerserking"],"picked":"SKIP","floor":46.0},{"not_picked":["champ:Lariat+1","champ:StanceDance"],"picked":"champ:Improvising","floor":48.0},{"not_picked":["champ:AdrenalArmor+1","champ:TornadoPunch+1"],"picked":"champ:Shatter","floor":49.0},{"not_picked":["champ:TornadoPunch","champ:CrookedStrike"],"picked":"champ:LastStand","floor":52.0}],"player_experience":649419,"relics_obtained":[{"floor":7.0,"key":"Meat on the Bone"},{"floor":28.0,"key":"Pen Nib"},{"floor":30.0,"key":"Vajra"},{"floor":41.0,"key":"Nunchaku"},{"floor":44.0,"key":"Pocketwatch"},{"floor":46.0,"key":"champ:GladiatorsBookOfMartialProwess"},{"floor":52.0,"key":"Calipers"}],"event_choices":[{"damage_healed":0.0,"max_hp_gain":0.0,"max_hp_loss":0.0,"gold_gain":0.0,"event_name":"Scrap Ooze","player_choice":"Success","floor":5.0,"gold_loss":0.0,"damage_taken":25.0,"relics_obtained":["Bag of Preparation"]},{"cards_removed":["champ:Strike"],"damage_healed":0.0,"max_hp_gain":0.0,"max_hp_loss":0.0,"gold_gain":0.0,"event_name":"Bonfire Elementals","player_choice":"Offered Basic","floor":12.0,"gold_loss":0.0,"damage_taken":0.0},{"damage_healed":0.0,"max_hp_gain":0.0,"max_hp_loss":0.0,"gold_gain":0.0,"event_name":"Ghosts","player_choice":"Ignored","floor":21.0,"gold_loss":0.0,"damage_taken":0.0},{"damage_healed":0.0,"max_hp_gain":0.0,"max_hp_loss":0.0,"gold_gain":0.0,"event_name":"Lab","player_choice":"Got Potions","floor":39.0,"gold_loss":0.0,"damage_taken":0.0}],"is_beta":false,"boss_relics":[{"not_picked":["Fusion Hammer","Busted Crown"],"picked":"Snecko Eye"},{"not_picked":["Calling Bell","Pandora\u0027s Box"],"picked":"Sozu"}],"items_purged_floors":[6,14,26],"is_endless":false,"potions_floor_spawned":[2,8,10,11,15,16,19,29,30,32,38,42,43],"ascension_level":0}}