{"host":"hca6liskeo7s99fa","time":1609993966,"event":{"mods":["BaseMod","Downfall","Hermit","Minty Spire (QoL Compilation)","Replay The Spire","StSLib","The Cursed","The Dragon Tamer","The Servant 0.9.4"],"gold_per_floor":[99,110,110,0,0,0,0,0,16,50,74,93,93,93,122,234,234,234,261,280,101,310,333,333,354,245,264,264,273,273,294,318,426,426,426,785,785,785,785,813,702,730,783,806,844,844,868,899,908,935,974,974],"floor_reached":53,"playtime":5726,"items_purged":[],"score":866,"play_id":"82cedd8a-eba6-45d1-a0a2-aa005d3432fb","local_time":"20210106233246","is_ascension_mode":false,"campfire_choices":[{"data":"sneckomod:SnekBite","floor":1,"key":"SMITH"},{"data":"sneckomod:UnknownRareSkill","floor":8,"key":"SMITH"},{"data":"Replay:SS_fish_2","floor":13,"key":"SMITH"},{"data":"sneckomod:SerpentMind","floor":18,"key":"SMITH"},{"data":"sneckomod:UnknownClassGREEN","floor":28,"key":"SMITH"},{"floor":35,"key":"RECALL"},{"data":"sneckomod:RainOfDice","floor":46,"key":"SMITH"},{"floor":49,"key":"REST"}],"circlet_count":0,"master_deck":["sneckomod:Strike","sneckomod:Strike","sneckomod:Strike","sneckomod:Defend","sneckomod:Defend","sneckomod:Defend","sneckomod:TailWhip","sneckomod:SnekBite+1","sneckomod:Unknown","sneckomod:Unknown","sneckomod:UnknownUncommonSkill","Regret","sneckomod:UnknownRareSkill+1","Replay:SS_fish_2+1","Normality","sneckomod:Unknown2Cost","sneckomod:UnknownUncommonPower","sneckomod:UnknownClassSLIMEBOUND","sneckomod:DiceBlock","sneckomod:UnknownCommonSkill","sneckomod:Unknown1Cost","sneckomod:SerpentMind+1","sneckomod:UnknownUncommonAttack","sneckomod:ImprovisedAttack","sneckomod:UnknownWeak+1","sneckomod:ImprovisedAttack","sneckomod:ImprovisedAttack","sneckomod:SoulRoll","hexamod:Haunted","sneckomod:UnknownClassHEXA_GHOST_PURPLE","sneckomod:UnknownClassGREEN+1","sneckomod:UnknownEthereal","sneckomod:UnknownUncommonPower","sneckomod:Unknown1Cost+1","Necronomicurse","sneckomod:Unknown1Cost+1","sneckomod:UnknownVulnerable","sneckomod:UnknownRareAttack","sneckomod:SnekBeam+1","sneckomod:UnknownEthereal+1","sneckomod:UnknownVulnerable+1","sneckomod:UnknownClassGREEN","sneckomod:UnknownClassSLIMEBOUND","sneckomod:SlitherStrike","sneckomod:RainOfDice+1","sneckomod:UnknownClassDEFAULT_GRAY_COLOR+1","sneckomod:DiceCrush+1","sneckomod:DiceBlock+1","sneckomod:UnknownCommonSkill+1","Parasite","sneckomod:UnknownVulnerable","sneckomod:UnknownClassPURPLE","expansioncontent:Hexaburn","expansioncontent:SlimeTackle","expansioncontent:Sear","sneckomod:UnknownBlock"],"relics":["sneckomod:SneckoSoul","Replay:WaspNest","Ring of Hypnosis","Ring of Misfortune","Anchor","CeramicFish","m_SnakeBloodCore","Honey Jar","Membership Card","Smiling Mask","Vajra","Necronomicon","Philosopher\u0027s Stone","Old Coin","Dream Catcher","Replay:Bottled Flurry"],"acts_visited":["Exordium","TheCity","TheBeyond"],"potions_floor_usage":[12,16,16,16,31,31,31,33,33,33,33,36,45,45],"damage_taken":[{"damage":0,"enemies":"2 Louse","floor":2,"turns":2},{"damage":7,"enemies":"downfall:FleeingMerchant","floor":4,"turns":4},{"damage":5,"enemies":"downfall:FleeingMerchant","floor":6,"turns":4},{"damage":0,"enemies":"Jaw Worm","floor":9,"turns":2},{"damage":18,"enemies":"3 Sentries","floor":10,"turns":9},{"damage":0,"enemies":"Cultist","floor":11,"turns":3},{"damage":3,"enemies":"Exordium Wildlife","floor":12,"turns":5},{"damage":6,"enemies":"2 Fungi Beasts","floor":15,"turns":4},{"damage":7,"enemies":"downfall:Silent","floor":16,"turns":14},{"damage":37,"enemies":"Spheric Guardian","floor":19,"turns":6},{"damage":5,"enemies":"Chosen","floor":20,"turns":8},{"damage":4,"enemies":"downfall:FleeingMerchant","floor":21,"turns":4},{"damage":30,"enemies":"Shelled Parasite and Fungi","floor":23,"turns":6},{"damage":35,"enemies":"Centurion and Healer","floor":25,"turns":5},{"damage":1,"enemies":"downfall:FleeingMerchant","floor":26,"turns":4},{"damage":18,"enemies":"Snecko","floor":27,"turns":6},{"damage":2,"enemies":"Cultist and Chosen","floor":31,"turns":6},{"damage":5,"enemies":"Snake Plant","floor":32,"turns":3},{"damage":62,"enemies":"downfall:Ironclad","floor":33,"turns":6},{"damage":34,"enemies":"Mind Bloom Boss Battle","floor":36,"turns":3},{"damage":11,"enemies":"Orb Walker","floor":40,"turns":4},{"damage":12,"enemies":"downfall:FleeingMerchant","floor":41,"turns":4},{"damage":11,"enemies":"3 Darklings","floor":42,"turns":3},{"damage":0,"enemies":"Jaw Worm Horde","floor":44,"turns":3},{"damage":30,"enemies":"Giant Head","floor":45,"turns":7},{"damage":5,"enemies":"Sphere and 2 Shapes","floor":47,"turns":3},{"damage":40,"enemies":"Writhing Mass","floor":48,"turns":5},{"damage":4,"enemies":"Spire Growth","floor":51,"turns":3},{"damage":24,"enemies":"downfall:Watcher","floor":52,"turns":5}],"seed_played":"1330639684813329448","potions_obtained":[{"floor":10,"key":"sneckomod:DiceRollPotion"},{"floor":11,"key":"SkillPotion"},{"floor":12,"key":"SpeedPotion"},{"floor":15,"key":"Guardian:BlockOnCardUsePotion"},{"floor":16,"key":"Ancient Potion"},{"floor":19,"key":"Strength Potion"},{"floor":27,"key":"Energy Potion"},{"floor":31,"key":"Explosive Potion"},{"floor":32,"key":"Adrenaline Potion"},{"floor":33,"key":"Strength Potion"},{"floor":36,"key":"SteroidPotion"},{"floor":42,"key":"champ:CounterPotion"},{"floor":44,"key":"Energy Potion"}],"is_trial":false,"path_per_floor":["R","M","?","$","?","$","T","R","M","E","M","M","R","?","M","B",null,"R","M","M","$","?","M","T","M","$","M","R","?","?","M","M","B",null,"R","?","T","PTL","PTL","M","$","M","T","M","E","R","M","M","R","?","M","B",null],"character_chosen":"THE_SNECKO","items_purchased":["Replay:SS_fish_2","Membership Card","sneckomod:ImprovisedAttack","sneckomod:SoulRoll","Vajra","sneckomod:UnknownUncommonPower","sneckomod:UnknownClassGREEN","sneckomod:UnknownClassSLIMEBOUND","sneckomod:SlitherStrike","sneckomod:RainOfDice"],"campfire_rested":1,"item_purchase_floors":[4,21,21,21,26,26,41,41,41,41],"current_hp_per_floor":[99,100,100,94,94,98,98,98,99,86,86,96,96,96,98,106,106,106,85,104,108,108,92,92,64,86,72,72,56,94,114,113,55,119,119,88,88,88,88,103,111,115,115,118,109,109,108,72,110,100,100,101],"gold":974,"neow_bonus":"TEN_PERCENT_HP_BONUS","is_daily":false,"chose_seed":false,"campfire_upgraded":6,"win_rate":0.0,"timestamp":1609993966,"path_taken":["R","M","?","?","?","?","T","R","M","E","?","M","R","?","M","BOSS","R","M","M","$","?","M","T","M","$","M","R","?","?","M","M","BOSS","R","?","?","PTL","PTL","M","$","M","T","M","E","R","M","?","R","?","M","BOSS"],"items_purchased_type":["Card","Relic","Card","Card","Relic","Card","Card","Card","Card","Card"],"build_version":"2020-12-22","purchased_purges":0,"victory":true,"max_hp_per_floor":[99,100,100,101,101,102,102,102,103,104,104,105,105,105,106,106,106,106,107,107,108,108,109,109,113,115,116,116,116,116,117,118,119,119,119,119,119,119,119,120,123,124,124,124,124,124,125,126,127,127,128,128],"card_choices":[{"not_picked":["sneckomod:UnknownCommonSkill","sneckomod:SnekBeam"],"picked":"sneckomod:UnknownUncommonSkill","floor":2},{"not_picked":["sneckomod:UnknownBlock","sneckomod:DiceCrush"],"picked":"sneckomod:UnknownRareSkill","floor":4},{"not_picked":["sneckomod:UnknownWeak","sneckomod:RainOfDice"],"picked":"sneckomod:Unknown2Cost","floor":6},{"not_picked":["sneckomod:SnekBeam","sneckomod:QuickBite"],"picked":"sneckomod:UnknownUncommonPower","floor":9},{"not_picked":["sneckomod:SoulCleanse","sneckomod:SnakeSap"],"picked":"sneckomod:UnknownClassSLIMEBOUND","floor":10},{"not_picked":["sneckomod:UnknownClassRED","sneckomod:WideSting"],"picked":"sneckomod:DiceBlock","floor":11},{"not_picked":["sneckomod:SnekBeam","sneckomod:ImprovisedAttack"],"picked":"sneckomod:UnknownCommonSkill","floor":12},{"not_picked":["sneckomod:DiceBoulder","Havoc"],"picked":"sneckomod:Unknown1Cost","floor":15},{"not_picked":["Amplify","Offering"],"picked":"sneckomod:SerpentMind","floor":16},{"not_picked":["sneckomod:QuickMove","sneckomod:Nope+1","sneckomod:SoulDraw"],"picked":"sneckomod:UnknownUncommonAttack","floor":19},{"not_picked":["sneckomod:RainOfDice+1","sneckomod:UnknownStrike","sneckomod:DiceBlock"],"picked":"sneckomod:ImprovisedAttack","floor":20},{"not_picked":["sneckomod:SerpentMind","sneckomod:UnknownCommonSkill","sneckomod:DiceCrush+1"],"picked":"sneckomod:UnknownWeak+1","floor":21},{"not_picked":["sneckomod:TrashToTreasure","sneckomod:UnknownClassSILVER","sneckomod:ImprovisedGuard+1"],"picked":"sneckomod:UnknownClassHEXA_GHOST_PURPLE","floor":23},{"not_picked":["sneckomod:IronFang+1","sneckomod:SoulRoll","sneckomod:SnakeSap+1"],"picked":"sneckomod:UnknownClassGREEN","floor":25},{"not_picked":["sneckomod:WideSting","sneckomod:UnknownVulnerable","sneckomod:UnknownUncommonPower"],"picked":"sneckomod:UnknownEthereal","floor":26},{"not_picked":["sneckomod:UnknownX","sneckomod:DiceBoulder","sneckomod:UnknownVulnerable+1"],"picked":"sneckomod:Unknown1Cost+1","floor":27},{"not_picked":["sneckomod:QuickMove","sneckomod:SoulExchange","sneckomod:UnknownClassTHE_CURSED_PURPLE"],"picked":"sneckomod:Unknown1Cost+1","floor":31},{"not_picked":["sneckomod:UnknownStrike","sneckomod:RainOfDice","sneckomod:WideSting"],"picked":"sneckomod:UnknownVulnerable","floor":32},{"not_picked":["sneckomod:SoulExchange","sneckomod:MorePower","sneckomod:Restock"],"picked":"sneckomod:UnknownRareAttack","floor":33},{"not_picked":["sneckomod:CheapStock","sneckomod:SoulRoll","sneckomod:RainOfDice+1"],"picked":"sneckomod:SnekBeam+1","floor":36},{"not_picked":["sneckomod:UnknownStrike+1","sneckomod:QuickBite+1","sneckomod:SlitherStrike"],"picked":"sneckomod:UnknownEthereal+1","floor":40},{"not_picked":["sneckomod:UnknownBlock","sneckomod:UnknownWeak+1","sneckomod:Nope"],"picked":"sneckomod:UnknownVulnerable+1","floor":41},{"not_picked":["sneckomod:SoulExchange","sneckomod:Unknown2Cost","sneckomod:UnknownClassTHE_CURSED_PURPLE"],"picked":"sneckomod:UnknownClassDEFAULT_GRAY_COLOR+1","floor":42},{"not_picked":["sneckomod:UnknownUncommonAttack","sneckomod:UnknownStrike","sneckomod:SnakeSap+1"],"picked":"sneckomod:DiceCrush+1","floor":44},{"not_picked":["sneckomod:UnknownClassTHE_CHAMP_GRAY","sneckomod:Nope","sneckomod:SoulDraw"],"picked":"sneckomod:DiceBlock+1","floor":45},{"not_picked":["sneckomod:MasterEye+1","sneckomod:UnknownExhaust","sneckomod:DiceBoulder"],"picked":"sneckomod:UnknownCommonSkill+1","floor":47},{"not_picked":["sneckomod:UnknownCommonAttack","sneckomod:UnknownClassTHE_CHAMP_GRAY","sneckomod:Restock"],"picked":"sneckomod:UnknownVulnerable","floor":48},{"not_picked":["sneckomod:UnknownVulnerable","sneckomod:MasterEye","sneckomod:IronFang"],"picked":"sneckomod:UnknownClassPURPLE","floor":49},{"not_picked":["expansioncontent:DefensiveStance","expansioncontent:ChargeUp","expansioncontent:DecasProtection"],"picked":"expansioncontent:Hexaburn","floor":50},{"not_picked":["expansioncontent:ChargeUp","expansioncontent:ManipulateTime","Replay:SS_hec_4"],"picked":"expansioncontent:SlimeTackle","floor":50},{"not_picked":["expansioncontent:Flail","Replay:SS_hec_4","expansioncontent:ChargeUp"],"picked":"expansioncontent:Sear","floor":50},{"not_picked":["sneckomod:SoulRoll","sneckomod:RainOfDice","sneckomod:DiceBlock"],"picked":"sneckomod:UnknownBlock","floor":51}],"player_experience":251968,"relics_obtained":[{"floor":5,"key":"Ring of Hypnosis"},{"floor":5,"key":"Ring of Misfortune"},{"floor":7,"key":"Anchor"},{"floor":10,"key":"CeramicFish"},{"floor":24,"key":"Smiling Mask"},{"floor":29,"key":"Necronomicon"},{"floor":36,"key":"Old Coin"},{"floor":43,"key":"Dream Catcher"},{"floor":45,"key":"Replay:Bottled Flurry"}],"event_choices":[{"damage_healed":0,"gold_gain":0,"player_choice":"Box","damage_taken":0,"relics_obtained":["Replay:WaspNest"],"max_hp_gain":0,"max_hp_loss":0,"event_name":"Big Fish","floor":3,"gold_loss":0,"cards_obtained":["Regret"]},{"damage_healed":38,"gold_gain":0,"player_choice":"Heal","damage_taken":0,"max_hp_gain":0,"max_hp_loss":0,"event_name":"The Library","floor":30,"gold_loss":0}],"is_beta":false,"boss_relics":[{"not_picked":["Snecko Eye","Pandora\u0027s Box"],"picked":"Honey Jar"},{"not_picked":["Cursed Key","Runic Dome"],"picked":"Philosopher\u0027s Stone"}],"items_purged_floors":[],"is_endless":false,"potions_floor_spawned":[10,11,12,15,16,19,27,32,33,36,42,44],"ascension_level":0}}