{"host":"l84l8xigz5v5foa2","time":1609993954,"event":{"mods":["2.2 Compatiblity","AchievementEnabler","BaseMod","Better Note","Better Vampires","Card Filter","Colored Map","DeckTracker","Downfall","Gremlin Skip","Highlight Path","Keyboard Shortcuts","Minty Spire (QoL Compilation)","Permanent Neow","Quick Restart","Relic Filter","Relic Stats","StSLib","SuperFastMode","Transform Curses","Unknown Chances"],"gold_per_floor":[99,111,111,6,0,0,27,40,40,140,157,157,191,211,221,298,298,223,238,238,238,253,271,316,241,273,305,305,339,14,34,46,120,120,45,56,104,11,11,11,11,43,43,43,53,79,79,79,93,93,93,121,15,15,15],"floor_reached":56,"playtime":4703,"items_purged":[],"score":2757,"play_id":"66bbdc8b-2d05-4167-9f51-f927e85cf776","local_time":"20210107133234","is_ascension_mode":true,"campfire_choices":[{"data":"Guardian:TwinSlam","floor":1.0,"key":"SMITH"},{"data":"Guardian:FloatingOrbs","floor":6.0,"key":"SMITH"},{"data":"Guardian:FuturePlans","floor":9.0,"key":"SMITH"},{"data":"Guardian:VentSteam","floor":12.0,"key":"SMITH"},{"floor":18.0,"key":"RECALL"},{"data":"Guardian:CompilePackage","floor":25.0,"key":"SMITH"},{"data":"Guardian:BronzeArmor","floor":28.0,"key":"SMITH"},{"data":"Guardian:ExploitGems","floor":35.0,"key":"SMITH"},{"data":"Guardian:TemporalShield","floor":44.0,"key":"SMITH"},{"data":"Guardian:PiercingHide","floor":47.0,"key":"SMITH"},{"data":"Guardian:Clone","floor":54,"key":"SMITH"}],"circlet_count":0,"master_deck":["AscendersBane","Guardian:Strike_Guardian","Guardian:Strike_Guardian","Guardian:Defend_Guardian","Guardian:Defend_Guardian","Guardian:Defend_Guardian","Guardian:Defend_Guardian","Guardian:CurlUp+1","Guardian:TwinSlam+1","Guardian:SentryBeam+1","Guardian:Incinerate","Guardian:FuturePlans+1","Guardian:FloatingOrbs+1","Guardian:VentSteam+1","Guardian:ChargeCore","Guardian:TemporalStrike","Guardian:Emergency","Guardian:Recover","Guardian:TemporalShield+1","Guardian:GemFinder+1","Guardian:PrimingBeam","Guardian:CompilePackage+1","Guardian:BronzeArmor+1","Guardian:ArmoredProtocol+1","Guardian:ExploitGems+1","Guardian:PrismaticBeam","Guardian:PiercingHide+1","Guardian:EvasiveProtocol+1","Guardian:StasisEngine+1","Guardian:Clone+1","Guardian:PrimingBeam","Guardian:AncientConstruct+1","expansioncontent:Chronoboost+1","expansioncontent:DefensiveStance+1","Guardian:FloatingOrbs+1","Guardian:Aged"],"relics":["Guardian:ModeShifter","Frozen Egg 2","expansioncontent:StudyCardRelic","downfall:HeartBlessingGreen","Juzu Bracelet","downfall:HeartBlessingRed","Red Mask","Pocketwatch","Bottled Lightning","Cursed Key","downfall:HeartBlessingBlue","Prayer Wheel","Shuriken","Boot","Mango","Guardian:StasisEgg","White Beast Statue"],"acts_visited":["TheCity","TheBeyond","TheEnding"],"potions_floor_usage":[55],"damage_taken":[{"damage":0.0,"enemies":"Small Slimes","floor":2.0,"turns":4.0},{"damage":0.0,"enemies":"downfall:FleeingMerchant","floor":4.0,"turns":4.0},{"damage":0.0,"enemies":"downfall:FleeingMerchant","floor":5.0,"turns":4.0},{"damage":0.0,"enemies":"Cultist","floor":8.0,"turns":3.0},{"damage":21.0,"enemies":"downfall:Heads","floor":10.0,"turns":7.0},{"damage":0.0,"enemies":"Jaw Worm","floor":11.0,"turns":3.0},{"damage":22.0,"enemies":"Gremlin Nob","floor":13.0,"turns":4.0},{"damage":0.0,"enemies":"Blue Slaver","floor":14.0,"turns":3.0},{"damage":11.0,"enemies":"Exordium Thugs","floor":15.0,"turns":3.0},{"damage":2.0,"enemies":"downfall:Watcher","floor":16.0,"turns":9.0},{"damage":0.0,"enemies":"Chosen","floor":19.0,"turns":4.0},{"damage":13.0,"enemies":"Shelled Parasite and Fungi","floor":22.0,"turns":6.0},{"damage":0.0,"enemies":"Cultist and Chosen","floor":23.0,"turns":7.0},{"damage":0.0,"enemies":"Masked Bandits","floor":26.0,"turns":4.0},{"damage":1.0,"enemies":"Gremlin Leader","floor":27.0,"turns":5.0},{"damage":3.0,"enemies":"Slavers","floor":29.0,"turns":4.0},{"damage":0.0,"enemies":"downfall:FleeingMerchant","floor":30.0,"turns":4.0},{"damage":0.0,"enemies":"Snake Plant","floor":31.0,"turns":4.0},{"damage":0.0,"enemies":"Centurion and Healer","floor":32.0,"turns":4.0},{"damage":0.0,"enemies":"downfall:Defect","floor":33.0,"turns":10.0},{"damage":0.0,"enemies":"3 Shapes","floor":36.0,"turns":4.0},{"damage":0.0,"enemies":"2 Orb Walkers","floor":37.0,"turns":3.0},{"damage":0.0,"enemies":"downfall:FleeingMerchant","floor":38.0,"turns":2.0},{"damage":0.0,"enemies":"Reptomancer","floor":42.0,"turns":4.0},{"damage":0.0,"enemies":"3 Darklings","floor":45.0,"turns":5.0},{"damage":0.0,"enemies":"Nemesis","floor":46.0,"turns":4.0},{"damage":0.0,"enemies":"Transient","floor":49.0,"turns":6.0},{"damage":0.0,"enemies":"downfall:Silent","floor":50.0,"turns":5.0},{"damage":23,"enemies":"downfall:CharBossMerchant","floor":52,"turns":6},{"damage":0,"enemies":"downfall:NeowBoss","floor":55,"turns":11}],"seed_played":"-4923419309628863394","potions_obtained":[{"floor":3.0,"key":"Guardian:BlockOnCardUsePotion"},{"floor":3.0,"key":"BlessingOfTheForge"},{"floor":8.0,"key":"Swift Potion"},{"floor":10.0,"key":"Guardian:BlockOnCardUsePotion"},{"floor":13.0,"key":"SteroidPotion"},{"floor":15.0,"key":"AttackPotion"},{"floor":19.0,"key":"Energy Potion"},{"floor":26.0,"key":"LiquidMemories"},{"floor":29.0,"key":"Strength Potion"},{"floor":32.0,"key":"Guardian:StasisDiscoveryPotion"},{"floor":36.0,"key":"Regen Potion"},{"floor":37.0,"key":"Fire Potion"}],"is_trial":false,"path_per_floor":["R","M","?","$","$","R","T","M","R","?","M","R","E","M","M","B",null,"R","M","?","?","M","M","T","R","?","E","R","E","$","M","M","B",null,"R","M","?","$","?","?","T","E","$","R","M","E","R","?","M","B",null,"E","$","R","B",null],"character_chosen":"GUARDIAN","items_purchased":["Guardian:FuturePlans","Guardian:Gem_Cyan","Guardian:ExploitGems","Guardian:PrismaticBeam","Shuriken","Guardian:PrimingBeam","Guardian:AncientConstruct+1","CultistPotion"],"campfire_rested":0,"item_purchase_floors":[4,30,30,30,38,38,38,53],"current_hp_per_floor":[65,65,65,65,65,65,65,65,65,44,44,44,22,22,11,9,56,56,56,56,56,43,43,43,43,43,42,42,39,39,39,39,39,64,74,74,82,82,82,72,72,72,72,72,72,86,86,86,86,86,94,71,71,71,71],"gold":15,"neow_bonus":"UPGRADE_CARD","is_daily":false,"chose_seed":false,"campfire_upgraded":10,"win_rate":0.0,"timestamp":1609993954,"path_taken":["R","M","?","?","$","R","T","M","R","?","M","R","E","M","M","BOSS","R","M","?","?","M","M","T","R","?","E","R","E","$","M","M","BOSS","R","M","?","$","?","?","T","E","$","R","M","E","R","?","M","BOSS","E","$","R","BOSS"],"items_purchased_type":["Card","Card","Card","Card","Relic","Card","Card","Potion"],"build_version":"2020-12-22","purchased_purges":0,"victory":true,"max_hp_per_floor":[72,72,72,72,72,72,72,72,72,72,72,72,72,72,72,72,72,72,72,72,72,72,72,72,72,72,72,72,72,72,72,72,72,72,82,82,82,82,82,82,82,82,82,82,82,96,96,96,96,96,96,96,96,96,96],"relic_stats":{"counters":[30,146],"Shuriken":[39],"Prayer Wheel":2,"Juzu Bracelet":1,"Cursed Key":0,"Boot":[92],"obtain_stats":[{"downfall:HeartBlessingRed":25,"Guardian:StasisEgg":48,"Guardian:ModeShifter":0,"downfall:HeartBlessingGreen":18,"Mango":46,"expansioncontent:StudyCardRelic":17,"Juzu Bracelet":24,"Frozen Egg 2":13,"Cursed Key":34,"Boot":42,"White Beast Statue":52,"downfall:HeartBlessingBlue":35,"Shuriken":38,"Prayer Wheel":37,"Red Mask":26,"Bottled Lightning":29,"Pocketwatch":27},{"downfall:HeartBlessingRed":13,"Guardian:StasisEgg":26,"Guardian:ModeShifter":0,"downfall:HeartBlessingGreen":10,"Mango":26,"expansioncontent:StudyCardRelic":10,"Juzu Bracelet":13,"Frozen Egg 2":7,"Cursed Key":20,"Boot":24,"White Beast Statue":29,"downfall:HeartBlessingBlue":20,"Shuriken":23,"Prayer Wheel":22,"Red Mask":14,"Bottled Lightning":16,"Pocketwatch":15},{"downfall:HeartBlessingRed":61,"Guardian:StasisEgg":118,"Guardian:ModeShifter":0,"downfall:HeartBlessingGreen":44,"Mango":118,"expansioncontent:StudyCardRelic":44,"Juzu Bracelet":61,"Frozen Egg 2":29,"Cursed Key":96,"Boot":109,"White Beast Statue":135,"downfall:HeartBlessingBlue":96,"Shuriken":105,"Prayer Wheel":103,"Red Mask":65,"Bottled Lightning":74,"Pocketwatch":70}],"Pocketwatch":[6]},"card_choices":[{"not_picked":["Guardian:TemporalStrike","Guardian:Orbwalk"],"picked":"Guardian:SentryBeam","floor":2.0},{"not_picked":["Guardian:VentSteam","Guardian:Planning"],"picked":"Guardian:Incinerate","floor":4.0},{"not_picked":["Guardian:Harden","Guardian:CrystalBeam"],"picked":"Guardian:FloatingOrbs","floor":5.0},{"not_picked":["Guardian:TemporalStrike","Guardian:CrystalBeam"],"picked":"Guardian:Gem_Green","floor":8.0},{"not_picked":["Guardian:CrystalBeam","Guardian:Planning"],"picked":"Guardian:ChargeCore","floor":10.0},{"not_picked":["Guardian:ShieldCharger","Guardian:Planning"],"picked":"Guardian:TemporalStrike","floor":11.0},{"not_picked":["Guardian:BaubleBeam","Guardian:GatlingBeam"],"picked":"Guardian:Emergency","floor":13.0},{"not_picked":["Guardian:Gem_Yellow","Guardian:Clone"],"picked":"Guardian:Recover","floor":14.0},{"not_picked":["Guardian:Planning","Guardian:PrismaticBarrier"],"picked":"Guardian:TemporalShield","floor":15.0},{"not_picked":["Guardian:CompilePackage","Guardian:SphericShield"],"picked":"Guardian:GemFinder+1","floor":16.0},{"not_picked":["Guardian:Gem_Green","Guardian:Gem_Red"],"picked":"Guardian:Gem_Cyan","floor":19.0},{"not_picked":["Guardian:Repulse+1","Guardian:Gem_Purple"],"picked":"Guardian:PrimingBeam","floor":19.0},{"not_picked":["Guardian:Gem_Lightblue","Guardian:Gem_Green"],"picked":"Guardian:Gem_Cyan","floor":22.0},{"not_picked":["Guardian:ShieldCharger","Guardian:Suspension"],"picked":"Guardian:CompilePackage","floor":22.0},{"not_picked":["Guardian:Gem_Green","Guardian:Gem_Lightblue"],"picked":"Guardian:Gem_Cyan","floor":23.0},{"not_picked":["Guardian:Repulse+1","Guardian:TemporalShield","Guardian:Gem_Green"],"picked":"SKIP","floor":23.0},{"not_picked":["Guardian:Gem_Yellow","Guardian:Planning"],"picked":"Guardian:BronzeArmor","floor":26.0},{"not_picked":["Guardian:Gem_Lightblue","Guardian:Gem_Red"],"picked":"Guardian:Gem_Cyan","floor":27.0},{"not_picked":["Guardian:TemporalShield","Guardian:PrimingBeam"],"picked":"Guardian:ArmoredProtocol+1","floor":27.0},{"not_picked":["Guardian:Gem_Red","Guardian:Gem_Lightblue"],"picked":"Guardian:Gem_Cyan","floor":29.0},{"not_picked":["Guardian:GuardianWhirl","Guardian:WalkerClaw"],"picked":"Guardian:Gem_Cyan","floor":29.0},{"not_picked":["Guardian:ChargeCore","Guardian:VentSteam","Guardian:CrystalBeam"],"picked":"SKIP","floor":30.0},{"not_picked":["Guardian:RollAttack","Guardian:CrystalBeam"],"picked":"Guardian:PiercingHide","floor":31.0},{"not_picked":["Guardian:Gem_Lightblue","Guardian:Gem_Green"],"picked":"Guardian:Gem_Cyan","floor":31.0},{"not_picked":["Guardian:PrimingBeam","Guardian:RollAttack"],"picked":"Guardian:EvasiveProtocol+1","floor":32.0},{"not_picked":["Guardian:Gem_Lightblue","Guardian:Gem_Green"],"picked":"Guardian:Gem_Cyan","floor":32.0},{"not_picked":["Guardian:CompilePackage","Guardian:FastForward"],"picked":"Guardian:StasisEngine+1","floor":33.0},{"not_picked":["Guardian:Gem_Lightblue","Guardian:Gem_Red"],"picked":"Guardian:Gem_Cyan","floor":33.0},{"not_picked":["Guardian:Gem_Lightblue","Guardian:Gem_Green"],"picked":"Guardian:Gem_Cyan","floor":36.0},{"not_picked":["Guardian:CrystalBeam","Guardian:Gem_Green","Guardian:TemporalStrike"],"picked":"SKIP","floor":36.0},{"not_picked":["Guardian:Suspension","Guardian:Incinerate"],"picked":"Guardian:Gem_Cyan","floor":37.0},{"not_picked":["Guardian:Gem_Purple","Guardian:PolyBeam"],"picked":"Guardian:Clone","floor":38.0},{"not_picked":["expansioncontent:TimeRipple","expansioncontent:Collect+1"],"picked":"expansioncontent:Chronoboost+1","floor":40.0},{"not_picked":["expansioncontent:Collect+1","expansioncontent:BronzeBeam"],"picked":"expansioncontent:DefensiveStance+1","floor":40.0},{"not_picked":["Guardian:Gem_Green","Guardian:BronzeOrb","Guardian:ShieldCharger"],"picked":"SKIP","floor":42.0},{"not_picked":["Guardian:Gem_Green","Guardian:BronzeOrb","Guardian:ShieldCharger"],"picked":"SKIP","floor":42.0},{"not_picked":["Guardian:WalkerClaw","Guardian:Gem_Lightblue"],"picked":"Guardian:Gem_Crimson","floor":45.0},{"not_picked":["Guardian:Gem_Cyan","Guardian:Repulse+1"],"picked":"Guardian:FloatingOrbs+1","floor":45.0},{"not_picked":["Guardian:Gem_Red","Guardian:BronzeOrb","Guardian:Gem_Crimson"],"picked":"SKIP","floor":46.0},{"not_picked":["Guardian:Emergency","Guardian:FuturePlans+1","Guardian:Incinerate"],"picked":"SKIP","floor":49.0},{"not_picked":["Guardian:Gem_Lightblue","Guardian:PiercingHide+1","Guardian:PrimingBeam"],"picked":"SKIP","floor":49.0},{"not_picked":["Guardian:FuturePlans+1","Guardian:EvasiveProtocol+1","Guardian:Preprogram"],"picked":"SKIP","floor":52}],"player_experience":2941223,"relics_obtained":[{"floor":13.0,"key":"Frozen Egg 2"},{"floor":24.0,"key":"Juzu Bracelet"},{"floor":26.0,"key":"Red Mask"},{"floor":27.0,"key":"Pocketwatch"},{"floor":29.0,"key":"Bottled Lightning"},{"floor":37.0,"key":"Prayer Wheel"},{"floor":42.0,"key":"Boot"},{"floor":46.0,"key":"Mango"},{"floor":52,"key":"White Beast Statue"}],"event_choices":[{"damage_healed":0.0,"max_hp_gain":0.0,"max_hp_loss":0.0,"gold_gain":0.0,"event_name":"Lab","player_choice":"Got Potions","floor":3.0,"gold_loss":0.0,"damage_taken":0.0},{"damage_healed":0.0,"max_hp_gain":0.0,"max_hp_loss":0.0,"gold_gain":0.0,"event_name":"Masked Bandits","player_choice":"Fought Bandits","floor":26.0,"gold_loss":0.0,"damage_taken":0.0},{"damage_healed":0.0,"max_hp_gain":0.0,"max_hp_loss":0.0,"gold_gain":0.0,"event_name":"Mysterious Sphere","player_choice":"Fight","floor":37.0,"gold_loss":0.0,"damage_taken":0.0}],"is_beta":false,"boss_relics":[{"not_picked":["Fusion Hammer","Runic Pyramid"],"picked":"expansioncontent:StudyCardRelic"},{"not_picked":["Empty Cage","Busted Crown"],"picked":"Cursed Key"}],"items_purged_floors":[],"is_endless":false,"potions_floor_spawned":[8,10,13,15,19,26,29,32,36,37,46],"ascension_level":20}}