{"host":"ig7tc0uedzltt2sr","time":1609996591,"event":{"mods":["BaseMod","Better Twitch Integration","Block Reminder","Colored Map","Colored Powertips","Communication Mod","Current Relic Mod","GifTheSpireLib","HexUI Lib","Minty Spire (QoL Compilation)","Quick Restart","Random Character Button","Rare Cards Sparkle","Relic Sorter","Relic Stats","Slay the Relics Exporter","StSLib","SuperFastMode","Synergy Search","Twitch Decklist","Twitch Utils","everything is the same but u backflip on backflip","slay the spire mod where everything is the same but ironclad has a cowboy hat"],"gold_per_floor":[114,132,145,156,156,156,156,170,170,181,181,181,10,41,41,41,41],"floor_reached":16,"playtime":112,"items_purged":[],"score":102,"play_id":"8ee17b93-f7be-4446-89fd-8185062a962f","local_time":"20210106211631","is_ascension_mode":false,"campfire_choices":[{"floor":6,"key":"RECALL"},{"floor":12,"key":"REST"},{"floor":15,"key":"REST"}],"circlet_count":0,"master_deck":["Strike_R","Strike_R","Strike_R","Strike_R","Strike_R","Defend_R","Defend_R","Defend_R","Defend_R","Bash","Flame Barrier","Blood for Blood","Sever Soul","Blood for Blood","True Grit","Corruption","Warcry","Forethought","Spot Weakness","Heavy Blade"],"relics":["Burning Blood","NeowsBlessing","Kunai","Golden Idol","Centennial Puzzle"],"acts_visited":["Exordium"],"potions_floor_usage":[],"damage_taken":[{"damage":0,"enemies":"2 Louse","floor":1,"turns":1},{"damage":0,"enemies":"Small Slimes","floor":2,"turns":1},{"damage":0,"enemies":"Jaw Worm","floor":3,"turns":1},{"damage":13,"enemies":"2 Fungi Beasts","floor":4,"turns":6},{"damage":11,"enemies":"Blue Slaver","floor":8,"turns":5},{"damage":16,"enemies":"Large Slime","floor":10,"turns":8},{"damage":61,"enemies":"3 Sentries","floor":14,"turns":11},{"damage":41,"enemies":"Hexaghost","floor":16,"turns":11}],"seed_played":"4932871818983245400","potions_obtained":[{"floor":1,"key":"DistilledChaos"},{"floor":14,"key":"DistilledChaos"}],"is_trial":false,"path_per_floor":["M","M","M","M","?","R","$","M","T","M","?","R","$","E","R","B"],"character_chosen":"IRONCLAD","items_purchased":["Warcry","Forethought","Spot Weakness"],"campfire_rested":2,"item_purchase_floors":[13,13,13],"current_hp_per_floor":[80,80,80,73,70,70,70,65,65,55,55,74,74,19,41,0,0],"gold":41,"neow_bonus":"THREE_ENEMY_KILL","is_daily":false,"chose_seed":false,"campfire_upgraded":0,"win_rate":0.0,"timestamp":1609996591,"path_taken":["M","M","M","M","?","R","$","M","T","M","?","R","$","E","R","BOSS"],"items_purchased_type":["Card","Card","Card"],"build_version":"2020-12-22","purchased_purges":0,"victory":false,"max_hp_per_floor":[80,80,80,80,80,80,80,80,80,80,74,74,74,74,74,74,74],"relic_stats":{"Centennial Puzzle":[3],"counters":[8,44],"Golden Idol":6,"Kunai":[4],"obtain_stats":[{"Centennial Puzzle":14,"NeowsBlessing":0,"Golden Idol":11,"Kunai":5,"Burning Blood":0},{"Centennial Puzzle":7,"NeowsBlessing":0,"Golden Idol":6,"Kunai":4,"Burning Blood":0},{"Centennial Puzzle":33,"NeowsBlessing":0,"Golden Idol":22,"Kunai":9,"Burning Blood":0}],"Burning Blood":24},"card_choices":[{"not_picked":["Metallicize","Havoc"],"picked":"Flame Barrier","floor":1},{"not_picked":["True Grit","Sword Boomerang"],"picked":"Blood for Blood","floor":2},{"not_picked":["Body Slam","True Grit"],"picked":"Sever Soul","floor":3},{"not_picked":["Uppercut","Entrench"],"picked":"Blood for Blood","floor":4},{"not_picked":["Anger","Havoc"],"picked":"True Grit","floor":8},{"not_picked":["Body Slam","Twin Strike"],"picked":"Corruption","floor":10},{"not_picked":["Perfected Strike","Sword Boomerang"],"picked":"Heavy Blade","floor":14}],"player_experience":1447094,"relics_obtained":[{"floor":14,"key":"Centennial Puzzle"}],"event_choices":[{"damage_healed":0,"gold_gain":0,"player_choice":"Success","damage_taken":3,"relics_obtained":["Kunai"],"max_hp_gain":0,"max_hp_loss":0,"event_name":"Scrap Ooze","floor":5,"gold_loss":0},{"damage_healed":0,"gold_gain":0,"player_choice":"Lose Max HP","damage_taken":0,"relics_obtained":["Golden Idol"],"max_hp_gain":0,"max_hp_loss":6,"event_name":"Golden Idol","floor":11,"gold_loss":0}],"is_beta":false,"boss_relics":[],"items_purged_floors":[],"is_endless":false,"potions_floor_spawned":[1,14],"killed_by":"Hexaghost","ascension_level":0}}