{"host":"r5cycnjhcbwgkpkf","time":1609993504,"event":{"mods":["2.2 Compatiblity","AchievementEnabler","BaseMod","Bestiary","Better Match","Better Note","Better Skull","Better Third Choice","BetterRewards","Colored Map","Colored Powertips","Downfall","Googly Eyes","Infinite Spire","Minty Spire (QoL Compilation)","Replay The Spire","Spicy Shops","StSLib"],"gold_per_floor":[119,62,62,62,62,62,89,105,151,166,186,186,186,219,219,318,318,331,100,112,129,144,144,163,163,163,173,173,184,217,217,217,315,315,329,140,150,0,11,11,29,44,44,64,95,95,95,95,95,95,95],"floor_reached":50,"playtime":2612,"items_purged":["Strike_P","Pain"],"score":943,"play_id":"7625626a-f60a-4903-9249-70a1f5bb5eab","local_time":"20210106202504","is_ascension_mode":true,"campfire_choices":[{"data":"Vigilance","floor":6.0,"key":"SMITH"},{"data":"Adaptation","floor":13.0,"key":"SMITH"},{"floor":15.0,"key":"REST"},{"data":"ReachHeaven","floor":15.0,"key":"SMITH"},{"floor":23.0,"key":"REST"},{"data":"Ragnarok","floor":23.0,"key":"SMITH"},{"data":"Vault","floor":25.0,"key":"SMITH"},{"data":"Crescendo","floor":32.0,"key":"SMITH"},{"floor":40.0,"key":"REST"},{"floor":40.0,"key":"DIG"},{"floor":47.0,"key":"REST"},{"data":"Indignation","floor":47.0,"key":"SMITH"},{"data":"DeusExMachina","floor":49.0,"key":"SMITH"}],"circlet_count":0,"master_deck":["Strike_P+1","Strike_P","Defend_P","Defend_P","Defend_P","Defend_P","Eruption+1","Vigilance+1","Conclude","FollowUp","Evaluate","EmptyFist+1","Adaptation+1","ReachHeaven+1","Crescendo+1","Vault+1","Ragnarok+1","TalkToTheHand+1","WreathOfFlame+1","SashWhip","Vault+1","DeusExMachina+1","Indignation+1","ClearTheMind+1","WreathOfFlame+1"],"relics":["PureWater","Lee\u0027s Waffle","HandDrill","infinitespire:Magic Flask","StrikeDummy","FossilizedHelix","infinitespire:Beetle Shell","Dream Catcher","Sozu","Akabeko","Nunchaku","Shovel","ReplayTheSpireMod:DimensionalGlitch","ReplayTheSpireMod:CursedCoin","Divine Protection","ClockworkSouvenir","Whetstone","Vajra","Boot"],"acts_visited":["Exordium","TheCity","TheBeyond"],"potions_floor_usage":[50,50,50],"damage_taken":[{"damage":0.0,"enemies":"Small Slimes","floor":1.0,"turns":4.0},{"damage":0.0,"enemies":"Replay:BlueRogue","floor":7.0,"turns":3.0},{"damage":0.0,"enemies":"Cultist","floor":8.0,"turns":2.0},{"damage":0.0,"enemies":"2 Louse","floor":10.0,"turns":2.0},{"damage":6.0,"enemies":"Gremlin Gang","floor":11.0,"turns":3.0},{"damage":0.0,"enemies":"3 Sentries","floor":14.0,"turns":7.0},{"damage":22.0,"enemies":"The Guardian","floor":16.0,"turns":8.0},{"damage":0.0,"enemies":"Shell Parasite","floor":18.0,"turns":3.0},{"damage":8.0,"enemies":"3 Byrds","floor":20.0,"turns":4.0},{"damage":0.0,"enemies":"Snecko","floor":21.0,"turns":3.0},{"damage":6.0,"enemies":"Shelled Parasite and Fungi","floor":22.0,"turns":2.0},{"damage":0.0,"enemies":"Centurion and Healer","floor":24.0,"turns":3.0},{"damage":0.0,"enemies":"Snecko","floor":27.0,"turns":3.0},{"damage":0.0,"enemies":"Cultist and Chosen","floor":29.0,"turns":3.0},{"damage":0.0,"enemies":"Book of Stabbing","floor":30.0,"turns":2.0},{"damage":11.0,"enemies":"Champ","floor":33.0,"turns":6.0},{"damage":11.0,"enemies":"3 Shapes","floor":35.0,"turns":3.0},{"damage":0.0,"enemies":"Orb Walker","floor":37.0,"turns":3.0},{"damage":2.0,"enemies":"Writhing Mass","floor":39.0,"turns":3.0},{"damage":9.0,"enemies":"3 Darklings","floor":41.0,"turns":5.0},{"damage":0.0,"enemies":"4 Shapes","floor":42.0,"turns":3.0},{"damage":0.0,"enemies":"Transient","floor":44.0,"turns":7.0},{"damage":0.0,"enemies":"Giant Head","floor":45.0,"turns":7.0},{"damage":82,"enemies":"Awakened One","floor":50,"turns":7}],"seed_played":"-111613805962583039","potions_obtained":[{"floor":7.0,"key":"Reflective Coating"},{"floor":11.0,"key":"PowerPotion"},{"floor":12.0,"key":"AttackPotion"},{"floor":12.0,"key":"Ambrosia"}],"is_trial":false,"path_per_floor":["M","?","$","?","?","R","E","M","T","M","M","?","R","E","R","B",null,"M","$","M","M","M","R","M","R","T","M","?","M","E","?","R","B",null,"M","$","M","$","M","R","M","M","T","M","E","$","R","?","R","B"],"character_chosen":"WATCHER","items_purchased":["Lee\u0027s Waffle","Conclude","HandDrill","infinitespire:Magic Flask","FollowUp","Akabeko","Ragnarok","ReplayTheSpireMod:CursedCoin","Divine Protection","ClockworkSouvenir"],"campfire_rested":4,"item_purchase_floors":[0,0,0,0,0,19,19,36,36,38],"current_hp_per_floor":[79,79,79,79,79,79,79,79,79,79,73,73,73,73,79,57,74,74,74,66,66,60,79,79,79,79,79,79,79,79,79,79,68,76,65,65,65,65,63,79,70,70,70,70,70,70,79,79,79,0,0],"gold":95,"neow_bonus":"","is_daily":false,"chose_seed":false,"campfire_upgraded":8,"win_rate":0.0,"timestamp":1609993504,"path_taken":["M","?","?","?","?","R","E","?","T","M","?","?","R","E","R","BOSS","M","$","?","M","M","R","M","R","T","M","?","?","E","?","R","BOSS","M","?","M","$","M","R","M","M","T","M","E","$","R","?","R","BOSS"],"items_purchased_type":["Relic","Card","Relic","Relic","Card","Relic","Card","Relic","Relic","Relic"],"build_version":"2020-12-22","purchased_purges":2,"victory":false,"max_hp_per_floor":[79,79,79,79,79,79,79,79,79,79,79,79,79,79,79,79,79,79,79,79,79,79,79,79,79,79,79,79,79,79,79,79,79,79,79,79,79,79,79,79,79,79,79,79,79,79,79,79,79,79,79],"card_choices":[{"not_picked":["Replay:BluntJabs","DeceiveReality"],"picked":"Evaluate","floor":1.0},{"not_picked":["Replay:BluntJabs","PathToVictory","CutThroughFate"],"picked":"SKIP","floor":7.0},{"not_picked":["PathToVictory","Wireheading","WaveOfTheHand"],"picked":"SKIP","floor":8.0},{"not_picked":["Worship","Replay:ManipulateFuture"],"picked":"EmptyFist","floor":10.0},{"not_picked":["WindmillStrike","Replay:BluntJabs"],"picked":"Adaptation","floor":11.0},{"not_picked":["Sanctity","Prostrate"],"picked":"ReachHeaven","floor":14.0},{"not_picked":["Worship","Meditate"],"picked":"Crescendo","floor":15.0},{"not_picked":["Omniscience","Devotion"],"picked":"Vault","floor":16.0},{"not_picked":["Consecrate","FollowUp","Vengeance"],"picked":"SKIP","floor":18.0},{"not_picked":["Halt","Replay:AtTheReady","EmptyBody"],"picked":"SKIP","floor":20.0},{"not_picked":["JustLucky","CrushJoints"],"picked":"TalkToTheHand+1","floor":21.0},{"not_picked":["Study","FlyingSleeves","Replay:ManipulateFuture"],"picked":"SKIP","floor":22.0},{"not_picked":["InnerPeace","SashWhip"],"picked":"WreathOfFlame+1","floor":23.0},{"not_picked":["Crescendo","Vengeance+1"],"picked":"SashWhip","floor":24.0},{"not_picked":["Sanctity+1","BowlingBash+1","Replay:Battleflow"],"picked":"SKIP","floor":27.0},{"not_picked":["Consecrate","Evaluate"],"picked":"FlurryOfBlows+1","floor":29.0},{"not_picked":["BowlingBash","SashWhip","Sanctity"],"picked":"SKIP","floor":30.0},{"not_picked":["Replay:LoomingThreat","SpiritShield"],"picked":"DeusExMachina","floor":33.0},{"not_picked":["FlurryOfBlows+1","Consecrate"],"picked":"Indignation","floor":35.0},{"not_picked":["FearNoEvil+1","Replay:ManipulateFuture+1","FlurryOfBlows"],"picked":"SKIP","floor":37.0},{"not_picked":["BowlingBash+1","EmptyFist+1"],"picked":"ClearTheMind+1","floor":39.0},{"not_picked":["ClearTheMind+1","LessonLearned"],"picked":"WreathOfFlame+1","floor":40.0},{"not_picked":["DeceiveReality+1","Replay:ManipulateFuture+1","Wireheading"],"picked":"SKIP","floor":41.0},{"not_picked":["EmptyFist+1","Halt+1","Prostrate+1"],"picked":"SKIP","floor":42.0},{"not_picked":["Perseverance","CrushJoints","Consecrate"],"picked":"SKIP","floor":44.0},{"not_picked":["Replay:Anticipation","FlurryOfBlows","BattleHymn"],"picked":"SKIP","floor":45.0}],"player_experience":408358,"relics_obtained":[{"floor":7.0,"key":"FossilizedHelix"},{"floor":9.0,"key":"infinitespire:Beetle Shell"},{"floor":14.0,"key":"Dream Catcher"},{"floor":26.0,"key":"Nunchaku"},{"floor":30.0,"key":"Shovel"},{"floor":40.0,"key":"Whetstone"},{"floor":43.0,"key":"Vajra"},{"floor":45.0,"key":"Boot"}],"event_choices":[{"damage_healed":0.0,"max_hp_gain":0.0,"max_hp_loss":0.0,"gold_gain":0.0,"event_name":"WeMeetAgain","player_choice":"Paid Gold","floor":2.0,"gold_loss":57.0,"damage_taken":0.0,"relics_obtained":["StrikeDummy"]},{"damage_healed":0.0,"max_hp_gain":0.0,"max_hp_loss":0.0,"gold_gain":0.0,"event_name":"betterThird:BetterScrap","player_choice":"LEAVE","floor":5.0,"gold_loss":0.0,"damage_taken":0.0,"cards_obtained":["Footwork"]},{"damage_healed":0.0,"max_hp_gain":0.0,"max_hp_loss":0.0,"gold_gain":0.0,"event_name":"Lab","player_choice":"Got Potions","floor":12.0,"gold_loss":0.0,"damage_taken":0.0},{"damage_healed":0.0,"max_hp_gain":0.0,"max_hp_loss":0.0,"gold_gain":0.0,"event_name":"Duplicator","player_choice":"Copied","floor":28.0,"gold_loss":0.0,"damage_taken":0.0,"cards_obtained":["Vault"]},{"cards_removed":["Strike_P"],"damage_healed":0.0,"max_hp_gain":0.0,"max_hp_loss":0.0,"gold_gain":0.0,"event_name":"Purifier","player_choice":"Purged","floor":31.0,"gold_loss":0.0,"damage_taken":0.0},{"cards_removed":["FlurryOfBlows"],"damage_healed":0.0,"max_hp_gain":0.0,"max_hp_loss":0.0,"gold_gain":0.0,"event_name":"Falling","player_choice":"Removed Attack","floor":48.0,"gold_loss":0.0,"damage_taken":0.0}],"is_beta":false,"boss_relics":[{"not_picked":["Kintsugi","Replay:Wanted Poster"],"picked":"Sozu"},{"not_picked":["Runic Pyramid","Replay:Ancient Bell"],"picked":"ReplayTheSpireMod:DimensionalGlitch"}],"items_purged_floors":[0,36],"is_endless":false,"potions_floor_spawned":[7,11,14,18,29,33,35,39,42],"killed_by":"Awakened One","ascension_level":5}}