{"host":"nuc2w1a7ik2yhkv2","time":1609981160,"event":{"mods":["Act Like it!","BaseMod","Gensokyo","Minty Spire (QoL Compilation)","Quick Restart","Rare Cards Sparkle","StSLib"],"gold_per_floor":[129,179,179,179,197,197,236,21,21,31,31,31,71,96,96,171,171,190,190,226,11,11,11,11],"floor_reached":23,"playtime":1048,"items_purged":[],"score":372,"play_id":"d66d5c93-6afc-4af0-b805-3aad469c052f","local_time":"20210107085920","is_ascension_mode":true,"campfire_choices":[{"floor":6.0,"key":"REST"},{"floor":12.0,"key":"REST"},{"floor":15.0,"key":"REST"}],"circlet_count":0,"master_deck":["AscendersBane","Strike_G+1","Strike_G+1","Strike_G","Strike_G","Defend_G+1","Defend_G","Defend_G","Defend_G","Survivor","Neutralize","HandOfGreed+1","Calculated Gamble","All Out Attack+1","Deflect","Caltrops","Quick Slash","Dodge and Roll","Tools of the Trade","Adrenaline","Prepared+1","Shame","Backflip","Backflip","PiercingWail","Gensokyo:ManorOfTheDishes"],"relics":["Ring of the Snake","Gensokyo:Mercy","Bronze Scales","Whetstone","Pen Nib","HoveringKite","Membership Card","Frozen Eye"],"acts_visited":["Exordium","Gensokyo:Gensokyo"],"potions_floor_usage":[16,16],"damage_taken":[{"damage":14.0,"enemies":"Gensokyo:Gryphon","floor":1.0,"turns":4.0},{"damage":0.0,"enemies":"Gensokyo:2_Kodama","floor":2.0,"turns":3.0},{"damage":8.0,"enemies":"Gensokyo:3_Fairies","floor":5.0,"turns":6.0},{"damage":4.0,"enemies":"Gensokyo:Python_and_Kodama","floor":7.0,"turns":4.0},{"damage":3.0,"enemies":"Gensokyo:Kitsune","floor":10.0,"turns":3.0},{"damage":8.0,"enemies":"Gensokyo:3_Kodama","floor":13.0,"turns":3.0},{"damage":5.0,"enemies":"Gensokyo:Cirno","floor":14.0,"turns":5.0},{"damage":37,"enemies":"Gensokyo:Reimu","floor":16,"turns":12},{"damage":2,"enemies":"Gensokyo:AngelMirror","floor":18,"turns":3},{"damage":0,"enemies":"Gensokyo:2_Gloops","floor":20,"turns":3},{"damage":49,"enemies":"Gensokyo:Koishi","floor":23,"turns":8}],"seed_played":"-7702415128479523642","potions_obtained":[{"floor":13.0,"key":"SpeedPotion"},{"floor":14.0,"key":"Ancient Potion"}],"is_trial":false,"path_per_floor":["M","M","?","?","M","R","M","$","T","M","?","R","M","E","R","B",null,"M","?","M","$","?","E"],"character_chosen":"THE_SILENT","items_purchased":["Bronze Scales","Caltrops","Membership Card","Backflip","PiercingWail"],"campfire_rested":3,"item_purchase_floors":[8,8,21,21,21],"current_hp_per_floor":[30,30,30,14,6,25,21,21,21,18,18,37,29,24,43,6,51,49,49,49,49,49,0,0],"gold":11,"neow_bonus":"RANDOM_COLORLESS_2","is_daily":false,"chose_seed":false,"campfire_upgraded":0,"win_rate":0.0,"timestamp":1609981160,"path_taken":["M","M","?","?","?","R","M","?","T","M","?","R","M","E","R","BOSS","M","?","M","?","?","E"],"items_purchased_type":["Relic","Card","Relic","Card","Card"],"build_version":"2020-12-22","purchased_purges":0,"victory":false,"max_hp_per_floor":[66,66,66,66,66,66,66,66,66,66,66,66,66,66,66,66,66,66,66,66,66,59,59,59],"card_choices":[{"not_picked":["Master of Strategy","Transmutation"],"picked":"HandOfGreed","floor":0.0},{"not_picked":["Outmaneuver","Bane"],"picked":"Calculated Gamble","floor":1.0},{"not_picked":["Escape Plan","Predator"],"picked":"Quick Slash","floor":2.0},{"not_picked":["Underhanded Strike","Cloak And Dagger"],"picked":"All Out Attack","floor":5.0},{"not_picked":["Backstab","Dagger Spray"],"picked":"Deflect","floor":7.0},{"not_picked":["Riddle With Holes","Prepared"],"picked":"Quick Slash","floor":10.0},{"not_picked":["Skewer","Finisher"],"picked":"Dodge and Roll","floor":13.0},{"not_picked":["Underhanded Strike","Acrobatics"],"picked":"Tools of the Trade","floor":14.0},{"not_picked":["Storm of Steel","Phantasmal Killer"],"picked":"Adrenaline","floor":16},{"not_picked":["Underhanded Strike","Well Laid Plans"],"picked":"Prepared+1","floor":18},{"not_picked":["Deflect","Cloak And Dagger"],"picked":"Backflip","floor":20},{"not_picked":["Gensokyo:GapWoman","Gensokyo:LittleGreenMen"],"picked":"Gensokyo:ManorOfTheDishes","floor":22}],"player_experience":878780,"relics_obtained":[{"floor":9.0,"key":"Whetstone"},{"floor":14.0,"key":"Pen Nib"}],"event_choices":[],"is_beta":false,"boss_relics":[{"not_picked":["Tiny House","SacredBark"],"picked":"HoveringKite"}],"items_purged_floors":[],"is_endless":false,"potions_floor_spawned":[13,14],"killed_by":"Gensokyo:Koishi","ascension_level":20}}