{"host":"npubv26u89aif4fa","time":1609997517,"event":{"mods":["Astrologer","BaseMod","Better Vampires","Better-Laid Plans","Colored Powertips","GifTheSpireLib","GungeonMod","HornydragonMod","Hubris","Jedi Mod","Minty Spire (QoL Compilation)","Quick Restart","Remilia（蕾米莉亚）","Replay The Spire","StSLib","Td1madao Mod","The Administrix","The Alterego","The Bug Knight","The Cursed","The Runesmith","Yuri Mod","残留之物"],"gold_per_floor":[113,128,143,156,166,193,42,42,67,67,101,119,119,151,151,255,255,241,15,15,15,26,58,76,110,110,122,122,122,146,157,157,259,309,321,321,341,352,10,39,39,39,39,39,51,62,62,92,92,92,92,92,12,44,44,44],"floor_reached":55,"playtime":3949,"items_purged":["Strike_G","Defend_G"],"score":887,"play_id":"69aa4693-2ddb-48a5-9038-75334c9c1bed","local_time":"20210107133157","is_ascension_mode":false,"campfire_choices":[{"floor":13.0,"key":"RECALL"},{"data":"Footwork","floor":15.0,"key":"SMITH"},{"floor":28.0,"key":"DIG"},{"floor":32,"key":"DIG"},{"floor":41,"key":"DIG"},{"floor":49,"key":"DIG"},{"floor":52,"key":"DIG"}],"circlet_count":0,"master_deck":["Defend_G+1","Defend_G","Defend_G","Survivor","Neutralize","Endless Agony","Footwork+1","Infinite Blades","Deflect","Cloak And Dagger+1","Cloak And Dagger","Cloak And Dagger","After Image","Accuracy","Accuracy","Bite","Bite","Bite","Bite","RitualDagger","Finisher","ReplayTheSpireMod:Speed Training","ReplayTheSpireMod:Shiv Toss","Blur","Blade Dance","Backstab","Replay:Bag of Tricks","Infinite Blades+1","hubris:Insight","Fluid Movement+1","Hidden Blade+1","Accuracy+1","Well Laid Plans"],"relics":["Ring of the Snake","NeowsBlessing","Tough Bandages","Oddly Smooth Stone","Bronze Scales","Dream Catcher","Tiny Chest","SlaversCollar","DollysMirror","Toy Ornithopter","Shovel","Bag of Marbles","Anchor","Happy Flower","Tiny House","Vajra","Snake Skull","Centennial Puzzle","hubris:Towel","Nunchaku","Potion Belt","Smiling Mask","Bag of Preparation","Letter Opener","Pen Nib"],"acts_visited":["TheBeyond","TheEnding"],"potions_floor_usage":[38,48,50,55,55],"damage_taken":[{"damage":0.0,"enemies":"Cultist","floor":1.0,"turns":1.0},{"damage":0.0,"enemies":"Jaw Worm","floor":2.0,"turns":1.0},{"damage":0.0,"enemies":"2 Louse","floor":3.0,"turns":1.0},{"damage":3.0,"enemies":"Lots of Slimes","floor":4.0,"turns":6.0},{"damage":4.0,"enemies":"Blue Slaver","floor":5.0,"turns":5.0},{"damage":11.0,"enemies":"3 Sentries","floor":6.0,"turns":9.0},{"damage":15.0,"enemies":"Gremlin Nob","floor":11.0,"turns":5.0},{"damage":0.0,"enemies":"2 Fungi Beasts","floor":12.0,"turns":3.0},{"damage":19.0,"enemies":"Lagavulin","floor":14.0,"turns":10.0},{"damage":12.0,"enemies":"Hexaghost","floor":16.0,"turns":13.0},{"damage":1.0,"enemies":"2 Thieves","floor":18.0,"turns":4.0},{"damage":0.0,"enemies":"Chosen","floor":22.0,"turns":7.0},{"damage":2.0,"enemies":"Gremlin Leader","floor":23.0,"turns":9.0},{"damage":9.0,"enemies":"Shelled Parasite and Fungi","floor":24.0,"turns":10.0},{"damage":9.0,"enemies":"Book of Stabbing","floor":25.0,"turns":6.0},{"damage":0.0,"enemies":"Snake Plant","floor":27.0,"turns":7.0},{"damage":5,"enemies":"3 Cultists","floor":31,"turns":6},{"damage":43,"enemies":"Automaton","floor":33,"turns":12},{"damage":0,"enemies":"Orb Walker","floor":35,"turns":2},{"damage":2,"enemies":"3 Shapes","floor":37,"turns":2},{"damage":17,"enemies":"Sphere and 2 Shapes","floor":38,"turns":11},{"damage":13,"enemies":"Reptomancer","floor":40,"turns":7},{"damage":31,"enemies":"Maw","floor":45,"turns":9},{"damage":0,"enemies":"Jaw Worm Horde","floor":46,"turns":3},{"damage":22,"enemies":"Giant Head","floor":48,"turns":11},{"damage":0,"enemies":"hubris:GrandSnecko","floor":50,"turns":8},{"damage":30,"enemies":"Shield and Spear","floor":54,"turns":5},{"damage":87,"enemies":"The Heart","floor":55,"turns":3}],"seed_played":"-4302044231209786809","potions_obtained":[{"floor":1.0,"key":"Block Potion"},{"floor":2.0,"key":"Fruit Juice"},{"floor":3.0,"key":"AttackPotion"},{"floor":5.0,"key":"Block Potion"},{"floor":12.0,"key":"SmokeBomb"},{"floor":18.0,"key":"Energy Potion"},{"floor":22.0,"key":"GhostInAJar"},{"floor":24.0,"key":"Block Potion"},{"floor":33,"key":"FearPotion"},{"floor":34,"key":"SkillPotion"},{"floor":35,"key":"Elixir"},{"floor":40,"key":"Energy Potion"},{"floor":48,"key":"Venom Potion"}],"is_trial":false,"path_per_floor":["M","M","M","M","M","E","$","?","T","?","E","M","R","E","R","B",null,"M","$","?","?","M","E","M","E","T","M","R","?","T","M","R","B",null,"M","?","M","M","$","E","R","?","T","T","M","M","$","E","R","B",null,"R","$","E","B"],"character_chosen":"THE_SILENT","items_purchased":["Oddly Smooth Stone","DollysMirror","Vajra","hubris:Insight","Well Laid Plans"],"campfire_rested":0,"item_purchase_floors":[7,19,39,39,53],"current_hp_per_floor":[70,75,75,72,68,57,57,62,62,62,47,47,47,28,28,16,80,79,79,60,54,58,58,60,51,51,57,57,57,57,54,54,29,65,65,65,65,59,59,54,54,54,54,54,37,39,39,34,34,49,65,65,65,37,0,0],"gold":44,"neow_bonus":"THREE_ENEMY_KILL","is_daily":false,"chose_seed":false,"campfire_upgraded":1,"win_rate":0.0,"timestamp":1609997517,"path_taken":["M","?","M","M","M","E","?","?","T","?","E","?","R","E","R","BOSS","M","$","?","?","M","E","M","E","T","M","R","?","?","?","R","BOSS","M","?","M","M","$","E","R","?","T","?","?","M","?","E","R","BOSS","R","$","E","BOSS"],"items_purchased_type":["Relic","Relic","Relic","Card","Card"],"build_version":"2020-12-22","purchased_purges":2,"victory":false,"max_hp_per_floor":[70,75,75,75,75,75,75,80,80,80,80,80,80,80,80,80,80,80,80,60,60,60,60,60,60,60,60,60,60,60,60,60,60,65,65,65,65,65,65,65,65,65,65,65,65,65,65,65,65,65,65,65,65,65,65,65],"card_choices":[{"not_picked":["Deflect","Reflex"],"picked":"Endless Agony","floor":1.0},{"not_picked":["Eviscerate","Choke"],"picked":"Footwork","floor":2.0},{"not_picked":["Eviscerate","Heel Hook"],"picked":"Infinite Blades","floor":3.0},{"not_picked":["Skewer","Slice"],"picked":"Deflect","floor":4.0},{"not_picked":["Deadly Poison","All Out Attack"],"picked":"Cloak And Dagger","floor":5.0},{"not_picked":["Envenom","Predator","Crippling Poison"],"picked":"SKIP","floor":6.0},{"not_picked":["Dagger Spray","Sucker Punch","Poisoned Stab"],"picked":"SKIP","floor":11.0},{"not_picked":["Sucker Punch","Flying Knee"],"picked":"Cloak And Dagger","floor":12.0},{"not_picked":["Bouncing Flask","Expertise"],"picked":"Cloak And Dagger","floor":14.0},{"not_picked":["Unload","Glass Knife"],"picked":"After Image","floor":16.0},{"not_picked":["Reflex","Deadly Poison"],"picked":"Accuracy","floor":18.0},{"not_picked":["Bane","Flechettes"],"picked":"Finisher","floor":22.0},{"not_picked":["Expertise+1","hubris:Counter+1"],"picked":"ReplayTheSpireMod:Speed Training","floor":23.0},{"not_picked":["ReplayTheSpireMod:Speed Training","Catalyst"],"picked":"ReplayTheSpireMod:Shiv Toss","floor":24.0},{"not_picked":["Leg Sweep","Prepared"],"picked":"Blur","floor":25.0},{"not_picked":["jedi:rejectivetoxin","Backflip","Deflect+1"],"picked":"SKIP","floor":27.0},{"not_picked":["Outmaneuver","All Out Attack"],"picked":"Backstab","floor":31},{"not_picked":["Glass Knife","jedi:brewingpoison"],"picked":"Replay:Bag of Tricks","floor":33},{"not_picked":["Flying Knee+1","hubris:SlightOfHand+1","Sucker Punch+1"],"picked":"SKIP","floor":35},{"not_picked":["hubris:SlightOfHand","Dagger Spray","Dagger Throw+1"],"picked":"SKIP","floor":37},{"not_picked":["Outmaneuver","jedi:unstablefumes"],"picked":"Infinite Blades+1","floor":38},{"not_picked":["Dagger Throw+1","Sucker Punch+1","Predator"],"picked":"SKIP","floor":40},{"not_picked":["Underhanded Strike+1","Outmaneuver+1"],"picked":"Fluid Movement+1","floor":45},{"not_picked":["Phantasmal Killer","Hidden Blade+1","Bane+1"],"picked":"SKIP","floor":46},{"not_picked":["Phantasmal Killer","Bane+1"],"picked":"Hidden Blade+1","floor":46},{"not_picked":["Underhanded Strike","Bane+1"],"picked":"Accuracy+1","floor":48},{"not_picked":["jedi:studyshivs","Quick Slash","Backstab+1"],"picked":"SKIP","floor":54}],"player_experience":223138,"relics_obtained":[{"floor":6.0,"key":"Tough Bandages"},{"floor":9.0,"key":"Bronze Scales"},{"floor":11.0,"key":"Dream Catcher"},{"floor":14.0,"key":"Tiny Chest"},{"floor":23.0,"key":"Toy Ornithopter"},{"floor":25.0,"key":"Shovel"},{"floor":28.0,"key":"Bag of Marbles"},{"floor":30.0,"key":"Anchor"},{"floor":32,"key":"Happy Flower"},{"floor":40,"key":"Snake Skull"},{"floor":41,"key":"Centennial Puzzle"},{"floor":43,"key":"Nunchaku"},{"floor":44,"key":"Potion Belt"},{"floor":48,"key":"Smiling Mask"},{"floor":49,"key":"Bag of Preparation"},{"floor":52,"key":"Letter Opener"},{"floor":54,"key":"Pen Nib"}],"event_choices":[{"damage_healed":0.0,"max_hp_gain":5.0,"max_hp_loss":0.0,"gold_gain":0.0,"event_name":"Big Fish","player_choice":"Donut","floor":8.0,"gold_loss":0.0,"damage_taken":0.0},{"damage_healed":0.0,"max_hp_gain":0.0,"max_hp_loss":0.0,"gold_gain":0.0,"event_name":"Upgrade Shrine","player_choice":"Upgraded","floor":10.0,"gold_loss":0.0,"damage_taken":0.0,"cards_upgraded":["Cloak And Dagger"]},{"damage_healed":0.0,"max_hp_gain":0.0,"max_hp_loss":20.0,"gold_gain":0.0,"event_name":"Vampires","player_choice":"Became a vampire","floor":20.0,"gold_loss":0.0,"damage_taken":0.0,"cards_obtained":["Bite","Bite","Bite","Bite"]},{"damage_healed":0.0,"max_hp_gain":0.0,"max_hp_loss":0.0,"gold_gain":0.0,"event_name":"Nest","player_choice":"Joined the Cult","floor":21.0,"gold_loss":0.0,"damage_taken":6.0,"cards_obtained":["RitualDagger"]},{"damage_healed":0.0,"max_hp_gain":0.0,"max_hp_loss":0.0,"gold_gain":0.0,"event_name":"The Library","player_choice":"Read","floor":29.0,"gold_loss":0.0,"damage_taken":0.0,"cards_obtained":["Blade Dance"]},{"cards_removed":["Defend_G"],"damage_healed":0,"gold_gain":0,"player_choice":"Removed Skill","damage_taken":0,"max_hp_gain":0,"max_hp_loss":0,"event_name":"Falling","floor":36,"gold_loss":0}],"is_beta":false,"boss_relics":[{"not_picked":["Cursed Key","Philosopher\u0027s Stone"],"picked":"SlaversCollar"},{"not_picked":["Runic Pyramid","Snecko Eye"],"picked":"Tiny House"}],"items_purged_floors":[19,39],"is_endless":false,"potions_floor_spawned":[1,2,3,5,12,18,22,24,33,35,40,48],"killed_by":"The Heart","ascension_level":0}}