{"host":"7i2b4pyo6x2376bs","time":1609992413,"event":{"mods":["BaseMod","Better Note","Colored Map","Highlight Path","Minty Spire (QoL Compilation)","Quick Restart","Rare Cards Sparkle","Shop Mod","StSLib","The Jungle"],"gold_per_floor":[118,118,135,135,149,149,192,192,240,281,281,281,206,219,219,349,412,395,395,138,237,260,260,260,260],"floor_reached":24,"playtime":1865,"items_purged":["Injury"],"score":283,"play_id":"21b198e8-8401-48c6-94e9-95f0eaba8e31","local_time":"20210106200653","is_ascension_mode":true,"campfire_choices":[{"floor":6,"key":"RECALL"},{"floor":8,"key":"REST"},{"floor":11,"key":"REST"},{"data":"Loop","floor":15,"key":"SMITH"},{"floor":23,"key":"REST"}],"circlet_count":0,"master_deck":["Strike_B","Strike_B","Strike_B","Strike_B","Defend_B","Defend_B","Defend_B","Defend_B","Zap","Dualcast","Go for the Eyes","Conserve Battery","Cold Snap","Ball Lightning","Amplify+1","Loop+1","Echo Form","Conserve Battery","Sunder","Zap","Discovery","Rip and Tear+1"],"relics":["Cracked Core","Toy Ornithopter","Golden Idol","PreservedInsect","Shuriken","Tiny House","Question Card"],"acts_visited":["Exordium","TheCity"],"potions_floor_usage":[16],"damage_taken":[{"damage":0,"enemies":"Small Slimes","floor":1,"turns":2},{"damage":6,"enemies":"2 Louse","floor":3,"turns":2},{"damage":0,"enemies":"Cultist","floor":5,"turns":5},{"damage":31,"enemies":"Lagavulin","floor":7,"turns":8},{"damage":16,"enemies":"3 Sentries","floor":10,"turns":4},{"damage":17,"enemies":"3 Louse","floor":14,"turns":3},{"damage":18,"enemies":"Slime Boss","floor":16,"turns":7},{"damage":33,"enemies":"2 Thieves","floor":18,"turns":4},{"damage":22,"enemies":"Spheric Guardian","floor":22,"turns":4},{"damage":79,"enemies":"Gremlin Leader","floor":24,"turns":4}],"seed_played":"5860280499796615492","potions_obtained":[{"floor":1,"key":"FairyPotion"},{"floor":7,"key":"SteroidPotion"},{"floor":16,"key":"Ancient Potion"},{"floor":17,"key":"JungleJuicePotion"}],"is_trial":false,"path_per_floor":["M","?","M","?","M","R","E","R","T","E","R","?","$","M","R","B",null,"M","?","$","?","M","R","E"],"character_chosen":"DEFECT","items_purchased":["Question Card"],"campfire_rested":3,"item_purchase_floors":[20],"current_hp_per_floor":[68,68,62,62,62,62,31,53,53,37,59,75,75,58,58,45,73,40,40,40,40,18,42,0,0],"gold":260,"neow_bonus":"RANDOM_COMMON_RELIC","is_daily":false,"chose_seed":false,"campfire_upgraded":1,"win_rate":0.0,"timestamp":1609992413,"path_taken":["M","?","M","?","M","R","E","R","T","E","R","?","$","M","R","BOSS","M","?","?","?","M","R","E"],"items_purchased_type":["Relic"],"build_version":"2020-12-22","purchased_purges":1,"victory":false,"max_hp_per_floor":[75,75,75,75,75,75,75,75,75,75,75,75,75,75,75,75,80,80,80,80,80,80,80,80,80],"card_choices":[{"not_picked":["Conserve Battery","Stack"],"picked":"Go for the Eyes","floor":1},{"not_picked":["Leap","Rebound"],"picked":"Conserve Battery","floor":3},{"not_picked":["Fusion","Hologram"],"picked":"Cold Snap","floor":5},{"not_picked":["Compile Driver","Barrage"],"picked":"Ball Lightning","floor":7},{"not_picked":["Steam","Aggregate"],"picked":"Amplify","floor":10},{"not_picked":["Leap","Go for the Eyes"],"picked":"Loop","floor":14},{"not_picked":["Fission","Rainbow"],"picked":"Echo Form","floor":16},{"not_picked":["Cold Snap","Beam Cell"],"picked":"Conserve Battery","floor":17},{"not_picked":["Compile Driver+1","Rip and Tear"],"picked":"Sunder","floor":18},{"not_picked":["Scrape","Redo+1","Barrage+1"],"picked":"Rip and Tear+1","floor":22}],"player_experience":714262,"relics_obtained":[{"floor":7,"key":"PreservedInsect"},{"floor":10,"key":"Shuriken"}],"event_choices":[{"damage_healed":0,"gold_gain":0,"player_choice":"Ignored","damage_taken":0,"max_hp_gain":0,"max_hp_loss":0,"event_name":"Shining Light","floor":2,"gold_loss":0},{"damage_healed":0,"gold_gain":0,"player_choice":"Take Wound","damage_taken":0,"relics_obtained":["Golden Idol"],"max_hp_gain":0,"max_hp_loss":0,"event_name":"Golden Idol","floor":4,"gold_loss":0,"cards_obtained":["Injury"]},{"damage_healed":25,"gold_gain":0,"player_choice":"Banana","damage_taken":0,"max_hp_gain":0,"max_hp_loss":0,"event_name":"Big Fish","floor":12,"gold_loss":0},{"damage_healed":0,"gold_gain":0,"player_choice":"2 cards matched","damage_taken":0,"max_hp_gain":0,"max_hp_loss":0,"event_name":"Match and Keep!","floor":19,"gold_loss":0,"cards_obtained":["Zap","Discovery"]},{"damage_healed":0,"gold_gain":99,"player_choice":"Stole From Cult","damage_taken":0,"max_hp_gain":0,"max_hp_loss":0,"event_name":"Nest","floor":21,"gold_loss":0}],"is_beta":false,"boss_relics":[{"not_picked":["Coffee Dripper","Philosopher\u0027s Stone"],"picked":"Tiny House"}],"items_purged_floors":[13],"is_endless":false,"potions_floor_spawned":[1,7,16],"killed_by":"Gremlin Leader","ascension_level":8}}