{"host":"2nhpogk5xa0u9xre","time":1609998924,"event":{"mods":["Aspiration","BaseMod","Colored Powertips","Googly Eyes","Hubris","Infinite Spire","Minty Spire (QoL Compilation)","Rare Cards Sparkle","Replay The Spire","StSLib","The Construct","The Hayseed","The Hierophant","The Runesmith","The Senshi","everything is the same but u backflip on backflip"],"gold_per_floor":[112,187,187,203,203,203,246,30,30,49,49,69,100,114,114,234,234,247,247,247,265,281,319,334,347,347,381,381,421,434,453,453,578,578,630,630,485,535,648,648,713,774,799,799,882,882,1215,1307,1307,1307,1307],"floor_reached":50,"playtime":2278,"items_purged":[],"score":884,"play_id":"370120e2-b7d6-43c7-84b1-4b45fe578a49","local_time":"20210107005524","is_ascension_mode":false,"campfire_choices":[{"data":"TheSimpletonMod:Potatoes","floor":6,"key":"SMITH"},{"data":"TheSimpletonMod:RootDown","floor":11,"key":"SMITH"},{"data":"TheSimpletonMod:Haymaker","floor":15,"key":"SMITH"},{"data":"TheSimpletonMod:Potatoes","floor":28,"key":"SMITH"},{"data":"TheSimpletonMod:Innovate","floor":32,"key":"SMITH"},{"floor":40,"key":"REST"},{"data":"TheSimpletonMod:LandGrant","floor":46,"key":"SMITH"},{"floor":49,"key":"REST"}],"circlet_count":0,"master_deck":["TheSimpletonMod:Strike_TheSimpleton","TheSimpletonMod:Strike_TheSimpleton","TheSimpletonMod:Defend_TheSimpleton","TheSimpletonMod:Defend_TheSimpleton+1","TheSimpletonMod:Defend_TheSimpleton","TheSimpletonMod:Haymaker+1","TheSimpletonMod:ReapAndSow+1","TheSimpletonMod:OnionBloom+1","TheSimpletonMod:Potatoes+1","TheSimpletonMod:Swelter","TheSimpletonMod:RootDown+1","TheSimpletonMod:DoubleBarrel","TheSimpletonMod:DoubleBarrel","TheSimpletonMod:Swelter","TheSimpletonMod:CropDiversity","TheSimpletonMod:Sunseed+1","TheSimpletonMod:Swelter+1","TheSimpletonMod:DoubleDigging+1","TheSimpletonMod:Sunchoke","TheSimpletonMod:Potatoes+1","TheSimpletonMod:Fertilaser+1","TheSimpletonMod:OnionBloom+1","TheSimpletonMod:RootDown","TheSimpletonMod:Innovate+1","TheSimpletonMod:LandGrant+1","TheSimpletonMod:RootDown+1","Specialist","ReplayTheSpireMod:Private Reserves","Jack Of All Trades","TheSimpletonMod:SlashAndBurn","TheSimpletonMod:Rake","TheSimpletonMod:Germinate","TheSimpletonMod:Pruning","ReplayTheSpireMod:Splinters","TheSimpletonMod:Pruning+1","TheSimpletonMod:Pruning","TheSimpletonMod:Swelter","TheSimpletonMod:Rake+1","Parasite","TheSimpletonMod:SpiceUp","TheSimpletonMod:Sunchoke+1"],"relics":["TheSimpletonMod:SpudOfTheInnocent","TheSimpletonMod:NightSoil","TheSimpletonMod:TheHarvester","NeowsBlessing","MawBank","Membership Card","War Paint","ReplayTheSpireMod:Shallot","Odd Mushroom","Astrolabe","hubris:Towel","Vajra","Toy Ornithopter","hubris:SlimyHat","ReplayTheSpireMod:Lightbulb","infinitespire:EvilPickle","aspiration:PoetsPen_weak","theSenshi:SailorFukuRelic","MealTicket"],"acts_visited":["Exordium","TheCity","TheBeyond"],"potions_floor_usage":[13,16,16,16,16,21,24,25,27,29,42,50,50],"damage_taken":[{"damage":0,"enemies":"Jaw Worm","floor":1,"turns":1},{"damage":0,"enemies":"Small Slimes","floor":4,"turns":1},{"damage":0,"enemies":"Replay:BlueRogue","floor":7,"turns":1},{"damage":0,"enemies":"Cultist","floor":10,"turns":3},{"damage":0,"enemies":"2 Fungi Beasts","floor":12,"turns":3},{"damage":0,"enemies":"The Mushroom Lair","floor":13,"turns":3},{"damage":10,"enemies":"Blue Slaver","floor":14,"turns":3},{"damage":0,"enemies":"Hexaghost","floor":16,"turns":7},{"damage":0,"enemies":"Spheric Guardian","floor":18,"turns":3},{"damage":0,"enemies":"3 Byrds","floor":21,"turns":3},{"damage":22,"enemies":"Snake Plant","floor":22,"turns":5},{"damage":11,"enemies":"Gremlin Leader","floor":23,"turns":6},{"damage":1,"enemies":"Chosen and Byrds","floor":24,"turns":4},{"damage":0,"enemies":"Cultist and Chosen","floor":25,"turns":4},{"damage":9,"enemies":"Book of Stabbing","floor":27,"turns":4},{"damage":1,"enemies":"Replay:Snechameleon","floor":29,"turns":6},{"damage":14,"enemies":"3 Cultists","floor":30,"turns":4},{"damage":1,"enemies":"Centurion and Healer","floor":31,"turns":4},{"damage":34,"enemies":"Pondfish","floor":33,"turns":10},{"damage":22,"enemies":"3 Darklings","floor":35,"turns":3},{"damage":20,"enemies":"3 Shapes","floor":38,"turns":2},{"damage":12,"enemies":"Spire Growth","floor":41,"turns":3},{"damage":4,"enemies":"Writhing Mass","floor":42,"turns":4},{"damage":0,"enemies":"R_Hoarder","floor":45,"turns":4},{"damage":31,"enemies":"Sphere and 2 Shapes","floor":48,"turns":4},{"damage":86,"enemies":"hubris:GrandSnecko","floor":50,"turns":8}],"seed_played":"-2484041551569236970","potions_obtained":[{"floor":1,"key":"Fire Potion"},{"floor":10,"key":"Adrenaline Potion"},{"floor":12,"key":"Fire Potion"},{"floor":13,"key":"Block Potion"},{"floor":16,"key":"Fruit Juice"},{"floor":21,"key":"Fruit Juice"},{"floor":22,"key":"FearPotion"},{"floor":23,"key":"Explosive Potion"},{"floor":24,"key":"Adrenaline Potion"},{"floor":27,"key":"SkillPotion"},{"floor":38,"key":"Flashbang"},{"floor":42,"key":"SteroidPotion"},{"floor":48,"key":"Weak Potion"}],"is_trial":false,"path_per_floor":["M","?","?","M","?","R","E","$","T","M","R","M","?","M","R","B",null,"M","?","?","M","M","E","M","M","T","E","R","E","M","M","R","B",null,"M","?","$","M","?","R","M","M","T","?","E","R","?","M","R","B"],"character_chosen":"THE_SIMPLETON","items_purchased":["Membership Card","War Paint","TheSimpletonMod:SlashAndBurn","TheSimpletonMod:Rake","Energy Potion","TheSimpletonMod:Germinate","TheSimpletonMod:Pruning"],"campfire_rested":2,"item_purchase_floors":[8,8,37,37,37,37,37],"current_hp_per_floor":[75,64,64,64,46,46,46,46,46,50,50,54,58,52,52,63,80,80,80,80,85,63,58,63,69,69,71,71,81,71,76,76,48,85,63,53,53,33,33,58,52,59,59,59,65,65,65,40,64,0,0],"gold":1307,"neow_bonus":"THREE_ENEMY_KILL","is_daily":false,"chose_seed":false,"campfire_upgraded":6,"win_rate":0.0,"timestamp":1609998924,"path_taken":["M","?","?","M","?","R","E","$","T","M","R","M","?","M","R","BOSS","M","?","?","M","M","E","M","M","T","E","R","E","M","M","R","BOSS","M","?","$","M","?","R","M","M","T","?","E","R","?","M","R","BOSS"],"items_purchased_type":["Relic","Relic","Card","Card","Potion","Card","Card"],"build_version":"2020-12-22","purchased_purges":0,"victory":false,"max_hp_per_floor":[75,75,75,75,75,75,75,75,75,75,75,75,75,75,75,80,80,80,80,80,85,85,85,85,85,85,85,85,85,85,85,85,85,85,85,85,85,85,85,85,85,85,85,81,81,81,81,81,81,81,81],"card_choices":[{"not_picked":["TheSimpletonMod:StockTheCellar","TheSimpletonMod:Rototilling"],"picked":"TheSimpletonMod:OnionBloom","floor":1},{"not_picked":["TheSimpletonMod:SpiceUp","TheSimpletonMod:BumperCrop"],"picked":"TheSimpletonMod:Potatoes","floor":4},{"not_picked":["TheSimpletonMod:Polyculture","TheSimpletonMod:Mulch"],"picked":"TheSimpletonMod:Swelter","floor":7},{"not_picked":["TheSimpletonMod:GoToMarket","TheSimpletonMod:Barnstorm"],"picked":"TheSimpletonMod:RootDown","floor":10},{"not_picked":["TheSimpletonMod:PestManagement","TheSimpletonMod:Coffee"],"picked":"TheSimpletonMod:DoubleBarrel","floor":12},{"not_picked":["TheSimpletonMod:KeenEdge","TheSimpletonMod:Polyculture"],"picked":"TheSimpletonMod:DoubleBarrel","floor":13},{"not_picked":["TheSimpletonMod:BuzzBomb","TheSimpletonMod:Germinate"],"picked":"TheSimpletonMod:Swelter","floor":14},{"not_picked":["TheSimpletonMod:BirdFeeder","TheSimpletonMod:HitTheSack"],"picked":"TheSimpletonMod:CropDiversity","floor":16},{"not_picked":["TheSimpletonMod:CropRotation","TheSimpletonMod:Polyculture+1","TheSimpletonMod:CloseScrape"],"picked":"SKIP","floor":18},{"not_picked":["TheSimpletonMod:Rototilling","TheSimpletonMod:GoToMarket"],"picked":"TheSimpletonMod:Potatoes","floor":21},{"not_picked":["TheSimpletonMod:Coffee","TheSimpletonMod:CullingStrike+1","TheSimpletonMod:PestManagement"],"picked":"SKIP","floor":22},{"not_picked":["TheSimpletonMod:BirdFeeder","TheSimpletonMod:CloseScrape"],"picked":"TheSimpletonMod:Fertilaser+1","floor":23},{"not_picked":["TheSimpletonMod:Coffee","TheSimpletonMod:SeedCoat","TheSimpletonMod:Pruning"],"picked":"SKIP","floor":24},{"not_picked":["TheSimpletonMod:Sunseed","TheSimpletonMod:DoubleBarrel"],"picked":"TheSimpletonMod:OnionBloom+1","floor":25},{"not_picked":["TheSimpletonMod:StockTheCellar+1","TheSimpletonMod:Potatoes"],"picked":"TheSimpletonMod:RootDown","floor":27},{"not_picked":["TheSimpletonMod:Mulch+1","TheSimpletonMod:Thresh","TheSimpletonMod:ResearchGrant"],"picked":"SKIP","floor":29},{"not_picked":["TheSimpletonMod:BumperCrop+1","TheSimpletonMod:SeedCoat"],"picked":"TheSimpletonMod:Innovate","floor":30},{"not_picked":["TheSimpletonMod:ToughenUp","TheSimpletonMod:PestManagement+1","TheSimpletonMod:KeenEdge"],"picked":"SKIP","floor":31},{"not_picked":["TheSimpletonMod:CrackOfDawn","TheSimpletonMod:SaltTheEarth"],"picked":"TheSimpletonMod:LandGrant","floor":33},{"not_picked":["TheSimpletonMod:CullingStrike+1","TheSimpletonMod:Swelter+1"],"picked":"TheSimpletonMod:RootDown+1","floor":35},{"not_picked":["Madness","Crow Ritual"],"picked":"Specialist","floor":36},{"not_picked":["Trip","hubris:Ssssneak"],"picked":"ReplayTheSpireMod:Private Reserves","floor":36},{"not_picked":["hubris:Ssssneak","Secret Technique"],"picked":"Jack Of All Trades","floor":36},{"not_picked":["TheSimpletonMod:Innovate","TheSimpletonMod:OnionBloom","TheSimpletonMod:DigIn"],"picked":"SKIP","floor":38},{"not_picked":["TheSimpletonMod:SaladShooter+1","TheSimpletonMod:Sunchoke+1"],"picked":"TheSimpletonMod:Pruning+1","floor":39},{"not_picked":["TheSimpletonMod:ControlledBurn","TheSimpletonMod:Rototilling+1"],"picked":"TheSimpletonMod:Pruning","floor":39},{"not_picked":["TheSimpletonMod:Coffee","TheSimpletonMod:Aerate"],"picked":"TheSimpletonMod:Swelter","floor":39},{"not_picked":["TheSimpletonMod:Mulch+1","TheSimpletonMod:VineRipen+1"],"picked":"TheSimpletonMod:Rake+1","floor":41},{"not_picked":["TheSimpletonMod:ToughenUp","TheSimpletonMod:Thresh","TheSimpletonMod:HitTheSack"],"picked":"SKIP","floor":42},{"not_picked":["TheSimpletonMod:SaladShooter","TheSimpletonMod:Rototilling+1"],"picked":"TheSimpletonMod:SpiceUp","floor":45},{"not_picked":["TheSimpletonMod:ToughenUp","TheSimpletonMod:PestManagement"],"picked":"TheSimpletonMod:Sunchoke+1","floor":48}],"player_experience":217395,"relics_obtained":[{"floor":7,"key":"MawBank"},{"floor":9,"key":"ReplayTheSpireMod:Shallot"},{"floor":13,"key":"Odd Mushroom"},{"floor":23,"key":"Vajra"},{"floor":26,"key":"Toy Ornithopter"},{"floor":27,"key":"hubris:SlimyHat"},{"floor":29,"key":"ReplayTheSpireMod:Lightbulb"},{"floor":43,"key":"theSenshi:SailorFukuRelic"},{"floor":45,"key":"MealTicket"}],"event_choices":[{"damage_healed":0,"gold_gain":75,"player_choice":"Gather Gold","damage_taken":11,"max_hp_gain":0,"max_hp_loss":0,"event_name":"World of Goop","floor":2,"gold_loss":0},{"damage_healed":0,"gold_gain":0,"player_choice":"Grow","damage_taken":0,"max_hp_gain":0,"max_hp_loss":0,"event_name":"Living Wall","floor":3,"gold_loss":0,"cards_upgraded":["TheSimpletonMod:ReapAndSow"]},{"damage_healed":0,"gold_gain":0,"player_choice":"Take Damage","damage_taken":18,"relics_obtained":["Golden Idol"],"max_hp_gain":0,"max_hp_loss":0,"event_name":"Golden Idol","floor":5,"gold_loss":0},{"damage_healed":0,"gold_gain":0,"player_choice":"Fought Mushrooms","damage_taken":0,"max_hp_gain":0,"max_hp_loss":0,"event_name":"Mushrooms","floor":13,"gold_loss":0},{"damage_healed":0,"gold_gain":0,"player_choice":"Memory 3","damage_taken":10,"max_hp_gain":0,"max_hp_loss":0,"event_name":"SensoryStone","floor":36,"gold_loss":0},{"damage_healed":0,"gold_gain":0,"player_choice":"Max HP","damage_taken":0,"max_hp_gain":0,"max_hp_loss":4,"event_name":"Winding Halls","floor":44,"gold_loss":0},{"damage_healed":0,"gold_gain":333,"player_choice":"Gave Idol","damage_taken":0,"max_hp_gain":0,"max_hp_loss":0,"event_name":"The Moai Head","floor":47,"relics_lost":["Golden Idol"],"gold_loss":0}],"is_beta":false,"boss_relics":[{"not_picked":["aspiration:WatcherSkillbook","Coffee Dripper"],"picked":"Astrolabe"},{"not_picked":["hubris:CrackedHourglass","Runic Pyramid"],"picked":"aspiration:PoetsPen_weak"}],"items_purged_floors":[],"is_endless":false,"potions_floor_spawned":[1,10,12,13,16,21,22,23,24,27,38,42,48],"killed_by":"hubris:GrandSnecko","ascension_level":0}}