{"host":"n3pcl7mteoua0i12","time":1609982851,"event":{"mods":["BaseMod","Bestiary","Curses Come First","Googly Eyes","Minty Spire (QoL Compilation)","Prisma Mod","Puzzle Mod","Relic Stats","StSLib","The Saiyan"],"gold_per_floor":[109,109,129,106,125,159,174,187,187,197,197,55,55,67,67,162,162,182,201,220,234,77,77,96,96,96,96,151,151,181,201,201,298,298,310,310,290,310,324,324,340,340,365,365,29,44,62,90,90,90],"floor_reached":51,"playtime":2908,"items_purged":["PrismaMod:ChloeCommonAttack"],"score":753,"play_id":"924fc026-2d5d-4ed9-9c97-6f45dd2ed32a","local_time":"20210106172731","is_ascension_mode":false,"campfire_choices":[{"data":"PrismaMod:ChloeCaladbolg","floor":11,"key":"SMITH"},{"data":"PrismaMod:ChloeGaeBolg","floor":13,"key":"SMITH"},{"floor":15,"key":"REST"},{"data":"PrismaMod:ChloeRitsuka","floor":23,"key":"SMITH"},{"data":"PrismaMod:ChloeMordred","floor":29,"key":"SMITH"},{"floor":32,"key":"REST"},{"data":"PrismaMod:ChloeAnyPowerTrace","floor":40,"key":"SMITH"},{"data":"PrismaMod:ChloeReshuffleDiscard","floor":42,"key":"SMITH"},{"data":"Ghostly","floor":44,"key":"SMITH"},{"floor":49,"key":"REST"}],"circlet_count":0,"master_deck":["PrismaMod:ChloeCommonAttack","PrismaMod:ChloeCommonAttack","PrismaMod:ChloeCommonAttack","PrismaMod:ChloeCommonAttack","PrismaMod:ChloeCommonDefend","PrismaMod:ChloeCommonDefend","PrismaMod:ChloeCommonDefend","PrismaMod:ChloeCommonDefend","PrismaMod:ChloeCommonDefend","PrismaMod:ChloeCheapAttack","PrismaMod:ChloeCheapDefend","PrismaMod:ChloeCheapAttackTwo","PrismaMod:ChloeExhaustOne","PrismaMod:ChloeCommonAOEAttack","PrismaMod:ChloeDiscardRecovery","PrismaMod:ChloeUncommonAttack","PrismaMod:ChloeCaladbolg+1","PrismaMod:ChloeRitsuka+1","PrismaMod:ChloeGaeBolg+1","PrismaMod:ChloeCaladbolg","PrismaMod:ChloeReshuffleDiscard+1","PrismaMod:ChloeMordred+1","PrismaMod:ChloeCheapDefendTwo","PrismaMod:ChloeEyeOfTheEuryale","PrismaMod:ChloeExcalibur","PrismaMod:ChloeCheapDefend+1","Ghostly+1","Ghostly","Ghostly","Ghostly","Ghostly","PrismaMod:ChloeGaeBolg","PrismaMod:ChloeExhaustOne+1","PrismaMod:ChloeAnyPowerTrace+1","PrismaMod:ChloeChristmas","PrismaMod:ChloeCheapDefendTwo+1"],"relics":["PrismaMod:PrismaTraceOn","NeowsBlessing","Strawberry","Vajra","Runic Pyramid","Bag of Marbles","Blue Candle","Happy Flower","Red Mask","Busted Crown","Omamori","HornCleat","Mummified Hand"],"acts_visited":["Exordium","TheCity","TheBeyond"],"potions_floor_usage":[19,24,33,50,50,50],"damage_taken":[{"damage":0,"enemies":"Jaw Worm","floor":1,"turns":1},{"damage":0,"enemies":"Cultist","floor":3,"turns":1},{"damage":0,"enemies":"Small Slimes","floor":5,"turns":1},{"damage":45,"enemies":"3 Sentries","floor":6,"turns":9},{"damage":6,"enemies":"Blue Slaver","floor":7,"turns":3},{"damage":0,"enemies":"Lots of Slimes","floor":8,"turns":3},{"damage":0,"enemies":"Large Slime","floor":10,"turns":4},{"damage":0,"enemies":"2 Fungi Beasts","floor":14,"turns":1},{"damage":18,"enemies":"The Guardian","floor":16,"turns":11},{"damage":0,"enemies":"Chosen","floor":18,"turns":3},{"damage":22,"enemies":"2 Thieves","floor":19,"turns":3},{"damage":27,"enemies":"Snecko","floor":20,"turns":7},{"damage":9,"enemies":"Cultist and Chosen","floor":21,"turns":6},{"damage":0,"enemies":"Shelled Parasite and Fungi","floor":24,"turns":2},{"damage":4,"enemies":"Gremlin Leader","floor":28,"turns":5},{"damage":9,"enemies":"Masked Bandits","floor":30,"turns":6},{"damage":0,"enemies":"Snecko","floor":31,"turns":3},{"damage":4,"enemies":"Collector","floor":33,"turns":7},{"damage":0,"enemies":"3 Shapes","floor":35,"turns":4},{"damage":11,"enemies":"Orb Walker","floor":38,"turns":2},{"damage":0,"enemies":"Jaw Worm Horde","floor":39,"turns":2},{"damage":0,"enemies":"3 Darklings","floor":41,"turns":4},{"damage":0,"enemies":"Transient","floor":46,"turns":5},{"damage":1,"enemies":"Sphere and 2 Shapes","floor":47,"turns":6},{"damage":3,"enemies":"Nemesis","floor":48,"turns":7},{"damage":26,"enemies":"Donu and Deca","floor":50,"turns":5}],"seed_played":"5060912051765633910","potions_obtained":[{"floor":5,"key":"EssenceOfSteel"},{"floor":6,"key":"CultistPotion"},{"floor":7,"key":"PowerPotion"},{"floor":20,"key":"DistilledChaos"},{"floor":21,"key":"LiquidMemories"},{"floor":28,"key":"LiquidMemories"},{"floor":33,"key":"Weak Potion"},{"floor":37,"key":"LiquidMemories"}],"is_trial":false,"path_per_floor":["M","?","M","$","M","E","M","M","T","M","R","$","R","M","R","B",null,"M","M","M","M","$","R","M","$","T","?","E","R","?","M","R","B",null,"M","?","?","M","M","R","M","R","T","R","$","M","M","E","R","B",null],"character_chosen":"CHLOE","items_purchased":["PrismaMod:ChloeCommonAOEAttack","PrismaMod:ChloeGaeBolg","Bag of Marbles","HornCleat","PrismaMod:ChloeChristmas"],"campfire_rested":3,"item_purchase_floors":[4,12,22,45,45],"current_hp_per_floor":[75,75,75,75,75,37,31,31,31,31,31,31,31,31,55,37,82,82,60,33,24,24,24,24,24,24,24,20,20,11,11,23,19,41,41,41,41,30,30,30,30,30,30,30,30,30,29,26,38,12],"gold":90,"neow_bonus":"THREE_ENEMY_KILL","is_daily":false,"chose_seed":false,"campfire_upgraded":7,"win_rate":0.0,"timestamp":1609982851,"path_taken":["M","?","M","$","?","E","M","M","T","M","R","$","R","?","R","BOSS","M","M","M","M","$","R","M","$","T","?","E","R","?","M","R","BOSS","M","?","?","M","?","R","M","R","T","R","$","M","M","E","R","BOSS"],"items_purchased_type":["Card","Card","Relic","Relic","Card"],"build_version":"2020-12-22","purchased_purges":1,"victory":true,"max_hp_per_floor":[75,75,75,75,75,82,82,82,82,82,82,82,82,82,82,82,82,82,82,82,82,82,82,82,82,82,41,41,41,41,41,41,41,41,41,41,41,41,41,41,41,41,41,41,41,41,41,41,41,41],"relic_stats":{"Busted Crown":16,"Happy Flower":[17],"counters":[26,111],"Mummified Hand":[4],"Blue Candle":[0],"obtain_stats":[{"NeowsBlessing":0,"Happy Flower":28,"Blue Candle":26,"Vajra":9,"Omamori":43,"PrismaMod:PrismaTraceOn":0,"Busted Crown":34,"HornCleat":45,"Mummified Hand":48,"Strawberry":6,"Bag of Marbles":22,"Red Mask":30,"Runic Pyramid":17},{"NeowsBlessing":0,"Happy Flower":15,"Blue Candle":14,"Vajra":6,"Omamori":22,"PrismaMod:PrismaTraceOn":0,"Busted Crown":18,"HornCleat":22,"Mummified Hand":25,"Strawberry":4,"Bag of Marbles":13,"Red Mask":16,"Runic Pyramid":9},{"NeowsBlessing":0,"Happy Flower":60,"Blue Candle":55,"Vajra":18,"Omamori":88,"PrismaMod:PrismaTraceOn":0,"Busted Crown":76,"HornCleat":88,"Mummified Hand":106,"Strawberry":12,"Bag of Marbles":53,"Red Mask":66,"Runic Pyramid":34}]},"card_choices":[{"not_picked":["PrismaMod:ChloeExhaustTwo","PrismaMod:ChloeExhaustOne"],"picked":"PrismaMod:ChloeCheapAttackTwo","floor":1},{"not_picked":["PrismaMod:ChloeCheapDefendTwo","PrismaMod:ChloeDiscardRecovery"],"picked":"PrismaMod:ChloeExhaustOne","floor":3},{"not_picked":["PrismaMod:ChloeExhaustOne","PrismaMod:ChloeCommonAOEAttack"],"picked":"PrismaMod:ChloeDiscardRecovery","floor":5},{"not_picked":["PrismaMod:ChloeCheapDefendTwo","PrismaMod:ChloeReshuffleDiscard"],"picked":"PrismaMod:ChloeUncommonAttack","floor":6},{"not_picked":["PrismaMod:ChloeUncommonDefend","PrismaMod:ChloeRuleBreaker"],"picked":"PrismaMod:ChloeCaladbolg","floor":7},{"not_picked":["PrismaMod:ChloeCheapDefendTwo","PrismaMod:ChloeCommonAOEAttack"],"picked":"PrismaMod:ChloeRitsuka","floor":8},{"not_picked":["PrismaMod:ChloeCheapAttackTwo","PrismaMod:ChloeCommonAOEAttack","PrismaMod:ChloeExhaustOne"],"picked":"SKIP","floor":10},{"not_picked":["PrismaMod:ChloeDiscardRecovery","PrismaMod:ChloeCommonAOEAttack"],"picked":"PrismaMod:ChloeCaladbolg","floor":14},{"not_picked":["PrismaMod:ChloeAnyAttackTrace","PrismaMod:ChloeCarnivalAOEAttack"],"picked":"PrismaMod:ChloeReshuffleDiscard","floor":16},{"not_picked":["PrismaMod:ChloeExhaustTwo","PrismaMod:ChloeDiscardRecovery"],"picked":"PrismaMod:ChloeMordred","floor":18},{"not_picked":["PrismaMod:ChloeExhaustOne+1","PrismaMod:ChloeChristmas"],"picked":"PrismaMod:ChloeCheapDefendTwo","floor":19},{"not_picked":["PrismaMod:ChloeCheapAttack","PrismaMod:ChloeUncommonAOEAttack"],"picked":"PrismaMod:ChloeEyeOfTheEuryale","floor":20},{"not_picked":["PrismaMod:ChloeCaladbolg","PrismaMod:ChloeChristmas"],"picked":"PrismaMod:ChloeExcalibur","floor":21},{"not_picked":["PrismaMod:ChloeCaladbolg","PrismaMod:ChloeUncommonAttack"],"picked":"PrismaMod:ChloeCheapDefend+1","floor":24},{"not_picked":["PrismaMod:ChloeDiscardRecovery","PrismaMod:ChloeCommonAOEAttack","PrismaMod:ChloeCheapDefendTwo"],"picked":"SKIP","floor":28},{"not_picked":["PrismaMod:ChloeUncommonDefend","PrismaMod:ChloeCheapAttackTwo+1"],"picked":"PrismaMod:ChloeGaeBolg","floor":30},{"not_picked":["PrismaMod:ChloeRuleBreaker","PrismaMod:ChloeMordred"],"picked":"PrismaMod:ChloeExhaustOne+1","floor":31},{"not_picked":["PrismaMod:ChloeAnyCommonTrace","PrismaMod:ChloeAnyRareTrace"],"picked":"PrismaMod:ChloeAnyPowerTrace","floor":33},{"not_picked":["PrismaMod:ChloeCommonAOEAttack+1"],"picked":"SKIP","floor":35},{"not_picked":["PrismaMod:ChloeCheapAttack"],"picked":"SKIP","floor":38},{"not_picked":["PrismaMod:ChloeCheapAttackTwo"],"picked":"SKIP","floor":39},{"not_picked":["PrismaMod:ChloeCheapAttack"],"picked":"SKIP","floor":41},{"not_picked":["PrismaMod:ChloeCheapDefend"],"picked":"SKIP","floor":46},{"not_picked":[],"picked":"PrismaMod:ChloeCheapDefendTwo+1","floor":47},{"not_picked":["PrismaMod:ChloeCommonAOEAttack"],"picked":"SKIP","floor":48}],"player_experience":423697,"relics_obtained":[{"floor":6,"key":"Strawberry"},{"floor":9,"key":"Vajra"},{"floor":26,"key":"Blue Candle"},{"floor":28,"key":"Happy Flower"},{"floor":30,"key":"Red Mask"},{"floor":43,"key":"Omamori"},{"floor":48,"key":"Mummified Hand"}],"event_choices":[{"damage_healed":0,"gold_gain":0,"player_choice":"Ignored","damage_taken":0,"max_hp_gain":0,"max_hp_loss":0,"event_name":"NoteForYourself","floor":2,"gold_loss":0},{"damage_healed":0,"gold_gain":0,"player_choice":"Became a Ghost","damage_taken":0,"max_hp_gain":0,"max_hp_loss":41,"event_name":"Ghosts","floor":27,"gold_loss":0,"cards_obtained":["Ghostly","Ghostly","Ghostly","Ghostly","Ghostly"]},{"damage_healed":0,"gold_gain":0,"player_choice":"Fought Bandits","damage_taken":0,"max_hp_gain":0,"max_hp_loss":0,"event_name":"Masked Bandits","floor":30,"gold_loss":0},{"damage_healed":0,"gold_gain":0,"player_choice":"Memory 1","damage_taken":0,"max_hp_gain":0,"max_hp_loss":0,"event_name":"SensoryStone","floor":36,"gold_loss":0},{"damage_healed":0,"gold_gain":0,"player_choice":"Bought 1 Potion","damage_taken":0,"max_hp_gain":0,"max_hp_loss":0,"event_name":"The Woman in Blue","floor":37,"gold_loss":0}],"is_beta":false,"boss_relics":[{"not_picked":["Cursed Key","Calling Bell"],"picked":"Runic Pyramid"},{"not_picked":["Empty Cage","Runic Dome"],"picked":"Busted Crown"}],"items_purged_floors":[12],"is_endless":false,"potions_floor_spawned":[5,6,7,16,18,20,21,28,33,38,46],"ascension_level":0}}