{"host":"36mulxq349byzoa2","time":1609979344,"event":{"mods":["AchievementEnabler","BaseMod","Better Match","Block Reminder","Colored Map","Colored Powertips","Minty Spire (QoL Compilation)","Rare Cards Sparkle","StSLib","SuperFastMode"],"gold_per_floor":[114,60,60,10,10,37,37,37,115,156,21,21,57,70,70,70,70],"floor_reached":16,"playtime":233,"items_purged":[],"score":320,"play_id":"72aa27be-7dd4-4eaa-a390-34f386481312","local_time":"20210106192904","is_ascension_mode":true,"campfire_choices":[{"data":"Sucker Punch","floor":8,"key":"SMITH"},{"data":"Dagger Spray","floor":12,"key":"SMITH"},{"floor":15,"key":"REST"}],"circlet_count":0,"master_deck":["AscendersBane","Strike_G","Strike_G","Strike_G","Strike_G","Defend_G","Defend_G","Defend_G","Defend_G","Defend_G","Survivor","Neutralize","Quick Slash","Dagger Spray+1","Sucker Punch+1","Blur","All Out Attack","Backflip","Noxious Fumes"],"relics":["Ring of the Snake","NeowsBlessing","Happy Flower","Golden Idol","The Courier","Gremlin Horn","OrangePellets","Calipers"],"acts_visited":["Exordium"],"potions_floor_usage":[16,16],"damage_taken":[{"damage":0,"enemies":"Jaw Worm","floor":1,"turns":1},{"damage":0,"enemies":"Lagavulin","floor":6,"turns":1},{"damage":0,"enemies":"Gremlin Nob","floor":10,"turns":1},{"damage":47,"enemies":"Lagavulin","floor":13,"turns":9},{"damage":0,"enemies":"Small Slimes","floor":14,"turns":1},{"damage":31,"enemies":"Slime Boss","floor":16,"turns":7}],"seed_played":"3963063242327974382","potions_obtained":[{"floor":13,"key":"SpeedPotion"},{"floor":14,"key":"Regen Potion"}],"is_trial":false,"path_per_floor":["M","$","?","$","?","E","?","R","T","E","$","R","E","M","R","B"],"character_chosen":"THE_SILENT","items_purchased":["Dagger Spray","Sucker Punch","OrangePellets"],"campfire_rested":1,"item_purchase_floors":[2,4,11],"current_hp_per_floor":[59,59,52,52,52,52,52,52,52,52,52,52,5,5,23,0,0],"gold":70,"neow_bonus":"THREE_ENEMY_KILL","is_daily":false,"chose_seed":false,"campfire_upgraded":2,"win_rate":0.0,"timestamp":1609979344,"path_taken":["M","$","?","?","?","E","?","R","T","E","$","R","E","M","R","BOSS"],"items_purchased_type":["Card","Card","Relic"],"build_version":"2020-12-22","purchased_purges":0,"victory":false,"max_hp_per_floor":[66,66,66,66,66,66,60,60,60,60,60,60,60,60,60,60,60],"card_choices":[{"not_picked":["Deflect","Distraction"],"picked":"Quick Slash","floor":1},{"not_picked":["Outmaneuver","Accuracy"],"picked":"Blur","floor":6},{"not_picked":["Flying Knee","Catalyst"],"picked":"All Out Attack","floor":10},{"not_picked":["Bane","Distraction"],"picked":"Backflip","floor":13},{"not_picked":["Backflip","Setup"],"picked":"Noxious Fumes","floor":14}],"player_experience":1012222,"relics_obtained":[{"floor":6,"key":"Happy Flower"},{"floor":9,"key":"The Courier"},{"floor":10,"key":"Gremlin Horn"},{"floor":13,"key":"Calipers"}],"event_choices":[{"cards_removed":["Strike_G"],"damage_healed":0,"gold_gain":0,"player_choice":"Card Removal","damage_taken":7,"max_hp_gain":0,"max_hp_loss":0,"event_name":"Golden Wing","floor":3,"gold_loss":0},{"damage_healed":0,"gold_gain":0,"player_choice":"Ignored","damage_taken":0,"max_hp_gain":0,"max_hp_loss":0,"event_name":"Liars Game","floor":5,"gold_loss":0},{"damage_healed":0,"gold_gain":0,"player_choice":"Lose Max HP","damage_taken":0,"relics_obtained":["Golden Idol"],"max_hp_gain":0,"max_hp_loss":6,"event_name":"Golden Idol","floor":7,"gold_loss":0}],"is_beta":false,"boss_relics":[],"items_purged_floors":[],"is_endless":false,"potions_floor_spawned":[13,14],"killed_by":"Slime Boss","ascension_level":19}}