{"host":"36mulxq349byzoa2","time":1609979103,"event":{"mods":["AchievementEnabler","BaseMod","Better Match","Block Reminder","Colored Map","Colored Powertips","Minty Spire (QoL Compilation)","Rare Cards Sparkle","StSLib","SuperFastMode"],"gold_per_floor":[116,136,147,147,222,251,39,39,39],"floor_reached":8,"playtime":337,"items_purged":[],"score":109,"play_id":"8580d77b-bd54-45b5-84df-453aa3f8ecfd","local_time":"20210106192503","is_ascension_mode":true,"campfire_choices":[],"circlet_count":0,"master_deck":["AscendersBane","Strike_G","Strike_G","Strike_G","Strike_G","Strike_G","Defend_G","Defend_G","Defend_G","Defend_G","Defend_G","Survivor","Neutralize","Blade Dance","PiercingWail","Predator","Storm of Steel","Footwork"],"relics":["Cursed Key","Bird Faced Urn","Lee\u0027s Waffle"],"acts_visited":["Exordium"],"potions_floor_usage":[8],"damage_taken":[{"damage":9,"enemies":"Jaw Worm","floor":1,"turns":5},{"damage":1,"enemies":"2 Louse","floor":2,"turns":3},{"damage":1,"enemies":"Cultist","floor":3,"turns":4},{"damage":24,"enemies":"3 Sentries","floor":6,"turns":9},{"damage":73,"enemies":"Lagavulin","floor":8,"turns":12}],"seed_played":"-1977571826230007478","potions_obtained":[{"floor":2,"key":"Dexterity Potion"}],"is_trial":false,"path_per_floor":["M","M","M","?","?","E","$","E"],"character_chosen":"THE_SILENT","items_purchased":["Footwork","Lee\u0027s Waffle"],"campfire_rested":0,"item_purchase_floors":[7,7],"current_hp_per_floor":[50,49,48,66,55,31,73,2,2],"gold":39,"neow_bonus":"BOSS_RELIC","is_daily":false,"chose_seed":false,"campfire_upgraded":0,"win_rate":0.0,"timestamp":1609979103,"path_taken":["M","M","M","?","?","E","$","E"],"items_purchased_type":["Card","Relic"],"build_version":"2020-12-22","purchased_purges":0,"victory":false,"max_hp_per_floor":[66,66,66,66,66,66,73,73,73],"card_choices":[{"not_picked":["Dagger Throw","Expertise"],"picked":"Blade Dance","floor":1},{"not_picked":["Bane","Setup"],"picked":"PiercingWail","floor":2},{"not_picked":["Infinite Blades","PiercingWail"],"picked":"Predator","floor":3},{"not_picked":["Masterful Stab","Flechettes"],"picked":"Storm of Steel","floor":6}],"player_experience":1011885,"relics_obtained":[{"floor":6,"key":"Bird Faced Urn"}],"event_choices":[{"damage_healed":22,"gold_gain":0,"player_choice":"Banana","damage_taken":0,"max_hp_gain":0,"max_hp_loss":0,"event_name":"Big Fish","floor":4,"gold_loss":0},{"damage_healed":0,"gold_gain":75,"player_choice":"Gather Gold","damage_taken":11,"max_hp_gain":0,"max_hp_loss":0,"event_name":"World of Goop","floor":5,"gold_loss":0}],"is_beta":false,"boss_relics":[],"items_purged_floors":[],"is_endless":false,"potions_floor_spawned":[2],"killed_by":"Lagavulin","ascension_level":19}}