{"host":"mydft8i2zzydgggw","time":1609989232,"event":{"mods":["AchievementEnabler","BaseMod","BetterRewards","Colored Map","Colored Powertips","DeckTracker","Keyboard Shortcuts","Minty Spire (QoL Compilation)","Quick Restart","Rare Cards Sparkle","StSLib","SuperFastMode","The Poker Player","everything is the same but u backflip on backflip"],"gold_per_floor":[368,141,216,66,66,66,66,93,166,197,80,100,157,157,157,256,256,271,196,213,224,224,236,264,264,264,264,295,15,32,48,48,48,48],"floor_reached":33,"playtime":1033,"items_purged":["Strike_B","Tempest"],"score":476,"play_id":"903dc7ce-f7e7-428c-b16f-7ba596c9a1bf","local_time":"20210107121352","is_ascension_mode":true,"campfire_choices":[{"data":"Zap","floor":6,"key":"SMITH"},{"data":"Buffer","floor":15,"key":"SMITH"},{"floor":25,"key":"REST"},{"data":"Recycle","floor":32,"key":"SMITH"}],"circlet_count":0,"master_deck":["Zap+1","Dualcast","Go for the Eyes","Sweeping Beam","Sunder","Buffer+1","Coolheaded","Streamline","Machine Learning","Storm","Self Repair","Melter","Genetic Algorithm","Skim+1","Recycle+1","White Noise+1","Coolheaded+1"],"relics":["Cracked Core","Art of War","DataDisk","InkBottle","MealTicket","Gremlin Horn","TungstenRod","Pandora\u0027s Box","Bottled Lightning","Smiling Mask","Juzu Bracelet","Centennial Puzzle","Medical Kit"],"acts_visited":["Exordium","TheCity"],"potions_floor_usage":[18,21,24,30],"damage_taken":[{"damage":8,"enemies":"Small Slimes","floor":1,"turns":3},{"damage":15,"enemies":"Lagavulin","floor":8,"turns":7},{"damage":25,"enemies":"3 Sentries","floor":10,"turns":5},{"damage":3,"enemies":"Jaw Worm","floor":12,"turns":3},{"damage":0,"enemies":"Slime Boss","floor":16,"turns":7},{"damage":9,"enemies":"Shell Parasite","floor":18,"turns":5},{"damage":0,"enemies":"3 Byrds","floor":20,"turns":4},{"damage":8,"enemies":"Cultist and Chosen","floor":21,"turns":4},{"damage":25,"enemies":"Snake Plant","floor":23,"turns":4},{"damage":32,"enemies":"Slavers","floor":24,"turns":4},{"damage":34,"enemies":"Book of Stabbing","floor":28,"turns":5},{"damage":7,"enemies":"Centurion and Healer","floor":30,"turns":5},{"damage":9,"enemies":"Shelled Parasite and Fungi","floor":31,"turns":4},{"damage":67,"enemies":"Collector","floor":33,"turns":7}],"seed_played":"5627991742230761699","potions_obtained":[{"floor":10,"key":"Ancient Potion"},{"floor":16,"key":"Weak Potion"},{"floor":21,"key":"GamblersBrew"},{"floor":23,"key":"Explosive Potion"},{"floor":31,"key":"Dexterity Potion"}],"is_trial":false,"path_per_floor":["M","$","?","$","T","R","?","E","T","E","$","M","?","?","R","B",null,"M","?","M","M","T","M","E","R","T","?","E","$","M","M","R","B"],"character_chosen":"DEFECT","items_purchased":["Art of War","DataDisk","Buffer","Coolheaded","Medical Kit","Regen Potion"],"campfire_rested":1,"item_purchase_floors":[2,4,11,11,29,29],"current_hp_per_floor":[60,60,49,49,49,49,49,34,34,9,24,21,21,43,43,43,62,60,60,67,66,66,48,23,43,43,43,16,31,45,43,43,0,0],"gold":48,"neow_bonus":"TWO_FIFTY_GOLD","is_daily":false,"chose_seed":false,"campfire_upgraded":3,"win_rate":0.0,"timestamp":1609989232,"path_taken":["M","$","?","?","?","R","?","E","T","E","$","M","?","?","R","BOSS","M","?","M","M","?","M","E","R","T","?","E","$","M","M","R","BOSS"],"items_purchased_type":["Relic","Relic","Card","Card","Relic","Potion"],"build_version":"2020-12-22","purchased_purges":2,"victory":false,"max_hp_per_floor":[68,68,68,68,68,68,68,68,68,68,68,68,68,68,68,68,68,68,68,68,68,68,68,68,68,68,68,68,68,68,68,68,68,68],"card_choices":[{"not_picked":["Cold Snap","Redo"],"picked":"Go for the Eyes","floor":1},{"not_picked":["Steam","Leap"],"picked":"Sweeping Beam","floor":8},{"not_picked":["Aggregate","Hologram"],"picked":"Sunder","floor":10},{"not_picked":["Double Energy","Blizzard"],"picked":"Streamline","floor":12},{"not_picked":["Fission","Multi-Cast"],"picked":"Machine Learning","floor":16},{"not_picked":["Barrage+1","Leap","Rip and Tear"],"picked":"SKIP","floor":18},{"not_picked":["Capacitor","Stack"],"picked":"Skim+1","floor":20},{"not_picked":["Gash","Redo","Chill"],"picked":"SKIP","floor":21},{"not_picked":["Rip and Tear+1","Conserve Battery+1"],"picked":"Recycle","floor":23},{"not_picked":["Compile Driver+1","Genetic Algorithm"],"picked":"White Noise+1","floor":24},{"not_picked":["Redo","Chill"],"picked":"Coolheaded+1","floor":28},{"not_picked":["Blizzard+1","Fusion","Darkness+1"],"picked":"SKIP","floor":30},{"not_picked":["Compile Driver","Steam","Chill+1"],"picked":"SKIP","floor":31}],"player_experience":131812,"relics_obtained":[{"floor":5,"key":"InkBottle"},{"floor":8,"key":"MealTicket"},{"floor":9,"key":"Gremlin Horn"},{"floor":10,"key":"TungstenRod"},{"floor":22,"key":"Bottled Lightning"},{"floor":24,"key":"Smiling Mask"},{"floor":26,"key":"Juzu Bracelet"},{"floor":28,"key":"Centennial Puzzle"}],"event_choices":[{"damage_healed":0,"gold_gain":75,"player_choice":"Gather Gold","damage_taken":11,"max_hp_gain":0,"max_hp_loss":0,"event_name":"World of Goop","floor":3,"gold_loss":0},{"cards_removed":["Defend_B"],"damage_healed":0,"gold_gain":0,"player_choice":"Forget","damage_taken":0,"max_hp_gain":0,"max_hp_loss":0,"event_name":"Living Wall","floor":7,"gold_loss":0},{"damage_healed":0,"gold_gain":57,"player_choice":"Gained Gold","damage_taken":0,"max_hp_gain":0,"max_hp_loss":0,"event_name":"Golden Wing","floor":13,"gold_loss":0},{"damage_healed":22,"gold_gain":0,"player_choice":"Banana","damage_taken":0,"max_hp_gain":0,"max_hp_loss":0,"event_name":"Big Fish","floor":14,"gold_loss":0},{"cards_removed":["Doom and Gloom"],"damage_healed":0,"gold_gain":0,"player_choice":"Gave Gold","damage_taken":0,"max_hp_gain":0,"max_hp_loss":0,"event_name":"Beggar","floor":19,"gold_loss":75},{"damage_healed":0,"gold_gain":0,"player_choice":"Ignored","damage_taken":0,"max_hp_gain":0,"max_hp_loss":0,"event_name":"Vampires","floor":27,"gold_loss":0}],"is_beta":false,"boss_relics":[{"not_picked":["Black Star","Fusion Hammer"],"picked":"Pandora\u0027s Box"}],"items_purged_floors":[2,29],"is_endless":false,"potions_floor_spawned":[10,16,21,23,31],"killed_by":"Collector","ascension_level":6}}