{"host":"owox7x4ngjt9htcc","time":1609998989,"event":{"mods":["BaseMod","Colored Map","DeckTracker","Keyboard Shortcuts","Minty Spire (QoL Compilation)","SuperFastMode"],"gold_per_floor":[114,114,133,152,171,209,209,247,272,291,291,310,329,367,367,492,492,511,536,87,106,125,125,163,163,163,210,229,248,295,295,295,429,429,448,467,126,145,164,164,511,511,511,530,59,97,116,135,135,135],"floor_reached":51,"playtime":1023,"items_purged":["BowlingBash"],"score":1093,"play_id":"28e4eda2-fa7e-4fa6-b6eb-3953d3db5d8a","local_time":"20210107145629","daily_mods":["SealedDeck","Vintage","Lethality"],"is_ascension_mode":false,"campfire_choices":[{"data":"Prostrate","floor":7,"key":"SMITH"},{"data":"MentalFortress","floor":15,"key":"SMITH"},{"data":"Tantrum","floor":23,"key":"SMITH"},{"data":"Wallop","floor":25,"key":"SMITH"},{"data":"LessonLearned","floor":32,"key":"SMITH"},{"data":"MentalFortress","floor":40,"key":"SMITH"},{"data":"TalkToTheHand","floor":42,"key":"SMITH"},{"data":"CutThroughFate","floor":49,"key":"SMITH"}],"circlet_count":0,"master_deck":["Prostrate+1","Prostrate+1","Crescendo+1","Consecrate+1","EmptyFist+1","CutThroughFate+1","BowlingBash+1","PathToVictory","MentalFortress+1","CutThroughFate+1","FearNoEvil+1","EmptyBody+1","Alpha+1","InnerPeace+1","Tantrum+1","Evaluate+1","Wallop+1","PathToVictory+1","LessonLearned+1","FlurryOfBlows+1","DevaForm","MentalFortress+1","TalkToTheHand+1","Prostrate+1","EmptyBody+1","MentalFortress+1","LikeWater+1","EmptyBody+1","Pray+1"],"relics":["PureWater","TeardropLocket","Golden Idol","Shuriken","Bronze Scales","Matryoshka","Mercury Hourglass","Vajra","MealTicket","Potion Belt","Toxic Egg 2","Meat on the Bone","Incense Burner","Happy Flower","Philosopher\u0027s Stone","Mummified Hand","Red Mask","Eternal Feather","Anchor","Blood Vial","Question Card","Smiling Mask","CeramicFish","The Courier","HornCleat","Lizard Tail","Pen Nib","VioletLotus","Ornamental Fan","Bottled Tornado","Kunai","Pear","Frozen Egg 2","Old Coin","Yang","Whetstone","Medical Kit","InkBottle","Bottled Lightning","Dream Catcher","Letter Opener"],"acts_visited":["Exordium","TheCity","TheBeyond"],"potions_floor_usage":[38,47,50,50,50,50],"damage_taken":[{"damage":0,"enemies":"Jaw Worm","floor":1,"turns":1},{"damage":0,"enemies":"2 Louse","floor":3,"turns":1},{"damage":0,"enemies":"Cultist","floor":4,"turns":2},{"damage":0,"enemies":"Looter","floor":5,"turns":1},{"damage":0,"enemies":"Gremlin Nob","floor":6,"turns":2},{"damage":8,"enemies":"3 Sentries","floor":8,"turns":2},{"damage":6,"enemies":"Large Slime","floor":10,"turns":2},{"damage":0,"enemies":"Gremlin Gang","floor":12,"turns":1},{"damage":0,"enemies":"3 Louse","floor":13,"turns":2},{"damage":0,"enemies":"Gremlin Nob","floor":14,"turns":2},{"damage":26,"enemies":"Hexaghost","floor":16,"turns":5},{"damage":14,"enemies":"Chosen","floor":18,"turns":2},{"damage":0,"enemies":"Masked Bandits","floor":19,"turns":2},{"damage":0,"enemies":"Spheric Guardian","floor":21,"turns":3},{"damage":0,"enemies":"Centurion and Healer","floor":22,"turns":2},{"damage":0,"enemies":"Gremlin Leader","floor":24,"turns":2},{"damage":1,"enemies":"Slavers","floor":27,"turns":2},{"damage":0,"enemies":"Snecko","floor":28,"turns":2},{"damage":0,"enemies":"Sentry and Sphere","floor":29,"turns":3},{"damage":0,"enemies":"Book of Stabbing","floor":30,"turns":2},{"damage":0,"enemies":"Automaton","floor":33,"turns":4},{"damage":0,"enemies":"Orb Walker","floor":35,"turns":2},{"damage":0,"enemies":"3 Darklings","floor":36,"turns":3},{"damage":0,"enemies":"Maw","floor":38,"turns":5},{"damage":21,"enemies":"4 Shapes","floor":39,"turns":5},{"damage":0,"enemies":"Reptomancer","floor":41,"turns":2},{"damage":0,"enemies":"Sphere and 2 Shapes","floor":44,"turns":3},{"damage":0,"enemies":"Giant Head","floor":46,"turns":5},{"damage":0,"enemies":"3 Darklings","floor":47,"turns":2},{"damage":0,"enemies":"Jaw Worm Horde","floor":48,"turns":3},{"damage":32,"enemies":"Time Eater","floor":50,"turns":7}],"seed_played":"8350349167999303424","potions_obtained":[{"floor":3,"key":"BlessingOfTheForge"},{"floor":8,"key":"FearPotion"},{"floor":12,"key":"FairyPotion"},{"floor":14,"key":"DuplicationPotion"},{"floor":18,"key":"StancePotion"},{"floor":19,"key":"LiquidMemories"},{"floor":27,"key":"Weak Potion"},{"floor":38,"key":"BottledMiracle"},{"floor":48,"key":"DuplicationPotion"}],"is_trial":false,"path_per_floor":["M","?","M","M","M","E","R","E","T","M","?","M","M","E","R","B",null,"M","?","$","M","M","R","E","R","T","E","M","M","E","?","R","B",null,"M","M","$","M","M","R","E","R","T","M","$","E","M","M","R","B",null],"character_chosen":"WATCHER","items_purchased":["Eternal Feather","Tantrum","Evaluate+1","Wallop","Kunai","MentalFortress","TalkToTheHand","Prostrate+1","EmptyBody+1","Medical Kit","LikeWater+1","InkBottle","EmptyBody+1","Pray+1"],"campfire_rested":0,"item_purchase_floors":[20,20,20,20,37,37,37,37,37,45,45,45,45,45],"current_hp_per_floor":[72,67,67,67,67,67,67,59,59,53,53,53,53,53,53,39,67,53,53,67,67,67,67,67,67,67,66,67,67,67,67,67,67,67,67,67,67,77,56,71,73,77,77,77,77,77,77,77,77,45],"gold":135,"neow_bonus":"","is_daily":true,"chose_seed":false,"campfire_upgraded":8,"win_rate":0.0,"timestamp":1609998989,"path_taken":["M","?","M","M","M","E","R","E","T","M","?","M","M","E","R","BOSS","M","?","$","M","M","R","E","R","T","E","M","M","E","?","R","BOSS","M","M","$","M","M","R","E","R","T","M","$","E","M","M","R","BOSS"],"items_purchased_type":["Relic","Card","Card","Card","Relic","Card","Card","Card","Card","Relic","Card","Relic","Card","Card"],"build_version":"2020-12-22","purchased_purges":1,"victory":true,"max_hp_per_floor":[72,67,67,67,67,67,67,67,67,67,67,67,67,67,67,67,67,67,67,67,67,67,67,67,67,67,67,67,67,67,67,67,67,67,67,67,67,77,77,77,77,77,77,77,77,77,77,77,77,77],"card_choices":[{"not_picked":["EmptyFist","Adaptation"],"picked":"CutThroughFate","floor":6},{"not_picked":["DeceiveReality","PathToVictory"],"picked":"FearNoEvil","floor":8},{"not_picked":["Swivel+1","Halt+1"],"picked":"EmptyBody+1","floor":14},{"not_picked":["Establishment","DeusExMachina+1"],"picked":"Alpha+1","floor":16},{"not_picked":["Halt+1","Perseverance+1"],"picked":"InnerPeace+1","floor":19},{"not_picked":["FollowUp","SashWhip"],"picked":"PathToVictory+1","floor":24},{"not_picked":["Judgement+1","ClearTheMind+1","ThirdEye+1"],"picked":"LessonLearned","floor":27},{"not_picked":["CutThroughFate","SashWhip","MentalFortress+1"],"picked":"FlurryOfBlows","floor":30},{"not_picked":["Blasphemy+1","Judgement+1","Brilliance"],"picked":"DevaForm","floor":33},{"not_picked":["Conclude+1","Evaluate+1","EmptyBody+1"],"picked":"MentalFortress+1","floor":41},{"not_picked":["Wireheading+1","Swivel+1","Halt+1","WindmillStrike"],"picked":"SKIP","floor":46}],"player_experience":881832,"relics_obtained":[{"floor":1,"key":"TeardropLocket"},{"floor":3,"key":"Shuriken"},{"floor":4,"key":"Bronze Scales"},{"floor":5,"key":"Matryoshka"},{"floor":6,"key":"Mercury Hourglass"},{"floor":8,"key":"Vajra"},{"floor":9,"key":"MealTicket"},{"floor":9,"key":"Potion Belt"},{"floor":10,"key":"Toxic Egg 2"},{"floor":12,"key":"Meat on the Bone"},{"floor":13,"key":"Incense Burner"},{"floor":14,"key":"Happy Flower"},{"floor":18,"key":"Mummified Hand"},{"floor":19,"key":"Red Mask"},{"floor":21,"key":"Anchor"},{"floor":22,"key":"Blood Vial"},{"floor":24,"key":"Question Card"},{"floor":26,"key":"Smiling Mask"},{"floor":26,"key":"CeramicFish"},{"floor":27,"key":"The Courier"},{"floor":28,"key":"HornCleat"},{"floor":29,"key":"Lizard Tail"},{"floor":30,"key":"Pen Nib"},{"floor":35,"key":"Ornamental Fan"},{"floor":36,"key":"Bottled Tornado"},{"floor":38,"key":"Pear"},{"floor":39,"key":"Frozen Egg 2"},{"floor":41,"key":"Old Coin"},{"floor":43,"key":"Yang"},{"floor":44,"key":"Whetstone"},{"floor":46,"key":"Bottled Lightning"},{"floor":47,"key":"Dream Catcher"},{"floor":48,"key":"Letter Opener"}],"event_choices":[{"damage_healed":0,"gold_gain":0,"player_choice":"Lose Max HP","damage_taken":0,"relics_obtained":["Golden Idol"],"max_hp_gain":0,"max_hp_loss":5,"event_name":"Golden Idol","floor":2,"gold_loss":0},{"damage_healed":0,"gold_gain":0,"player_choice":"Grow","damage_taken":0,"max_hp_gain":0,"max_hp_loss":0,"event_name":"Living Wall","floor":11,"gold_loss":0,"cards_upgraded":["Prostrate"]},{"damage_healed":0,"gold_gain":0,"player_choice":"Fought Bandits","damage_taken":0,"max_hp_gain":0,"max_hp_loss":0,"event_name":"Masked Bandits","floor":19,"gold_loss":0},{"damage_healed":0,"gold_gain":0,"player_choice":"Ignored","damage_taken":0,"max_hp_gain":0,"max_hp_loss":0,"event_name":"Ghosts","floor":31,"gold_loss":0}],"is_beta":false,"boss_relics":[{"not_picked":["Busted Crown","Sozu"],"picked":"Philosopher\u0027s Stone"},{"not_picked":["SlaversCollar","Velvet Choker"],"picked":"VioletLotus"}],"items_purged_floors":[45],"is_endless":false,"potions_floor_spawned":[3,8,12,14,18,19,21,27,28,36,38,48],"ascension_level":0}}