{"host":"sav7uxregyirlf69","time":1609992360,"event":{"mods":["AchievementEnabler","BaseMod","Colored Map","DeckTracker","Keyboard Shortcuts","Minty Spire (QoL Compilation)","READ ME - Guardian Mod","StSLib","SuperFastMode"],"gold_per_floor":[118,118,118,83,96,111,111,124,124,164,184,184,259,259,259,259,259],"floor_reached":16,"playtime":226,"items_purged":[],"score":200,"play_id":"36ab312c-2781-4b22-83b1-476d92c948a3","local_time":"20210107130600","is_ascension_mode":true,"campfire_choices":[{"data":"Dash","floor":7,"key":"SMITH"},{"floor":12,"key":"REST"},{"floor":15,"key":"REST"}],"circlet_count":0,"master_deck":["AscendersBane","Strike_G","Strike_G","Strike_G+1","Strike_G+1","Defend_G","Defend_G","Defend_G","Defend_G","Survivor","Neutralize","Blade Dance","Dash+1","Calculated Gamble","Deadly Poison","Dagger Throw"],"relics":["Ring of the Snake","Golden Idol","Sundial","Bird Faced Urn"],"acts_visited":["Exordium"],"potions_floor_usage":[10,16,16],"damage_taken":[{"damage":6,"enemies":"Jaw Worm","floor":1,"turns":7},{"damage":0,"enemies":"Small Slimes","floor":5,"turns":2},{"damage":2,"enemies":"2 Louse","floor":6,"turns":3},{"damage":1,"enemies":"2 Fungi Beasts","floor":8,"turns":3},{"damage":17,"enemies":"Lagavulin","floor":10,"turns":6},{"damage":1,"enemies":"Lots of Slimes","floor":11,"turns":5},{"damage":33,"enemies":"Slime Boss","floor":16,"turns":8}],"seed_played":"-3811617494900956986","potions_obtained":[{"floor":6,"key":"DistilledChaos"},{"floor":8,"key":"ColorlessPotion"},{"floor":10,"key":"DistilledChaos"}],"is_trial":false,"path_per_floor":["M","?","?","?","M","M","R","M","T","E","M","R","?","?","R","B"],"character_chosen":"THE_SILENT","items_purchased":[],"campfire_rested":2,"item_purchase_floors":[],"current_hp_per_floor":[53,32,14,29,29,27,27,26,26,9,8,26,15,15,33,0,0],"gold":259,"neow_bonus":"REMOVE_TWO","is_daily":false,"chose_seed":false,"campfire_upgraded":1,"win_rate":0.0,"timestamp":1609992360,"path_taken":["M","?","?","?","M","?","R","M","T","E","M","R","?","?","R","BOSS"],"items_purchased_type":[],"build_version":"2020-12-22","purchased_purges":0,"victory":false,"max_hp_per_floor":[60,60,60,60,60,60,60,60,60,60,60,60,60,60,60,60,60],"card_choices":[{"not_picked":["PiercingWail","Escape Plan"],"picked":"Blade Dance","floor":1},{"not_picked":["Concentrate","Sucker Punch","Bouncing Flask"],"picked":"SKIP","floor":5},{"not_picked":["Outmaneuver","Acrobatics"],"picked":"Dash","floor":6},{"not_picked":["Predator","PiercingWail"],"picked":"Calculated Gamble","floor":8},{"not_picked":["Prepared","Storm of Steel"],"picked":"Deadly Poison","floor":10},{"not_picked":["Heel Hook","Deadly Poison"],"picked":"Dagger Throw","floor":11}],"player_experience":1168901,"relics_obtained":[{"floor":9,"key":"Sundial"},{"floor":10,"key":"Bird Faced Urn"}],"event_choices":[{"damage_healed":0,"gold_gain":0,"player_choice":"Take Damage","damage_taken":21,"relics_obtained":["Golden Idol"],"max_hp_gain":0,"max_hp_loss":0,"event_name":"Golden Idol","floor":2,"gold_loss":0},{"damage_healed":0,"gold_gain":0,"player_choice":"Entered Light","damage_taken":18,"max_hp_gain":0,"max_hp_loss":0,"event_name":"Shining Light","floor":3,"gold_loss":0,"cards_upgraded":["Strike_G","Strike_G"]},{"damage_healed":15,"gold_gain":0,"player_choice":"Healed","damage_taken":0,"max_hp_gain":0,"max_hp_loss":0,"event_name":"The Cleric","floor":4,"gold_loss":35},{"damage_healed":0,"gold_gain":75,"player_choice":"Gather Gold","damage_taken":11,"max_hp_gain":0,"max_hp_loss":0,"event_name":"World of Goop","floor":13,"gold_loss":0},{"damage_healed":0,"gold_gain":0,"player_choice":"Fled","damage_taken":0,"max_hp_gain":0,"max_hp_loss":0,"event_name":"Scrap Ooze","floor":14,"gold_loss":0}],"is_beta":false,"boss_relics":[],"items_purged_floors":[],"is_endless":false,"potions_floor_spawned":[6,8,10],"killed_by":"Slime Boss","ascension_level":20}}