{"host":"4vq2xwkpdrxril92","time":1609979393,"event":{"mods":["Act Like it!","BaseMod","Better Third Choice","Card Forge","Custom Start","Energized Spire","Fireblade Mod","Hubris","Infinite Spire","Menagerie","Minty Spire (QoL Compilation)","Quick Restart","Rare Cards Sparkle","Shop Mod","StSLib","The Cursed","Åy?ï®?îvÅzREMEMod"],"gold_per_floor":[132,192,62,62,62,137,221,323,369,450,480,579,672,570,570,885,885,918,918,918,616,703,802,901,913,913,1027,1039,1039,1090,1195,1195,1516,1528,1591,1603,1615,1627,1627,1729,1741,1843,1882,1924,1639,1738,1593,1713,1713,1713],"floor_reached":51,"playtime":3539,"items_purged":[],"score":1569,"play_id":"100e0961-39a7-4dab-9e8d-ac74486c061d","local_time":"20210107092953","daily_mods":["SealedDeck","Vintage","Heirloom","Time Dilation","Flight","Cursed Run","Elite Swarm","Lethality","Midas"],"is_ascension_mode":false,"campfire_choices":[{"floor":15.0,"key":"REST"},{"floor":32.0,"key":"REST"},{"floor":49,"key":"REST"}],"circlet_count":0,"master_deck":["FireBladeMod:BasicSmash+1","FireBladeMod:Tempo+1","REME_Scribble+1","Pommel Strike+1","FireBladeMod:ComboCleave+1","Searing Blow+10","FireBladeMod:GlassGreatsword+1","Exhume+1","Offering+1","FireBladeMod:LightningCombo+1","FireBladeMod:SpinningSmash+1","infinitespire:Fortify+1","Offering+1","RitualDagger+1","Necronomicurse","Limit Break+1","infinitespire:DeathsTouch+1","TheCursedMod:Dregs"],"relics":["Cursed Key","Darkstone Periapt","Hammer of Thor","Seething Fire","Anvil of the Gods","REME_ComplimentaryCards","hubris:Potato","hubris:ChampionShield","Incense Burner","MerchantsRug","hubris:Spice","hubris:MedicalManual","Red Skull","Happy Flower","REME_HandOfSuture","White Beast Statue","Menagerie:GrandMagusSpellbook","Medical Kit","energizedSpire:EnergizedDie","hubris:ScarierMask","Orichalcum","Tiny Chest","hubris:PeanutButter","Red Mask","Necronomicon","Dream Catcher","hubris:VirtuousBlindfold","hubris:FunFungus","TungstenRod","Nunchaku","Singing Bowl","Frozen Eye","Strawberry","ClockworkSouvenir","infinitespire:Midas Blood"],"acts_visited":["Exordium","TheCity","TheBeyond"],"potions_floor_usage":[48],"damage_taken":[{"damage":0.0,"enemies":"Menagerie:MonstrousExperiment","floor":1.0,"turns":1.0},{"damage":0.0,"enemies":"Menagerie:WhisperingWraith","floor":2.0,"turns":1.0},{"damage":14.0,"enemies":"Menagerie:VoidReaper","floor":6.0,"turns":2.0},{"damage":0.0,"enemies":"Menagerie:Hydra","floor":7.0,"turns":2.0},{"damage":0.0,"enemies":"Menagerie:MaskedSummoner","floor":8.0,"turns":1.0},{"damage":0.0,"enemies":"Menagerie:Hydra","floor":10.0,"turns":1.0},{"damage":0.0,"enemies":"Menagerie:2_RABBITS","floor":11.0,"turns":1.0},{"damage":0.0,"enemies":"Menagerie:VoidReaper","floor":12.0,"turns":1.0},{"damage":0.0,"enemies":"Menagerie:GrandMagus","floor":13.0,"turns":1.0},{"damage":0.0,"enemies":"Menagerie:Chimera","floor":16.0,"turns":1.0},{"damage":0.0,"enemies":"Shell Parasite","floor":18.0,"turns":1.0},{"damage":0.0,"enemies":"Masked Bandits","floor":22.0,"turns":1.0},{"damage":0.0,"enemies":"Nightmare","floor":23.0,"turns":2.0},{"damage":0.0,"enemies":"REME_1_Revenger","floor":24.0,"turns":1.0},{"damage":0.0,"enemies":"Book of Stabbing","floor":27.0,"turns":1.0},{"damage":0.0,"enemies":"Spheric Guardian","floor":30.0,"turns":1.0},{"damage":0.0,"enemies":"Slavers","floor":31.0,"turns":1.0},{"damage":0.0,"enemies":"hubris:MusketHawk","floor":33.0,"turns":2.0},{"damage":0.0,"enemies":"3 Darklings","floor":35.0,"turns":1.0},{"damage":0.0,"enemies":"Reptomancer","floor":40.0,"turns":1.0},{"damage":0,"enemies":"Nightmare","floor":42,"turns":1},{"damage":0,"enemies":"Orb Walker","floor":44,"turns":1},{"damage":0,"enemies":"Reptomancer","floor":46,"turns":1},{"damage":0,"enemies":"Nemesis","floor":48,"turns":1},{"damage":0,"enemies":"Time Eater","floor":50,"turns":1}],"seed_played":"-9179550342525959879","potions_obtained":[{"floor":2.0,"key":"SpeedPotion"},{"floor":10.0,"key":"EntropicBrew"},{"floor":13.0,"key":"AttackPotion"},{"floor":16.0,"key":"FearPotion"},{"floor":22.0,"key":"SneckoOil"},{"floor":24.0,"key":"AttackPotion"},{"floor":27.0,"key":"DuplicationPotion"},{"floor":46,"key":"REME_GoldPotion"},{"floor":48,"key":"SteroidPotion"}],"is_trial":true,"path_per_floor":["M","M","$","?","?","E","E","E","T","E","M","E","?","$","R","B",null,"M","?","AVR","$","?","NM","E","?","T","E","?","T","M","E","R","B",null,"M","?","?","?","T","E","AVR","NM","T","M","$","E","$","E","R","B",null],"character_chosen":"IRONCLAD","items_purchased":["MerchantsRug","Medical Kit","Tiny Chest","hubris:PeanutButter","Singing Bowl","Frozen Eye","ClockworkSouvenir"],"campfire_rested":3,"item_purchase_floors":[3,14,21,21,45,45,47],"current_hp_per_floor":[82,82,82,82,82,78,80,83,89,95,98,101,107,107,121,130,130,141,111,111,111,111,117,120,114,120,120,110,116,119,128,137,146,146,141,141,153,159,165,160,160,155,161,156,156,165,165,170,172,181],"gold":1713,"neow_bonus":"","is_daily":false,"chose_seed":false,"campfire_upgraded":0,"win_rate":0.0,"timestamp":1609979393,"path_taken":["M","?","?","?","?","E","E","E","T","E","M","E","?","$","R","BOSS","M","?","AVR","$","?","NM","E","?","T","E","?","?","M","E","R","BOSS","M","?","?","?","?","E","AVR","NM","T","?","$","E","$","E","R","BOSS"],"items_purchased_type":["Relic","Relic","Relic","Relic","Relic","Relic","Relic"],"build_version":"2020-12-22","purchased_purges":0,"victory":true,"max_hp_per_floor":[82,82,82,82,82,92,94,97,103,109,112,115,121,121,121,130,130,141,146,146,146,146,144,147,147,145,137,143,141,144,137,137,146,146,141,141,153,159,165,160,160,155,161,156,156,165,165,170,172,181],"card_choices":[{"not_picked":["FireBladeMod:LearnTells","FireBladeMod:Improvise","Immolate"],"picked":"SKIP","floor":6.0},{"not_picked":["FireBladeMod:DeathBlade","Juggernaut"],"picked":"FireBladeMod:GlassGreatsword","floor":7.0},{"not_picked":["Double Tap","FireBladeMod:DebilitatingBlow"],"picked":"Exhume","floor":8.0},{"not_picked":["Bludgeon","Demon Form"],"picked":"Offering","floor":10.0},{"not_picked":["FireBladeMod:LearnTells","FireBladeMod:FinalSmash"],"picked":"FireBladeMod:LightningCombo","floor":12.0},{"not_picked":["Perfected Strike","Blood for Blood+1"],"picked":"FireBladeMod:SpinningSmash","floor":22.0},{"not_picked":["infinitespire:UltimateForm","infinitespire:SevenWalls"],"picked":"infinitespire:Fortify","floor":23.0},{"not_picked":["FireBladeMod:PyromancerForm","FireBladeMod:DebilitatingBlow","Corruption"],"picked":"SKIP","floor":23.0},{"not_picked":["FireBladeMod:AfterBurn","hubris:StunningStrike"],"picked":"Offering","floor":24.0},{"not_picked":["Juggernaut","FireBladeMod:BattleMage","FireBladeMod:LearnTells"],"picked":"SKIP","floor":27.0},{"not_picked":["FireBladeMod:PyromancerForm","hubris:SpiceAddiction"],"picked":"hubris:SpiceAddiction","floor":31.0},{"not_picked":["FireBladeMod:BodyAsFuel","FireBladeMod:AntiMagic"],"picked":"Limit Break","floor":33.0},{"not_picked":["hubris:Rewind","infinitespire:Punishment"],"picked":"infinitespire:DeathsTouch","floor":37.0},{"not_picked":["Limit Break","FireBladeMod:AntiMagic","FireBladeMod:LayeredDefense"],"picked":"SKIP","floor":40.0},{"not_picked":["Impervious","REME_ACTH","Berserk"],"picked":"SKIP","floor":42},{"not_picked":["REME_Fury","FireBladeMod:LearnTells","Limit Break"],"picked":"Singing Bowl","floor":46},{"not_picked":["FireBladeMod:AfterBurn","Offering","Impervious"],"picked":"Singing Bowl","floor":48},{"not_picked":["FireBladeMod:IronEndurance","Carnage","FireBladeMod:SpinningSmash+1"],"picked":"Singing Bowl","floor":49}],"player_experience":1261468,"relics_obtained":[{"floor":1.0,"key":"hubris:ChampionShield"},{"floor":2.0,"key":"Incense Burner"},{"floor":6.0,"key":"hubris:Spice"},{"floor":7.0,"key":"War Paint"},{"floor":8.0,"key":"hubris:MedicalManual"},{"floor":9.0,"key":"Red Skull"},{"floor":10.0,"key":"Happy Flower"},{"floor":11.0,"key":"REME_HandOfSuture"},{"floor":12.0,"key":"White Beast Statue"},{"floor":18.0,"key":"hubris:Spice"},{"floor":22.0,"key":"Red Mask"},{"floor":23.0,"key":"hubris:Spice"},{"floor":24.0,"key":"MawBank"},{"floor":26.0,"key":"hubris:Spice"},{"floor":27.0,"key":"hubris:Spice"},{"floor":28.0,"key":"Necronomicon"},{"floor":29.0,"key":"hubris:Spice"},{"floor":30.0,"key":"Dream Catcher"},{"floor":31.0,"key":"hubris:Spice"},{"floor":35.0,"key":"hubris:Spice"},{"floor":39.0,"key":"hubris:FunFungus"},{"floor":40.0,"key":"hubris:Spice"},{"floor":42,"key":"hubris:Spice"},{"floor":43,"key":"Nunchaku"},{"floor":44,"key":"hubris:Spice"},{"floor":46,"key":"Strawberry"},{"floor":48,"key":"infinitespire:Midas Blood"}],"event_choices":[{"damage_healed":0.0,"max_hp_gain":0.0,"max_hp_loss":0.0,"gold_gain":0.0,"event_name":"Menagerie:BeastSpiritShrine","player_choice":"Ignored","floor":4.0,"gold_loss":0.0,"damage_taken":0.0},{"damage_healed":0.0,"max_hp_gain":0.0,"max_hp_loss":0.0,"gold_gain":0.0,"cards_transformed":["FireBladeMod:ThirstForBlood"],"event_name":"Menagerie:MagesHand","player_choice":"Grasp","floor":5.0,"gold_loss":0.0,"damage_taken":0.0,"cards_obtained":["Menagerie:CrumblingSanctuary"]},{"damage_healed":0.0,"max_hp_gain":0.0,"max_hp_loss":0.0,"gold_gain":0.0,"event_name":"Menagerie:GrandMagusTower","player_choice":"Steal","floor":13.0,"gold_loss":0.0,"damage_taken":0.0,"relics_obtained":["Menagerie:GrandMagusSpellbook"]},{"damage_healed":0.0,"max_hp_gain":5.0,"max_hp_loss":0.0,"gold_gain":0.0,"event_name":"Forgotten Altar","player_choice":"Shed Blood","floor":19.0,"gold_loss":0.0,"damage_taken":35.0},{"damage_healed":0.0,"max_hp_gain":0.0,"max_hp_loss":0.0,"gold_gain":0.0,"event_name":"Masked Bandits","player_choice":"Fought Bandits","floor":22.0,"gold_loss":0.0,"damage_taken":0.0},{"damage_healed":0.0,"max_hp_gain":0.0,"max_hp_loss":0.0,"gold_gain":0.0,"event_name":"betterThird:BetterNest","player_choice":"Dagger","floor":25.0,"gold_loss":0.0,"damage_taken":6.0,"cards_obtained":["RitualDagger"]},{"damage_healed":0.0,"max_hp_gain":0.0,"max_hp_loss":0.0,"gold_gain":0.0,"event_name":"Cursed Tome","player_choice":"Obtained Book","floor":28.0,"gold_loss":0.0,"damage_taken":16.0},{"damage_healed":0.0,"max_hp_gain":0.0,"max_hp_loss":0.0,"gold_gain":0.0,"event_name":"SensoryStone","player_choice":"Memory 1","floor":36.0,"gold_loss":0.0,"damage_taken":0.0},{"damage_healed":38.0,"max_hp_gain":0.0,"max_hp_loss":0.0,"gold_gain":0.0,"event_name":"Winding Halls","player_choice":"Writhe","floor":38.0,"gold_loss":0.0,"damage_taken":0.0,"cards_obtained":["Writhe"]}],"is_beta":false,"boss_relics":[{"not_picked":["hubris:Spice","Empty Cage"],"picked":"energizedSpire:EnergizedDie"},{"not_picked":["hubris:Spice","hubris:Spice"],"picked":"hubris:VirtuousBlindfold"}],"items_purged_floors":[],"is_endless":false,"potions_floor_spawned":[2,10,13,16,18,22,23,24,27,30,31,33,35,40,42,44,46,48],"ascension_level":0}}