{"host":"artti7o26te9gn1a","time":1609981752,"event":{"mods":["AchievementEnabler","BaseMod","Beaked The Cultist","BetterRewards","Downfall","Minty Spire (QoL Compilation)","StSLib","Trackpad"],"gold_per_floor":[110,127,10,30,47,75,93,105,105,105,130,130,130,130,130,204,204,187,206,21,21,21,54,54,64,64,23,35,35,35,47,47,122,122,142,159,34,34,54,54,71,21,21,21,31,31,47,80,80,80],"floor_reached":51,"playtime":3326,"items_purged":["Strike_B","Strike_B"],"score":1641,"play_id":"28d56279-757a-44dc-8f14-c3f36be4caf5","local_time":"20210107020912","is_ascension_mode":true,"campfire_choices":[{"floor":10,"key":"REST"},{"floor":12,"key":"REST"},{"data":"Glacier","floor":15,"key":"SMITH"},{"data":"Turbo","floor":24,"key":"SMITH"},{"floor":32,"key":"REST"},{"floor":40,"key":"REST"},{"floor":44,"key":"REST"},{"floor":46,"key":"REST"},{"data":"Seek","floor":49,"key":"SMITH"}],"circlet_count":0,"master_deck":["AscendersBane","Strike_B","Strike_B+1","Defend_B","Defend_B","Defend_B+1","Defend_B","Zap","Dualcast","Loop+1","Coolheaded","Gash","Conserve Battery","Go for the Eyes","Blizzard","Glacier+1","Gash","Rebound","Sweeping Beam","Cold Snap","Chill","Sweeping Beam","Seek+1","Melter","Turbo+1","Beam Cell","Gash","Hologram","Defragment+1","Genetic Algorithm","Fission","Guardian:StasisEngine+1","Capacitor+1","Decay","Recycle+1","Chill+1","Parasite","Buffer+1","Defragment+1"],"relics":["Cracked Core","Frozen Egg 2","Membership Card","OrangePellets","Gambling Chip","Question Card","Torii","Mango","Black Star","Dead Branch","trackpad:BottledShadow","trackpad:DisasterInABottle","DataDisk","Nilry\u0027s Codex","beaked:SacredDeck","Nunchaku","PreservedInsect","MealTicket","Art of War"],"acts_visited":["Exordium","TheCity","TheBeyond"],"potions_floor_usage":[23,41,41,50],"damage_taken":[{"damage":0,"enemies":"2 Louse","floor":1,"turns":2},{"damage":11,"enemies":"Small Slimes","floor":2,"turns":4},{"damage":0,"enemies":"Cultist","floor":4,"turns":3},{"damage":8,"enemies":"3 Louse","floor":5,"turns":4},{"damage":16,"enemies":"Gremlin Nob","floor":6,"turns":5},{"damage":3,"enemies":"Exordium Thugs","floor":7,"turns":5},{"damage":3,"enemies":"2 Fungi Beasts","floor":8,"turns":3},{"damage":12,"enemies":"3 Sentries","floor":11,"turns":9},{"damage":2,"enemies":"Hexaghost","floor":16,"turns":14},{"damage":2,"enemies":"2 Thieves","floor":18,"turns":4},{"damage":2,"enemies":"Shell Parasite","floor":19,"turns":8},{"damage":23,"enemies":"Slavers","floor":23,"turns":7},{"damage":12,"enemies":"Centurion and Healer","floor":25,"turns":7},{"damage":8,"enemies":"Shelled Parasite and Fungi","floor":28,"turns":6},{"damage":0,"enemies":"Chosen and Byrds","floor":31,"turns":6},{"damage":9,"enemies":"Champ","floor":33,"turns":13},{"damage":0,"enemies":"3 Shapes","floor":35,"turns":8},{"damage":61,"enemies":"3 Darklings","floor":36,"turns":8},{"damage":0,"enemies":"Sphere and 2 Shapes","floor":39,"turns":8},{"damage":0,"enemies":"Spire Growth","floor":41,"turns":9},{"damage":27,"enemies":"Maw","floor":45,"turns":9},{"damage":0,"enemies":"Writhing Mass","floor":47,"turns":5},{"damage":1,"enemies":"Giant Head","floor":48,"turns":15},{"damage":34,"enemies":"Donu and Deca","floor":50,"turns":17}],"seed_played":"-7946431290732649420","potions_obtained":[{"floor":4,"key":"SkillPotion"},{"floor":5,"key":"LiquidBronze"},{"floor":7,"key":"DuplicationPotion"},{"floor":16,"key":"hexamod:EctoCoolerPotion"},{"floor":25,"key":"Energy Potion"},{"floor":47,"key":"Swift Potion"}],"is_trial":false,"path_per_floor":["M","M","$","M","M","E","M","M","T","R","E","R","?","?","R","B",null,"M","M","$","?","?","E","R","M","T","$","M","?","?","M","R","B",null,"M","M","$","?","M","R","M","$","T","R","M","R","M","E","R","B",null],"character_chosen":"DEFECT","items_purchased":["Frozen Egg 2","Loop+1","Coolheaded","Gash","Conserve Battery","Go for the Eyes","Blizzard","Membership Card","Glacier","OrangePellets","Dead Branch","Beam Cell","Defragment+1","Capacitor+1","Nunchaku"],"campfire_rested":6,"item_purchase_floors":[0,0,0,0,0,0,0,0,0,3,20,20,27,37,37],"current_hp_per_floor":[64,53,53,53,45,29,26,23,23,44,32,53,32,46,46,44,75,73,71,71,71,71,48,48,36,36,36,28,7,7,7,32,23,70,70,9,9,9,9,34,34,34,34,59,32,57,57,56,56,22],"gold":80,"neow_bonus":"","is_daily":false,"chose_seed":false,"campfire_upgraded":3,"win_rate":0.0,"timestamp":1609981752,"path_taken":["M","M","$","M","M","E","M","M","T","R","E","R","?","?","R","BOSS","M","M","$","?","?","E","R","M","T","$","?","?","?","M","R","BOSS","M","M","$","?","?","R","M","?","T","R","M","R","M","E","R","BOSS"],"items_purchased_type":["Relic","Card","Card","Card","Card","Card","Card","Relic","Card","Relic","Relic","Card","Card","Card","Relic"],"build_version":"2020-12-22","purchased_purges":2,"victory":true,"max_hp_per_floor":[71,71,71,71,71,71,71,71,71,71,71,71,71,85,85,85,85,85,85,85,85,85,85,85,85,85,85,85,85,85,85,85,85,85,85,85,85,85,85,85,85,85,85,85,85,85,85,85,85,85],"card_choices":[{"not_picked":["Rebound","Sweeping Beam"],"picked":"Gash","floor":1},{"not_picked":["Aggregate","Conserve Battery"],"picked":"Rebound","floor":2},{"not_picked":["Leap","Rip and Tear"],"picked":"Sweeping Beam","floor":4},{"not_picked":["Tempest","Go for the Eyes"],"picked":"Cold Snap","floor":5},{"not_picked":["Ball Lightning","Tempest","Reprogram"],"picked":"SKIP","floor":6},{"not_picked":["Aggregate","Tempest","Streamline"],"picked":"SKIP","floor":7},{"not_picked":["Ball Lightning","Redo"],"picked":"Chill","floor":8},{"not_picked":["Compile Driver","Reboot","Streamline"],"picked":"Sweeping Beam","floor":11},{"not_picked":["Rainbow","Reboot","Core Surge"],"picked":"Seek","floor":16},{"not_picked":["Auto Shields","Darkness","Cold Snap"],"picked":"Melter","floor":18},{"not_picked":["Stack","Compile Driver+1","Barrage"],"picked":"Turbo","floor":19},{"not_picked":["Streamline","Leap","Turbo"],"picked":"Gash","floor":23},{"not_picked":["Streamline","Steam Power","Sunder"],"picked":"Hologram","floor":25},{"not_picked":["Redo","Conserve Battery+1","Leap"],"picked":"Genetic Algorithm","floor":28},{"not_picked":["Steam","Rebound+1","Sunder","Rip and Tear"],"picked":"SKIP","floor":31},{"not_picked":["Reboot","Thunder Strike","Hyperbeam"],"picked":"Fission","floor":33},{"not_picked":["Hologram","Beam Cell","Coolheaded","Redo"],"picked":"SKIP","floor":35},{"not_picked":["Cold Snap","Rip and Tear","Beam Cell","Conserve Battery+1"],"picked":"SKIP","floor":36},{"not_picked":["Leap","Streamline","Cold Snap+1"],"picked":"Recycle+1","floor":39},{"not_picked":["Tempest+1","Turbo","Steam","Redo+1"],"picked":"SKIP","floor":41},{"not_picked":["Sweeping Beam","Stack+1","Tempest"],"picked":"Chill+1","floor":45},{"not_picked":["Storm+1","Auto Shields","Streamline"],"picked":"Buffer+1","floor":47},{"not_picked":["Hello World+1","Streamline","Ball Lightning+1"],"picked":"Defragment+1","floor":48}],"player_experience":761384,"relics_obtained":[{"floor":6,"key":"Gambling Chip"},{"floor":9,"key":"Question Card"},{"floor":11,"key":"Torii"},{"floor":14,"key":"Mango"},{"floor":23,"key":"trackpad:BottledShadow"},{"floor":23,"key":"trackpad:DisasterInABottle"},{"floor":26,"key":"DataDisk"},{"floor":29,"key":"Nilry\u0027s Codex"},{"floor":43,"key":"PreservedInsect"},{"floor":48,"key":"MealTicket"},{"floor":48,"key":"Art of War"}],"event_choices":[{"damage_healed":0,"gold_gain":0,"player_choice":"Entered Light","damage_taken":21,"max_hp_gain":0,"max_hp_loss":0,"event_name":"Shining Light","floor":13,"gold_loss":0,"cards_upgraded":["Defend_B","Strike_B"]},{"damage_healed":0,"gold_gain":0,"player_choice":"Relic","damage_taken":0,"max_hp_gain":0,"max_hp_loss":0,"event_name":"Wheel of Change","floor":14,"gold_loss":0},{"damage_healed":0,"gold_gain":0,"player_choice":"Smashed Altar","damage_taken":0,"max_hp_gain":0,"max_hp_loss":0,"event_name":"Forgotten Altar","floor":21,"gold_loss":0,"cards_obtained":["Decay"]},{"cards_removed":["Decay"],"damage_healed":0,"gold_gain":0,"player_choice":"Purged","damage_taken":0,"max_hp_gain":0,"max_hp_loss":0,"event_name":"Purifier","floor":22,"gold_loss":0},{"damage_healed":0,"gold_gain":0,"player_choice":"Obtained Book","damage_taken":21,"max_hp_gain":0,"max_hp_loss":0,"event_name":"Cursed Tome","floor":29,"gold_loss":0},{"damage_healed":0,"gold_gain":0,"player_choice":"Ignored","damage_taken":0,"max_hp_gain":0,"max_hp_loss":0,"event_name":"Ghosts","floor":30,"gold_loss":0},{"damage_healed":0,"gold_gain":0,"player_choice":"Cursed","damage_taken":0,"max_hp_gain":0,"max_hp_loss":0,"event_name":"Wheel of Change","floor":38,"gold_loss":0,"cards_obtained":["Decay"]}],"is_beta":false,"boss_relics":[{"not_picked":["Coffee Dripper","Velvet Choker"],"picked":"Black Star"},{"not_picked":["Calling Bell","Tiny House"],"picked":"beaked:SacredDeck"}],"items_purged_floors":[3,42],"is_endless":false,"potions_floor_spawned":[4,5,6,7,11,16,19,25,28,33,36,39,47],"ascension_level":16}}