{"host":"newqdrzxfhh2im9e","time":1609982238,"event":{"mods":["AchievementEnabler","BaseMod","BetterRewards","Block Reminder","Colored Map","Jorbs\u0027s Wanderer Trilogy","Minty Spire (QoL Compilation)","Rare Cards Sparkle","Shop Mod","StSLib"],"gold_per_floor":[113,113,130,130,130,130,155,5,5,5,5,5],"floor_reached":11,"playtime":461,"items_purged":[],"score":61,"play_id":"79fd31e6-eda8-4fe0-9d5d-4a5db01813e8","local_time":"20210106171718","is_ascension_mode":false,"campfire_choices":[{"floor":6,"key":"REST"}],"circlet_count":0,"master_deck":["Strike_P","Strike_P","Strike_P","Strike_P","Defend_P","Defend_P","Defend_P","Eruption","Vigilance","DevaForm","BattleHymn","Fasting2","Judgement"],"relics":["PureWater","Golden Idol","Lantern","Anchor","Peace Pipe"],"acts_visited":["Exordium"],"potions_floor_usage":[3,11,11],"damage_taken":[{"damage":0,"enemies":"Small Slimes","floor":1,"turns":4},{"damage":9,"enemies":"Cultist","floor":3,"turns":3},{"damage":1,"enemies":"Jaw Worm","floor":7,"turns":4},{"damage":39,"enemies":"Lagavulin","floor":11,"turns":5}],"seed_played":"1257431030381216349","potions_obtained":[{"floor":1,"key":"Weak Potion"},{"floor":3,"key":"SpeedPotion"},{"floor":7,"key":"SneckoOil"}],"is_trial":false,"path_per_floor":["M","?","M","?","?","R","M","$","T","?","E"],"character_chosen":"WATCHER","items_purchased":["Lantern"],"campfire_rested":1,"item_purchase_floors":[8],"current_hp_per_floor":[51,51,42,24,24,45,44,44,44,26,0,0],"gold":5,"neow_bonus":"THREE_RARE_CARDS","is_daily":false,"chose_seed":false,"campfire_upgraded":0,"win_rate":0.0,"timestamp":1609982238,"path_taken":["M","?","?","?","?","R","M","$","T","?","E"],"items_purchased_type":["Relic"],"build_version":"2020-12-22","purchased_purges":0,"victory":false,"max_hp_per_floor":[72,72,72,72,72,72,72,72,72,72,72,72],"card_choices":[{"not_picked":["Blasphemy","LessonLearned"],"picked":"DevaForm","floor":0},{"not_picked":["LikeWater","Crescendo"],"picked":"BattleHymn","floor":1},{"not_picked":["Protect","Consecrate"],"picked":"Fasting2","floor":3},{"not_picked":["FollowUp","FlurryOfBlows"],"picked":"Judgement","floor":7}],"player_experience":698079,"relics_obtained":[{"floor":9,"key":"Anchor"}],"event_choices":[{"cards_removed":["Defend_P"],"damage_healed":0,"gold_gain":0,"player_choice":"Purged","damage_taken":0,"max_hp_gain":0,"max_hp_loss":0,"event_name":"Purifier","floor":2,"gold_loss":0},{"damage_healed":0,"gold_gain":0,"player_choice":"Take Damage","damage_taken":18,"relics_obtained":["Golden Idol"],"max_hp_gain":0,"max_hp_loss":0,"event_name":"Golden Idol","floor":4,"gold_loss":0},{"damage_healed":0,"gold_gain":0,"player_choice":"Ignored","damage_taken":0,"max_hp_gain":0,"max_hp_loss":0,"event_name":"Golden Wing","floor":5,"gold_loss":0},{"damage_healed":0,"gold_gain":0,"player_choice":"Success","damage_taken":18,"relics_obtained":["Peace Pipe"],"max_hp_gain":0,"max_hp_loss":0,"event_name":"Scrap Ooze","floor":10,"gold_loss":0}],"is_beta":false,"boss_relics":[],"items_purged_floors":[],"is_endless":false,"potions_floor_spawned":[1,3,7],"killed_by":"Lagavulin","ascension_level":0}}