{"host":"ryuep8ewa00k39z9","time":1609982330,"event":{"mods":["AchievementEnabler","BaseMod","Best Route Mod","Colored Map","Colored Powertips","Displayed Cursed Tome","Highlight Path","Minty Spire (QoL Compilation)","Quick Restart","SuperFastMode"],"gold_per_floor":[112,112,112,128,128,157,157,197,251,285,312,338,338,21,21,130,130,141,166,166,186,206,206,246,246,273,307,307,334,85,107,107,216,216,230,258,258,480,480,514,525,549,549,608,608,608,635,664,664,664,664],"floor_reached":50,"playtime":7182,"items_purged":["Defend_B","Defend_B"],"score":897,"play_id":"0be5b769-47d8-4ce4-9d0d-e2761a5244e5","local_time":"20210106191850","is_ascension_mode":true,"campfire_choices":[{"data":"Glacier","floor":7.0,"key":"SMITH"},{"data":"Apotheosis","floor":15.0,"key":"SMITH"},{"floor":23.0,"key":"RECALL"},{"data":"Amplify","floor":25.0,"key":"SMITH"},{"floor":28.0,"key":"REST"},{"floor":32.0,"key":"REST"},{"data":"Fission","floor":45,"key":"SMITH"},{"floor":49,"key":"REST"}],"circlet_count":0,"master_deck":["Strike_B","Defend_B","Defend_B","Zap","Dualcast","Ball Lightning","Glacier+1","Amplify+1","Streamline","Undo","Thunder Strike","Apotheosis+1","Self Repair","Electrodynamics","Defragment+1","Static Discharge","FTL","Storm+1","Capacitor","Fission+1","Meteor Strike","Static Discharge+1","Storm+1","Heatsinks","Defragment+1"],"relics":["Cracked Core","NeowsBlessing","Art of War","Cables","CeramicFish","Strawberry","Bronze Scales","Runic Pyramid","Red Mask","Oddly Smooth Stone","Lantern","Bottled Lightning","Vajra","Nuclear Battery","Toy Ornithopter","Emotion Chip","Kunai"],"acts_visited":["Exordium","TheCity","TheBeyond"],"potions_floor_usage":[40,48],"damage_taken":[{"damage":0.0,"enemies":"Jaw Worm","floor":1.0,"turns":1.0},{"damage":0.0,"enemies":"2 Louse","floor":4.0,"turns":1.0},{"damage":0.0,"enemies":"3 Sentries","floor":6.0,"turns":1.0},{"damage":6.0,"enemies":"Gremlin Nob","floor":8.0,"turns":4.0},{"damage":16.0,"enemies":"Lagavulin","floor":10.0,"turns":9.0},{"damage":1.0,"enemies":"Cultist","floor":11.0,"turns":3.0},{"damage":0.0,"enemies":"Exordium Wildlife","floor":12.0,"turns":2.0},{"damage":0.0,"enemies":"The Guardian","floor":16.0,"turns":10.0},{"damage":12.0,"enemies":"Shell Parasite","floor":18.0,"turns":4.0},{"damage":19.0,"enemies":"Masked Bandits","floor":19.0,"turns":3.0},{"damage":1.0,"enemies":"Spheric Guardian","floor":21.0,"turns":4.0},{"damage":17.0,"enemies":"Centurion and Healer","floor":22.0,"turns":4.0},{"damage":1.0,"enemies":"Gremlin Leader","floor":24.0,"turns":5.0},{"damage":53.0,"enemies":"Slavers","floor":27.0,"turns":4.0},{"damage":0.0,"enemies":"Cultist and Chosen","floor":29.0,"turns":3.0},{"damage":0.0,"enemies":"3 Cultists","floor":31.0,"turns":2.0},{"damage":10.0,"enemies":"Automaton","floor":33.0,"turns":6.0},{"damage":0.0,"enemies":"3 Darklings","floor":35.0,"turns":3.0},{"damage":0.0,"enemies":"Orb Walker","floor":36.0,"turns":2.0},{"damage":15,"enemies":"Reptomancer","floor":40,"turns":3},{"damage":1,"enemies":"3 Darklings","floor":41,"turns":3},{"damage":3,"enemies":"Sphere and 2 Shapes","floor":42,"turns":3},{"damage":0,"enemies":"Mind Bloom Boss Battle","floor":44,"turns":2},{"damage":0,"enemies":"Transient","floor":47,"turns":5},{"damage":48,"enemies":"Writhing Mass","floor":48,"turns":2},{"damage":87,"enemies":"Time Eater","floor":50,"turns":5}],"seed_played":"7986175189342446622","potions_obtained":[{"floor":6.0,"key":"Swift Potion"},{"floor":10.0,"key":"Fire Potion"},{"floor":12.0,"key":"Fruit Juice"},{"floor":16.0,"key":"FocusPotion"},{"floor":18.0,"key":"Weak Potion"},{"floor":20.0,"key":"DistilledChaos"},{"floor":20.0,"key":"Strength Potion"},{"floor":27.0,"key":"Dexterity Potion"},{"floor":33.0,"key":"CultistPotion"},{"floor":36.0,"key":"PowerPotion"},{"floor":42,"key":"LiquidMemories"}],"is_trial":false,"path_per_floor":["M","?","?","M","?","E","R","E","T","E","M","M","?","$","R","B",null,"M","?","?","M","M","R","E","R","T","E","R","M","$","M","R","B",null,"M","M","?","?","?","E","M","M","T","?","R","T","M","M","R","B"],"character_chosen":"DEFECT","items_purchased":["Apotheosis","Self Repair","Vajra"],"campfire_rested":3,"item_purchase_floors":[14,14,30],"current_hp_per_floor":[68,68,68,68,68,68,68,62,69,53,52,57,86,86,86,87,87,87,68,68,74,77,77,86,86,86,33,59,59,59,59,85,75,84,84,84,84,84,84,69,68,65,65,85,85,85,87,39,65,0,0],"gold":664,"neow_bonus":"THREE_ENEMY_KILL","is_daily":false,"chose_seed":false,"campfire_upgraded":4,"win_rate":0.0,"timestamp":1609982330,"path_taken":["M","?","?","?","?","E","R","E","T","E","?","M","?","$","R","BOSS","M","?","?","?","M","R","E","R","T","E","R","M","$","M","R","BOSS","M","M","?","?","?","E","M","?","T","?","R","?","?","M","R","BOSS"],"items_purchased_type":["Card","Card","Relic"],"build_version":"2020-12-22","purchased_purges":2,"victory":false,"max_hp_per_floor":[75,75,75,75,75,75,75,75,82,82,82,87,87,87,87,87,87,87,87,87,87,87,87,87,87,87,87,87,87,87,87,87,87,87,87,87,87,87,87,87,87,87,87,87,87,87,87,87,87,87,87],"card_choices":[{"not_picked":["Gash","Redo"],"picked":"Ball Lightning","floor":1.0},{"not_picked":["Turbo","Gash"],"picked":"Glacier","floor":4.0},{"not_picked":["Go for the Eyes","Stack"],"picked":"Amplify","floor":6.0},{"not_picked":["Skim","Conserve Battery"],"picked":"Streamline","floor":8.0},{"not_picked":["Force Field","Compile Driver","Coolheaded"],"picked":"SKIP","floor":10.0},{"not_picked":["Sweeping Beam","Darkness"],"picked":"Undo","floor":11.0},{"not_picked":["Blizzard","Ball Lightning"],"picked":"Thunder Strike","floor":12.0},{"not_picked":["Buffer","Biased Cognition"],"picked":"Electrodynamics","floor":16.0},{"not_picked":["Go for the Eyes","Sweeping Beam","Streamline"],"picked":"SKIP","floor":18.0},{"not_picked":["Go for the Eyes","BootSequence"],"picked":"Defragment+1","floor":21.0},{"not_picked":["Coolheaded","Stack","Streamline"],"picked":"SKIP","floor":22.0},{"not_picked":["Scrape","Hyperbeam"],"picked":"Static Discharge","floor":24.0},{"not_picked":["Hologram","Beam Cell"],"picked":"FTL","floor":27.0},{"not_picked":["Conserve Battery","Gash"],"picked":"Storm+1","floor":29.0},{"not_picked":["Cold Snap","Blizzard"],"picked":"Capacitor","floor":31.0},{"not_picked":["Reboot","Multi-Cast"],"picked":"Fission","floor":33.0},{"not_picked":["Streamline","BootSequence","Blizzard"],"picked":"SKIP","floor":35.0},{"not_picked":["Leap","Gash+1"],"picked":"Redo+1","floor":36.0},{"not_picked":["Stack+1","Barrage"],"picked":"Meteor Strike","floor":40},{"not_picked":["Barrage","Leap","Steam+1"],"picked":"SKIP","floor":41},{"not_picked":["Reinforced Body","Chaos"],"picked":"Static Discharge+1","floor":42},{"not_picked":["Static Discharge","Double Energy+1"],"picked":"Storm+1","floor":44},{"not_picked":["Go for the Eyes+1","Static Discharge"],"picked":"Heatsinks","floor":47},{"not_picked":["Rebound+1","Undo+1"],"picked":"Defragment+1","floor":48}],"player_experience":3917931,"relics_obtained":[{"floor":6.0,"key":"Cables"},{"floor":8.0,"key":"CeramicFish"},{"floor":9.0,"key":"Strawberry"},{"floor":10.0,"key":"Bronze Scales"},{"floor":19.0,"key":"Red Mask"},{"floor":24.0,"key":"Oddly Smooth Stone"},{"floor":26.0,"key":"Lantern"},{"floor":27.0,"key":"Bottled Lightning"},{"floor":40,"key":"Toy Ornithopter"},{"floor":44,"key":"Emotion Chip"},{"floor":46,"key":"Kunai"}],"event_choices":[{"cards_removed":["Strike_B"],"damage_healed":0.0,"max_hp_gain":0.0,"max_hp_loss":0.0,"gold_gain":0.0,"event_name":"Living Wall","player_choice":"Forget","floor":2.0,"gold_loss":0.0,"damage_taken":0.0},{"damage_healed":0.0,"max_hp_gain":0.0,"max_hp_loss":0.0,"gold_gain":0.0,"cards_transformed":["Strike_B"],"event_name":"Transmorgrifier","player_choice":"Transformed","floor":3.0,"gold_loss":0.0,"damage_taken":0.0,"cards_obtained":["Loop"]},{"cards_removed":["Loop"],"damage_healed":0.0,"max_hp_gain":0.0,"max_hp_loss":0.0,"gold_gain":0.0,"event_name":"WeMeetAgain","player_choice":"Gave Card","floor":5.0,"gold_loss":0.0,"damage_taken":0.0,"relics_obtained":["Art of War"]},{"damage_healed":29.0,"max_hp_gain":0.0,"max_hp_loss":0.0,"gold_gain":0.0,"event_name":"Big Fish","player_choice":"Banana","floor":13.0,"gold_loss":0.0,"damage_taken":0.0},{"damage_healed":0.0,"max_hp_gain":0.0,"max_hp_loss":0.0,"gold_gain":0.0,"event_name":"Masked Bandits","player_choice":"Fought Bandits","floor":19.0,"gold_loss":0.0,"damage_taken":0.0},{"damage_healed":0.0,"max_hp_gain":0.0,"max_hp_loss":0.0,"gold_gain":0.0,"event_name":"Lab","player_choice":"Got Potions","floor":20.0,"gold_loss":0.0,"damage_taken":0.0},{"cards_removed":["Redo"],"damage_healed":0.0,"max_hp_gain":0.0,"max_hp_loss":0.0,"gold_gain":0.0,"event_name":"Falling","player_choice":"Removed Skill","floor":37.0,"gold_loss":0.0,"damage_taken":0.0},{"damage_healed":0.0,"max_hp_gain":0.0,"max_hp_loss":0.0,"gold_gain":222.0,"event_name":"Tomb of Lord Red Mask","player_choice":"Wore Mask","floor":38.0,"gold_loss":0.0,"damage_taken":0.0},{"cards_removed":["Strike_B"],"damage_healed":0.0,"max_hp_gain":0.0,"max_hp_loss":0.0,"gold_gain":0.0,"event_name":"Bonfire Elementals","player_choice":"Offered Basic","floor":39.0,"gold_loss":0.0,"damage_taken":0.0},{"damage_healed":0,"gold_gain":0,"player_choice":"Fight","damage_taken":0,"max_hp_gain":0,"max_hp_loss":0,"event_name":"MindBloom","floor":44,"gold_loss":0}],"is_beta":false,"boss_relics":[{"not_picked":["Velvet Choker","Runic Dome"],"picked":"Runic Pyramid"},{"not_picked":["Black Star","Snecko Eye"],"picked":"Nuclear Battery"}],"items_purged_floors":[14,30],"is_endless":false,"potions_floor_spawned":[6,10,12,16,18,27,33,36,42,47],"killed_by":"Time Eater","ascension_level":8}}