{"host":"qa029bqsloh3rj2z","time":1609981544,"event":{"mods":["AchievementEnabler","BaseMod","Colored Powertips","DeckTracker","Minty Spire (QoL Compilation)"],"gold_per_floor":[109,33,53,53,2,14,36,48,60,84,96,119,142,169,181,298,310,335,34,34,34,0,0,0],"floor_reached":23,"playtime":2468,"items_purged":[],"score":181,"play_id":"a60eeced-df75-4fcf-a8d5-b05bd8691a77","local_time":"20210106200544","is_ascension_mode":false,"campfire_choices":[{"data":"Noxious Fumes","floor":6.0,"key":"SMITH"},{"data":"Survivor","floor":8.0,"key":"SMITH"},{"floor":15,"key":"REST"}],"circlet_count":0,"master_deck":["Strike_G","Strike_G","Defend_G","Defend_G","Defend_G","Defend_G","Defend_G","Survivor+1","Neutralize","Phantasmal Killer","Backflip","Noxious Fumes+1","Underhanded Strike","Escape Plan","Acrobatics","After Image","Flying Knee","Outmaneuver","Burst","Deadly Poison","Well Laid Plans","Calculated Gamble"],"relics":["Ring of the Snake","MawBank","Vajra","Empty Cage","Kunai"],"acts_visited":["Exordium","TheCity"],"potions_floor_usage":[23],"damage_taken":[{"damage":4.0,"enemies":"Cultist","floor":1.0,"turns":3.0},{"damage":2.0,"enemies":"Jaw Worm","floor":3.0,"turns":5.0},{"damage":1.0,"enemies":"2 Louse","floor":7.0,"turns":4.0},{"damage":13.0,"enemies":"Exordium Thugs","floor":10.0,"turns":4.0},{"damage":9.0,"enemies":"Gremlin Gang","floor":12.0,"turns":3.0},{"damage":5,"enemies":"Blue Slaver","floor":13,"turns":4},{"damage":5,"enemies":"3 Louse","floor":14,"turns":3},{"damage":15,"enemies":"Hexaghost","floor":16,"turns":10},{"damage":16,"enemies":"Chosen","floor":18,"turns":8},{"damage":22,"enemies":"2 Thieves","floor":22,"turns":4},{"damage":32,"enemies":"Book of Stabbing","floor":23,"turns":7}],"seed_played":"-1330149669028748176","potions_obtained":[{"floor":7.0,"key":"SkillPotion"},{"floor":12,"key":"Energy Potion"}],"is_trial":false,"path_per_floor":["M","$","M","$","?","R","M","R","T","M","?","M","M","M","R","B",null,"M","$","?","$","M","E"],"character_chosen":"THE_SILENT","items_purchased":["Noxious Fumes","Kunai","Well Laid Plans"],"campfire_rested":1,"item_purchase_floors":[2,19,19],"current_hp_per_floor":[66,66,64,64,64,64,63,63,63,50,50,41,36,31,52,37,70,54,54,54,54,32,0,0],"gold":0,"neow_bonus":"TRANSFORM_CARD","is_daily":false,"chose_seed":false,"campfire_upgraded":2,"win_rate":0.0,"timestamp":1609981544,"path_taken":["M","$","?","?","?","R","?","R","T","M","?","M","M","M","R","BOSS","M","$","?","$","?","E"],"items_purchased_type":["Card","Relic","Card"],"build_version":"2020-12-22","purchased_purges":0,"victory":false,"max_hp_per_floor":[70,70,70,70,70,70,70,70,70,70,70,70,70,70,70,70,70,70,70,70,70,70,70,70],"card_choices":[{"not_picked":["Reflex","Prepared"],"picked":"Backflip","floor":1.0},{"not_picked":["Slice","Expertise"],"picked":"Underhanded Strike","floor":3.0},{"not_picked":["Underhanded Strike","Dagger Spray"],"picked":"Escape Plan","floor":7.0},{"not_picked":["Bouncing Flask","Flechettes"],"picked":"Acrobatics","floor":10.0},{"not_picked":["Leg Sweep","Skewer","Quick Slash"],"picked":"SKIP","floor":12},{"not_picked":["Deflect","Escape Plan"],"picked":"Outmaneuver","floor":13},{"not_picked":["Slice","Flechettes","Wraith Form v2"],"picked":"SKIP","floor":14},{"not_picked":["Phantasmal Killer","After Image"],"picked":"Burst","floor":16},{"not_picked":["Underhanded Strike","Dagger Spray"],"picked":"Deadly Poison","floor":18},{"not_picked":["Escape Plan","Flechettes"],"picked":"Calculated Gamble","floor":22}],"player_experience":18730,"relics_obtained":[{"floor":9.0,"key":"Vajra"}],"event_choices":[{"damage_healed":0.0,"max_hp_gain":0.0,"max_hp_loss":0.0,"gold_gain":0.0,"event_name":"WeMeetAgain","player_choice":"Paid Gold","floor":5.0,"gold_loss":51.0,"damage_taken":0.0,"relics_obtained":["MawBank"]},{"damage_healed":0.0,"max_hp_gain":0.0,"max_hp_loss":0.0,"gold_gain":0.0,"event_name":"Match and Keep!","player_choice":"2 cards matched","floor":11.0,"gold_loss":0.0,"damage_taken":0.0,"cards_obtained":["After Image","Flying Knee"]},{"damage_healed":0,"gold_gain":0,"player_choice":"Ignored","damage_taken":0,"max_hp_gain":0,"max_hp_loss":0,"event_name":"NoteForYourself","floor":20,"gold_loss":0}],"is_beta":false,"boss_relics":[{"not_picked":["Cursed Key","WristBlade"],"picked":"Empty Cage"}],"items_purged_floors":[],"is_endless":false,"potions_floor_spawned":[7,12],"killed_by":"Book of Stabbing","ascension_level":0}}