{"host":"5x08nt64u3vxxcfi","time":1609993451,"event":{"mods":["BaseMod","Minty Spire (QoL Compilation)","StSLib","SuperFastMode"],"gold_per_floor":[109,28,203,203,215,248,248,248,248,248,19,39,78,102,102,230,230,254,152,175,37,37,37,53,53,77,77,91,91,109,109,109,230,230,246,261,261,280,53,53,53,78,105,105,105],"floor_reached":44,"playtime":779,"items_purged":["Zap","Steam Power"],"score":576,"play_id":"65333261-6f77-441d-aa3a-00413c7ee4b3","local_time":"20210107132411","is_ascension_mode":true,"campfire_choices":[{"floor":7.0,"key":"REST"},{"data":"Reprogram","floor":15.0,"key":"SMITH"},{"data":"Reprogram","floor":23.0,"key":"SMITH"},{"floor":25.0,"key":"REST"},{"floor":29.0,"key":"REST"},{"floor":32.0,"key":"REST"},{"data":"Reprogram","floor":41.0,"key":"SMITH"}],"circlet_count":0,"master_deck":["Strike_B","Strike_B","Strike_B","Strike_B","Defend_B","Defend_B","Defend_B","Defend_B","Dualcast","Go for the Eyes","Compile Driver","Aggregate","Reprogram+1","Hologram","FTL","Sweeping Beam+1","Beam Cell+1","Genetic Algorithm","Reprogram+1","Self Repair+1","Hyperbeam+1","Sweeping Beam+1","Hologram","Sweeping Beam+1","Steam+1","Gash+1","Scrape+1","Gash+1","Rebound+1","Creative AI+1","Rip and Tear+1","Compile Driver+1","White Noise","Necronomicurse","Fission","FTL+1","Gash+1","Stack+1","Go for the Eyes+1","White Noise+1","Stack+1","Scrape+1","Machine Learning+1","Beam Cell+1","Self Repair+1","Reprogram+1","Scrape+1","Steam+1"],"relics":["Cracked Core","Prayer Wheel","Frozen Egg 2","Golden Idol","Molten Egg 2","PreservedInsect","Boot","Runic Pyramid","Pen Nib","Potion Belt","Bottled Flame","Necronomicon","Philosopher\u0027s Stone","Orrery","Strawberry"],"acts_visited":["Exordium","TheCity","TheBeyond"],"potions_floor_usage":[],"damage_taken":[{"damage":0.0,"enemies":"Cultist","floor":1.0,"turns":3.0},{"damage":5.0,"enemies":"Small Slimes","floor":5.0,"turns":3.0},{"damage":52.0,"enemies":"Lagavulin","floor":6.0,"turns":9.0},{"damage":2.0,"enemies":"2 Louse","floor":12.0,"turns":4.0},{"damage":0.0,"enemies":"3 Sentries","floor":13.0,"turns":3.0},{"damage":6.0,"enemies":"Lots of Slimes","floor":14.0,"turns":2.0},{"damage":24.0,"enemies":"The Guardian","floor":16.0,"turns":11.0},{"damage":27.0,"enemies":"3 Byrds","floor":18.0,"turns":3.0},{"damage":11.0,"enemies":"2 Thieves","floor":20.0,"turns":2.0},{"damage":19.0,"enemies":"Snake Plant","floor":24.0,"turns":2.0},{"damage":17.0,"enemies":"Sentry and Sphere","floor":28.0,"turns":5.0},{"damage":0.0,"enemies":"3 Cultists","floor":30.0,"turns":2.0},{"damage":21.0,"enemies":"Automaton","floor":33.0,"turns":6.0},{"damage":1.0,"enemies":"3 Darklings","floor":35.0,"turns":3.0},{"damage":11.0,"enemies":"Orb Walker","floor":36.0,"turns":3.0},{"damage":35.0,"enemies":"4 Shapes","floor":38.0,"turns":4.0},{"damage":27.0,"enemies":"3 Darklings","floor":42.0,"turns":4.0},{"damage":34,"enemies":"Jaw Worm Horde","floor":44,"turns":1}],"seed_played":"6071754901547351228","potions_obtained":[{"floor":5.0,"key":"Strength Potion"},{"floor":6.0,"key":"SkillPotion"},{"floor":12.0,"key":"BlessingOfTheForge"},{"floor":13.0,"key":"Swift Potion"},{"floor":18.0,"key":"SkillPotion"},{"floor":30.0,"key":"Swift Potion"},{"floor":35.0,"key":"GamblersBrew"},{"floor":38.0,"key":"AttackPotion"},{"floor":42.0,"key":"Fire Potion"}],"is_trial":false,"path_per_floor":["M","$","?","?","M","E","R","?","T","?","$","M","E","M","R","B",null,"M","$","M","$","?","R","M","R","T","T","M","R","M","?","R","B",null,"M","M","?","M","$","?","R","M","T","M"],"character_chosen":"DEFECT","items_purchased":["Aggregate","PreservedInsect","Hologram","Sweeping Beam+1","Scrape+1","Orrery","Reprogram"],"campfire_rested":4,"item_purchase_floors":[2,11,19,19,21,39,39],"current_hp_per_floor":[68,68,68,73,68,16,37,37,37,37,37,35,35,29,29,15,55,38,38,27,27,27,27,8,28,28,28,21,41,41,25,45,24,57,66,65,65,40,40,40,40,13,20,0,0],"gold":105,"neow_bonus":"ONE_RARE_RELIC","is_daily":false,"chose_seed":false,"campfire_upgraded":3,"win_rate":0.0,"timestamp":1609993451,"path_taken":["M","$","?","?","M","E","R","?","T","?","?","?","E","M","R","BOSS","M","$","M","$","?","R","M","R","T","?","M","R","M","?","R","BOSS","M","M","?","?","$","?","R","M","T","M"],"items_purchased_type":["Card","Relic","Card","Card","Card","Relic","Card"],"build_version":"2020-12-22","purchased_purges":2,"victory":false,"max_hp_per_floor":[68,68,68,73,73,73,73,68,68,68,68,68,68,68,68,68,68,68,68,68,68,68,68,68,68,68,68,68,68,68,68,68,68,68,68,68,68,68,68,65,65,65,72,72,72],"card_choices":[{"not_picked":["Hologram","Beam Cell"],"picked":"Go for the Eyes","floor":1.0},{"not_picked":["Lockon","Darkness"],"picked":"Compile Driver","floor":1.0},{"not_picked":["Core Surge","Hello World"],"picked":"Reprogram","floor":5.0},{"not_picked":["Stack","Storm"],"picked":"Hologram","floor":5.0},{"not_picked":["Ball Lightning","Chaos"],"picked":"FTL","floor":6.0},{"not_picked":["Ball Lightning+1","Double Energy"],"picked":"Sweeping Beam+1","floor":12.0},{"not_picked":["Turbo","Barrage+1"],"picked":"Beam Cell+1","floor":12.0},{"not_picked":["BootSequence","Auto Shields"],"picked":"Genetic Algorithm","floor":13.0},{"not_picked":["Leap","Streamline+1"],"picked":"Reprogram","floor":14.0},{"not_picked":["Coolheaded","Sunder+1"],"picked":"Self Repair+1","floor":14.0},{"not_picked":["Buffer+1","Machine Learning+1"],"picked":"Hyperbeam+1","floor":16.0},{"not_picked":["Glacier","Steam"],"picked":"Sweeping Beam+1","floor":18.0},{"not_picked":["Fusion","Steam"],"picked":"Steam Power","floor":18.0},{"not_picked":["Redo","Reinforced Body"],"picked":"Steam+1","floor":20.0},{"not_picked":["Cold Snap+1","Chill+1"],"picked":"Gash+1","floor":20.0},{"not_picked":["Compile Driver+1","Turbo"],"picked":"Gash+1","floor":24.0},{"not_picked":["Loop+1","Compile Driver+1"],"picked":"Rebound+1","floor":24.0},{"not_picked":["Ball Lightning+1","Sweeping Beam+1"],"picked":"Creative AI+1","floor":28.0},{"not_picked":["Redo","Barrage+1"],"picked":"Rip and Tear+1","floor":28.0},{"not_picked":["Capacitor+1","Storm+1"],"picked":"Compile Driver+1","floor":30.0},{"not_picked":["Sweeping Beam+1","BootSequence"],"picked":"White Noise","floor":30.0},{"not_picked":["Multi-Cast","Machine Learning+1"],"picked":"Fission","floor":33.0},{"not_picked":["Darkness+1","Heatsinks+1"],"picked":"FTL+1","floor":35.0},{"not_picked":["Cold Snap+1","Sweeping Beam+1"],"picked":"Gash+1","floor":35.0},{"not_picked":["Sweeping Beam+1","Compile Driver+1"],"picked":"Stack+1","floor":36.0},{"not_picked":["Compile Driver+1","Rip and Tear+1"],"picked":"Go for the Eyes+1","floor":36.0},{"not_picked":["Beam Cell+1","BootSequence+1"],"picked":"White Noise+1","floor":38.0},{"not_picked":["Force Field+1","Darkness"],"picked":"Stack+1","floor":38.0},{"not_picked":["Sweeping Beam+1","Cold Snap+1"],"picked":"Scrape+1","floor":39.0},{"not_picked":["Compile Driver+1","Darkness"],"picked":"Machine Learning+1","floor":39.0},{"not_picked":["Leap+1","Compile Driver+1"],"picked":"Beam Cell+1","floor":39.0},{"not_picked":["Compile Driver+1","Undo"],"picked":"Self Repair+1","floor":39.0},{"not_picked":["Steam Power+1","Go for the Eyes+1"],"picked":"Scrape+1","floor":42.0},{"not_picked":["Beam Cell+1","Sunder+1"],"picked":"Steam+1","floor":42.0}],"player_experience":59829,"relics_obtained":[{"floor":6.0,"key":"Frozen Egg 2"},{"floor":9.0,"key":"Molten Egg 2"},{"floor":13.0,"key":"Boot"},{"floor":26.0,"key":"Potion Belt"},{"floor":27.0,"key":"Bottled Flame"},{"floor":31.0,"key":"Necronomicon"},{"floor":43.0,"key":"Strawberry"}],"event_choices":[{"damage_healed":0.0,"max_hp_gain":0.0,"max_hp_loss":0.0,"gold_gain":175.0,"event_name":"Liars Game","player_choice":"AGREE","floor":3.0,"gold_loss":0.0,"damage_taken":0.0,"cards_obtained":["Doubt"]},{"damage_healed":0.0,"max_hp_gain":5.0,"max_hp_loss":0.0,"gold_gain":0.0,"event_name":"Big Fish","player_choice":"Donut","floor":4.0,"gold_loss":0.0,"damage_taken":0.0},{"damage_healed":0.0,"max_hp_gain":0.0,"max_hp_loss":5.0,"gold_gain":0.0,"event_name":"Golden Idol","player_choice":"Lose Max HP","floor":8.0,"gold_loss":0.0,"damage_taken":0.0,"relics_obtained":["Golden Idol"]},{"cards_removed":["Doubt"],"damage_healed":0.0,"max_hp_gain":0.0,"max_hp_loss":0.0,"gold_gain":0.0,"event_name":"Living Wall","player_choice":"Forget","floor":10.0,"gold_loss":0.0,"damage_taken":0.0},{"damage_healed":0.0,"max_hp_gain":0.0,"max_hp_loss":0.0,"gold_gain":0.0,"event_name":"The Mausoleum","player_choice":"Opened","floor":22.0,"gold_loss":0.0,"damage_taken":0.0,"relics_obtained":["Pen Nib"],"cards_obtained":["Writhe"]},{"damage_healed":0.0,"max_hp_gain":0.0,"max_hp_loss":0.0,"gold_gain":0.0,"event_name":"Cursed Tome","player_choice":"Obtained Book","floor":31.0,"gold_loss":0.0,"damage_taken":16.0},{"cards_removed":["Writhe"],"damage_healed":0.0,"max_hp_gain":0.0,"max_hp_loss":0.0,"gold_gain":0.0,"event_name":"Fountain of Cleansing","player_choice":"Removed Curses","floor":37.0,"gold_loss":0.0,"damage_taken":0.0},{"damage_healed":0.0,"max_hp_gain":0.0,"max_hp_loss":3.0,"gold_gain":0.0,"event_name":"Winding Halls","player_choice":"Max HP","floor":40.0,"gold_loss":0.0,"damage_taken":0.0}],"is_beta":false,"boss_relics":[{"not_picked":["Runic Dome","FrozenCore"],"picked":"Runic Pyramid"},{"not_picked":["SlaversCollar","Tiny House"],"picked":"Philosopher\u0027s Stone"}],"items_purged_floors":[11,21],"is_endless":false,"potions_floor_spawned":[5,6,12,13,18,30,35,38,42],"killed_by":"Jaw Worm Horde","ascension_level":5}}