{"host":"c97twqu0op5dg8i4","time":1609979169,"event":{"mods":["BaseMod","Minty Spire (QoL Compilation)"],"gold_per_floor":[115,115,127,47,62,62,62,13,13,13,47,67,67,78,78,174,174,187,206,206,206,219,219,219],"floor_reached":23,"playtime":1568,"items_purged":[],"score":319,"play_id":"049a958b-682f-4dfd-85f2-a46b01a27c3f","local_time":"20210106192609","is_ascension_mode":true,"campfire_choices":[{"data":"Deadly Poison","floor":6,"key":"SMITH"},{"data":"Catalyst","floor":10,"key":"SMITH"},{"data":"Deadly Poison","floor":15,"key":"SMITH"}],"circlet_count":0,"master_deck":["Strike_G","Strike_G","Strike_G","Strike_G","Strike_G","Defend_G","Defend_G+1","Defend_G+1","Defend_G+1","Defend_G+1","Survivor","Neutralize","Deadly Poison+1","Backstab","Deadly Poison+1","Catalyst+1","Poisoned Stab","Deadly Poison","Footwork","Cloak And Dagger","Envenom+1","Slice","Poisoned Stab+1"],"relics":["Ring of the Snake","Paper Crane","White Beast Statue","War Paint","SlaversCollar"],"acts_visited":["Exordium","TheCity"],"potions_floor_usage":[16,16,23],"damage_taken":[{"damage":0,"enemies":"Small Slimes","floor":1,"turns":4},{"damage":1,"enemies":"Jaw Worm","floor":3,"turns":2},{"damage":0,"enemies":"2 Louse","floor":5,"turns":3},{"damage":4,"enemies":"Gremlin Nob","floor":11,"turns":3},{"damage":0,"enemies":"Blue Slaver","floor":12,"turns":2},{"damage":0,"enemies":"Lots of Slimes","floor":14,"turns":4},{"damage":0,"enemies":"Slime Boss","floor":16,"turns":3},{"damage":6,"enemies":"Chosen","floor":18,"turns":3},{"damage":22,"enemies":"3 Byrds","floor":19,"turns":6},{"damage":15,"enemies":"Cultist and Chosen","floor":22,"turns":6},{"damage":44,"enemies":"Gremlin Leader","floor":23,"turns":3}],"seed_played":"-602204635144336207","potions_obtained":[{"floor":11,"key":"DuplicationPotion"},{"floor":12,"key":"LiquidMemories"},{"floor":14,"key":"GamblersBrew"},{"floor":16,"key":"FairyPotion"},{"floor":18,"key":"FearPotion"},{"floor":19,"key":"ColorlessPotion"}],"is_trial":false,"path_per_floor":["M","?","M","$","M","R","T","$","T","R","E","M","?","M","R","B",null,"M","M","?","?","M","E"],"character_chosen":"THE_SILENT","items_purchased":["Catalyst","Deadly Poison"],"campfire_rested":0,"item_purchase_floors":[4,8],"current_hp_per_floor":[70,56,55,55,55,55,55,55,55,55,51,51,56,56,56,56,75,69,47,33,33,18,0,0],"gold":219,"neow_bonus":"THREE_CARDS","is_daily":false,"chose_seed":false,"campfire_upgraded":3,"win_rate":0.0,"timestamp":1609979169,"path_taken":["M","?","M","$","M","R","?","$","T","R","E","M","?","M","R","BOSS","M","M","?","?","?","E"],"items_purchased_type":["Card","Card"],"build_version":"2020-12-22","purchased_purges":0,"victory":false,"max_hp_per_floor":[70,70,70,70,70,70,70,70,70,70,70,70,75,75,75,75,75,75,75,80,80,80,80,80],"card_choices":[{"not_picked":["Backstab","Deflect"],"picked":"Deadly Poison","floor":0},{"not_picked":["Blade Dance","Outmaneuver"],"picked":"Backstab","floor":1},{"not_picked":["Tactician","PiercingWail"],"picked":"Deadly Poison","floor":3},{"not_picked":["Cloak And Dagger","PiercingWail"],"picked":"Poisoned Stab","floor":5},{"not_picked":["Wraith Form v2","Well Laid Plans"],"picked":"Footwork","floor":11},{"not_picked":["Dodge and Roll","Escape Plan"],"picked":"Cloak And Dagger","floor":12},{"not_picked":["Slice","Sucker Punch","Endless Agony"],"picked":"SKIP","floor":14},{"not_picked":["Unload","Burst"],"picked":"Envenom","floor":16},{"not_picked":["Cloak And Dagger","Blade Dance"],"picked":"Slice","floor":18},{"not_picked":["Acrobatics","Dash"],"picked":"Poisoned Stab+1","floor":19},{"not_picked":["Dodge and Roll","Predator+1","Expertise"],"picked":"SKIP","floor":22}],"player_experience":244044,"relics_obtained":[{"floor":7,"key":"Paper Crane"},{"floor":9,"key":"White Beast Statue"},{"floor":11,"key":"War Paint"}],"event_choices":[{"damage_healed":0,"gold_gain":0,"player_choice":"Entered Light","damage_taken":14,"max_hp_gain":0,"max_hp_loss":0,"event_name":"Shining Light","floor":2,"gold_loss":0,"cards_upgraded":["Defend_G","Defend_G"]},{"damage_healed":0,"gold_gain":0,"player_choice":"Donut","damage_taken":0,"max_hp_gain":5,"max_hp_loss":0,"event_name":"Big Fish","floor":13,"gold_loss":0},{"damage_healed":0,"gold_gain":0,"player_choice":"Shed Blood","damage_taken":19,"max_hp_gain":5,"max_hp_loss":0,"event_name":"Forgotten Altar","floor":20,"gold_loss":0},{"damage_healed":0,"gold_gain":0,"player_choice":"Upgraded","damage_taken":0,"max_hp_gain":0,"max_hp_loss":0,"event_name":"Upgrade Shrine","floor":21,"gold_loss":0,"cards_upgraded":["Envenom"]}],"is_beta":false,"boss_relics":[{"not_picked":["Velvet Choker","Astrolabe"],"picked":"SlaversCollar"}],"items_purged_floors":[],"is_endless":false,"potions_floor_spawned":[11,12,14,16,18,19,22],"killed_by":"Gremlin Leader","ascension_level":4}}