{"host":"q1tlngmkbyqa4avn","time":1609993348,"event":{"mods":["BaseMod","Curses Come First","Hermit","Minty Spire (QoL Compilation)","Rare Cards Sparkle","StSLib"],"gold_per_floor":[114,114,133,133,152,152,190,265,290,309,309,362,381,400,400,400,400],"floor_reached":16,"playtime":609,"items_purged":[],"score":102,"play_id":"2caa7b4a-6b17-4bdb-a8c7-75600b5d0235","local_time":"20210106232228","daily_mods":["SealedDeck","Green Cards","Lethality"],"is_ascension_mode":false,"campfire_choices":[{"floor":6,"key":"REST"},{"floor":11,"key":"REST"},{"floor":15,"key":"REST"}],"circlet_count":0,"master_deck":["hermit:BigShot","hermit:SprayPray","hermit:CalledShot","hermit:ItchyTrigger","hermit:WideOpen","hermit:Headshot","hermit:BigShot","hermit:BigShot","hermit:Dive","hermit:Dive","hermit:Snipe","hermit:Combo","hermit:Midnight","hermit:Ricochet","hermit:TakeAim"],"relics":["hermit:Momento","Golden Idol","hermit:Spyglass","Shuriken","Bronze Scales"],"acts_visited":["Exordium"],"potions_floor_usage":[14,16],"damage_taken":[{"damage":0,"enemies":"Jaw Worm","floor":1,"turns":2},{"damage":2,"enemies":"2 Louse","floor":3,"turns":2},{"damage":7,"enemies":"Cultist","floor":5,"turns":3},{"damage":15,"enemies":"Gremlin Nob","floor":7,"turns":4},{"damage":0,"enemies":"Looter","floor":10,"turns":2},{"damage":11,"enemies":"Large Slime","floor":13,"turns":2},{"damage":13,"enemies":"Gremlin Gang","floor":14,"turns":3},{"damage":39,"enemies":"Hexaghost","floor":16,"turns":3}],"seed_played":"8350349167999303424","potions_obtained":[{"floor":3,"key":"Fire Potion"},{"floor":10,"key":"PowerPotion"}],"is_trial":false,"path_per_floor":["M","?","M","?","M","R","E","?","T","M","R","?","M","M","R","B"],"character_chosen":"HERMIT","items_purchased":[],"campfire_rested":3,"item_purchase_floors":[],"current_hp_per_floor":[75,57,55,30,23,45,30,19,19,19,41,41,30,17,39,0,0],"gold":400,"neow_bonus":"","is_daily":true,"chose_seed":false,"campfire_upgraded":0,"win_rate":0.0,"timestamp":1609993348,"path_taken":["M","?","M","?","M","R","E","?","T","M","R","?","M","M","R","BOSS"],"items_purchased_type":[],"build_version":"2020-12-22","purchased_purges":0,"victory":false,"max_hp_per_floor":[75,75,75,75,75,75,75,75,75,75,75,75,75,75,75,75,75],"card_choices":[{"not_picked":["hermit:ItchyTrigger","hermit:Grudge"],"picked":"hermit:Snipe","floor":1},{"not_picked":["hermit:ShadowCloak","hermit:Quickdraw"],"picked":"hermit:Combo","floor":3},{"not_picked":["hermit:Headshot","hermit:Vantage"],"picked":"hermit:Midnight","floor":5},{"not_picked":["hermit:Glare","hermit:HoleUp"],"picked":"hermit:Ricochet","floor":7},{"not_picked":["hermit:FatalDesire","hermit:Combo","hermit:Manifest"],"picked":"SKIP","floor":10},{"not_picked":["hermit:Desperado","hermit:Virtue","hermit:Headshot"],"picked":"SKIP","floor":13},{"not_picked":["hermit:Brawl","hermit:Horror"],"picked":"hermit:TakeAim","floor":14}],"player_experience":987541,"relics_obtained":[{"floor":7,"key":"Shuriken"},{"floor":9,"key":"Bronze Scales"}],"event_choices":[{"damage_healed":0,"gold_gain":0,"player_choice":"Take Damage","damage_taken":18,"relics_obtained":["Golden Idol"],"max_hp_gain":0,"max_hp_loss":0,"event_name":"Golden Idol","floor":2,"gold_loss":0},{"damage_healed":0,"gold_gain":0,"player_choice":"Success","damage_taken":25,"relics_obtained":["hermit:Spyglass"],"max_hp_gain":0,"max_hp_loss":0,"event_name":"Scrap Ooze","floor":4,"gold_loss":0},{"damage_healed":0,"gold_gain":75,"player_choice":"Gather Gold","damage_taken":11,"max_hp_gain":0,"max_hp_loss":0,"event_name":"World of Goop","floor":8,"gold_loss":0},{"damage_healed":0,"gold_gain":53,"player_choice":"Gained Gold","damage_taken":0,"max_hp_gain":0,"max_hp_loss":0,"event_name":"Golden Wing","floor":12,"gold_loss":0}],"is_beta":false,"boss_relics":[],"items_purged_floors":[],"is_endless":false,"potions_floor_spawned":[3,10],"killed_by":"Hexaghost","ascension_level":0}}