{"host":"qkbnayyek6fga752","time":1609983086,"event":{"mods":["100% Spire Juice","2.2 Compatiblity","Arknights The Spire","Aspiration","Astrologer","BaseMod","Beaked The Cultist","Better Altar","Better Match","Better Note","Better Sensory Stone","Better Skull","Better Third Choice","CCEM","CapriCore","ChefMod","Clockwork Mod","Conspire","Ekko","Energized Spire","Evolution","Glutton Mod","Hermit","Hubris","Humility","Jedi Mod","Koishi","Mad Scientist","Marisa????????","Minty Spire (QoL Compilation)","Quarter Circle Forward PUNCH!","Random Character Mod","Replay The Spire","Robot Space Explorer","SIMod","Spicy Shops","StSLib","The Administrix","The Alterego","The Animator","The Blackbeard","The Blue Laboratory","The Bug Knight","The Construct","The Cursed","The Death Knight","The Disciple","The Druid","The Exalted","The Forsaken","The Gatherer","The Hayseed","The Hierophant","The Immortal","The Juggle","The Marked","The Necromancer","The Problem Sleuth","The Runesmith","The Sage","The Senshi","The Vixen","TheArtist","TheLocksmith","TheSwordswoman","TheVacant","TheVelvet","Trackpad","Yuri Mod","thorton","vexMod"],"gold_per_floor":[119,32,43,54,54,86,86,86],"floor_reached":7,"playtime":614,"items_purged":[],"score":51,"play_id":"c0b9defa-9179-4a31-a201-858d46565805","local_time":"20210106203126","daily_mods":["SealedDeck","Heirloom","Flight","DeadlyEvents","Elite Swarm"],"is_ascension_mode":false,"campfire_choices":[],"circlet_count":0,"master_deck":["Sword Boomerang","Intimidate","Bloodletting","Shrug It Off","Shrug It Off","Spot Weakness","Flex","Rampage","Anger","jedi:MakeshiftSword","Rage","Reckless Charge","Pot Of Greed","Pot Of Greed","Barricade"],"relics":["Burning Blood","EVO:Axolotl","FossilizedHelix","Grinning Jar","qcfpunch:Red_Beret","Happy Flower","Paper Frog"],"acts_visited":["Exordium"],"potions_floor_usage":[6,7],"damage_taken":[{"damage":3,"enemies":"Cultist","floor":1,"turns":3},{"damage":0,"enemies":"Jaw Worm","floor":3,"turns":2},{"damage":0,"enemies":"Small Slimes","floor":4,"turns":2},{"damage":13,"enemies":"Lagavulin","floor":6,"turns":4},{"damage":23,"enemies":"Gremlin Nob","floor":7,"turns":3}],"seed_played":"7608871042618233830","potions_obtained":[{"floor":1,"key":"blueLaboratory:FruitPunch"},{"floor":6,"key":"Block Potion"}],"is_trial":true,"path_per_floor":["M","$","M","M","?","E","E"],"character_chosen":"IRONCLAD","items_purchased":["Reckless Charge"],"campfire_rested":0,"item_purchase_floors":[2],"current_hp_per_floor":[80,80,80,80,25,20,0,0],"gold":86,"neow_bonus":"","is_daily":false,"chose_seed":false,"campfire_upgraded":0,"win_rate":0.0,"timestamp":1609983086,"path_taken":["M","$","M","?","?","E","E"],"items_purchased_type":["Card"],"build_version":"2020-12-22","purchased_purges":0,"victory":false,"max_hp_per_floor":[80,80,80,80,80,82,82,82],"card_choices":[{"not_picked":["Perfected Strike","Headbutt"],"picked":"Rage","floor":1},{"not_picked":["Perfected Strike","Flame Barrier","Battle Trance"],"picked":"SKIP","floor":3},{"not_picked":["Headbutt","Twin Strike","jedi:suffering"],"picked":"SKIP","floor":4},{"not_picked":["Demonic Infusion","jedi:strikingstrike"],"picked":"Barricade","floor":6}],"player_experience":317556,"relics_obtained":[{"floor":6,"key":"Paper Frog"}],"event_choices":[{"damage_healed":0,"gold_gain":0,"player_choice":"RE RE RE ","damage_taken":61,"relics_obtained":["Grinning Jar","qcfpunch:Red_Beret","Happy Flower"],"max_hp_gain":0,"max_hp_loss":0,"event_name":"betterSkull:BetterSkull","floor":5,"gold_loss":0,"cards_upgraded":[]}],"is_beta":false,"boss_relics":[],"items_purged_floors":[],"is_endless":false,"potions_floor_spawned":[1,6],"killed_by":"Gremlin Nob","ascension_level":0}}