{"host":"tknto047uabgu3zm","time":1609993849,"event":{"mods":["AchievementEnabler","BaseMod","Bestiary","Block Reminder","Colored Map","Colored Powertips","Highlight Path","Minty Spire (QoL Compilation)","MonsterHotkey","Permanent Neow","Random Character Button","Rare Cards Sparkle","Relic Sorter","Relic Stats","StSLib"],"gold_per_floor":[118,130,205,222,222,222,222,240,309,309,309,329,354,370,370,370,370],"floor_reached":16,"playtime":491,"items_purged":[],"score":174,"play_id":"7607bf91-d1f4-4e8f-92c0-6dcce02d8a07","local_time":"20210106203049","is_ascension_mode":true,"campfire_choices":[{"data":"Berserk","floor":6.0,"key":"SMITH"},{"floor":15,"key":"REST"}],"circlet_count":0,"master_deck":["AscendersBane","Strike_R","Strike_R","Strike_R","Strike_R","Defend_R","Defend_R","Defend_R","Bash","Berserk+1","Twin Strike+1","Fire Breathing+1","True Grit","Uppercut","Shrug It Off","Carnage","Shrug It Off"],"relics":["Burning Blood","Golden Idol","Pear"],"acts_visited":["Exordium"],"potions_floor_usage":[16],"damage_taken":[{"damage":15.0,"enemies":"2 Louse","floor":1.0,"turns":3.0},{"damage":19.0,"enemies":"Small Slimes","floor":2.0,"turns":3.0},{"damage":11.0,"enemies":"Cultist","floor":4.0,"turns":4.0},{"damage":3.0,"enemies":"2 Fungi Beasts","floor":8.0,"turns":3.0},{"damage":3.0,"enemies":"Looter","floor":12.0,"turns":4.0},{"damage":12.0,"enemies":"Lots of Slimes","floor":13.0,"turns":8.0},{"damage":0.0,"enemies":"3 Louse","floor":14.0,"turns":3.0},{"damage":47,"enemies":"Hexaghost","floor":16,"turns":10}],"seed_played":"7035181591268666528","potions_obtained":[{"floor":1.0,"key":"Fire Potion"},{"floor":8.0,"key":"EssenceOfSteel"},{"floor":13.0,"key":"BlessingOfTheForge"}],"is_trial":false,"path_per_floor":["M","M","?","M","?","R","?","M","T","?","?","M","M","M","R","B"],"character_chosen":"IRONCLAD","items_purchased":[],"campfire_rested":1,"item_purchase_floors":[],"current_hp_per_floor":[59,46,35,30,30,30,30,33,43,20,20,23,17,23,46,0,0],"gold":370,"neow_bonus":"ONE_RANDOM_RARE_CARD","is_daily":false,"chose_seed":false,"campfire_upgraded":1,"win_rate":0.0,"timestamp":1609993849,"path_taken":["M","M","?","M","?","R","?","?","T","?","?","M","M","M","R","BOSS"],"items_purchased_type":[],"build_version":"2020-12-22","purchased_purges":0,"victory":false,"max_hp_per_floor":[75,75,75,75,68,68,68,68,78,78,78,78,78,78,78,78,78],"relic_stats":{"counters":[8,38],"Golden Idol":16,"obtain_stats":[{"Pear":9,"Golden Idol":5,"Burning Blood":0},{"Pear":4,"Golden Idol":3,"Burning Blood":0},{"Pear":13,"Golden Idol":10,"Burning Blood":0}],"Burning Blood":42},"card_choices":[{"not_picked":["Rupture","Warcry"],"picked":"Twin Strike","floor":1.0},{"not_picked":["Cleave","Heavy Blade"],"picked":"Fire Breathing","floor":2.0},{"not_picked":["Seeing Red","Body Slam"],"picked":"True Grit","floor":4.0},{"not_picked":["Battle Trance","Perfected Strike"],"picked":"Uppercut","floor":8.0},{"not_picked":["Clash","Thunderclap"],"picked":"Shrug It Off","floor":12.0},{"not_picked":["Headbutt","Shrug It Off"],"picked":"Carnage","floor":13.0},{"not_picked":["Iron Wave","Clothesline"],"picked":"Shrug It Off","floor":14.0}],"player_experience":492774,"relics_obtained":[{"floor":9.0,"key":"Pear"}],"event_choices":[{"damage_healed":0.0,"max_hp_gain":0.0,"max_hp_loss":0.0,"gold_gain":75.0,"event_name":"World of Goop","player_choice":"Gather Gold","floor":3.0,"gold_loss":0.0,"damage_taken":11.0},{"damage_healed":0.0,"max_hp_gain":0.0,"max_hp_loss":7.0,"gold_gain":0.0,"event_name":"Golden Idol","player_choice":"Lose Max HP","floor":5.0,"gold_loss":0.0,"damage_taken":0.0,"relics_obtained":["Golden Idol"]},{"cards_removed":["Defend_R"],"damage_healed":0.0,"max_hp_gain":0.0,"max_hp_loss":0.0,"gold_gain":0.0,"event_name":"Purifier","player_choice":"Purged","floor":7.0,"gold_loss":0.0,"damage_taken":0.0},{"damage_healed":0.0,"max_hp_gain":0.0,"max_hp_loss":0.0,"gold_gain":0.0,"event_name":"Shining Light","player_choice":"Entered Light","floor":10.0,"gold_loss":0.0,"damage_taken":23.0,"cards_upgraded":["Fire Breathing","Twin Strike"]},{"cards_removed":["Strike_R"],"damage_healed":0.0,"max_hp_gain":0.0,"max_hp_loss":0.0,"gold_gain":0.0,"event_name":"Bonfire Elementals","player_choice":"Offered Basic","floor":11.0,"gold_loss":0.0,"damage_taken":0.0}],"is_beta":false,"boss_relics":[],"items_purged_floors":[],"is_endless":false,"potions_floor_spawned":[1,8,13],"killed_by":"Hexaghost","ascension_level":17}}