{"host":"7i2b4pyo6x2376bs","time":1609990525,"event":{"mods":["BaseMod","Better Note","Colored Map","Highlight Path","Minty Spire (QoL Compilation)","Quick Restart","Rare Cards Sparkle","Shop Mod","StSLib","The Jungle"],"gold_per_floor":[111,131,147,147,164,196,118,118,118,118,131,143,143,143],"floor_reached":13,"playtime":1199,"items_purged":[],"score":139,"play_id":"f723e321-382d-4be0-a8fb-911a4267b4ef","local_time":"20210106193525","is_ascension_mode":true,"campfire_choices":[{"floor":8,"key":"REST"},{"floor":10,"key":"RECALL"}],"circlet_count":0,"master_deck":["AscendersBane","Strike_R","Strike_R","Strike_R","Strike_R","Strike_R","Defend_R","Defend_R","Defend_R","Bash","Rampage","Perfected Strike","Heavy Blade","Rampage","Flex","Reaper","Heavy Blade"],"relics":["Burning Blood","Tiny Chest","Bottled Flame"],"acts_visited":["Exordium"],"potions_floor_usage":[3,13],"damage_taken":[{"damage":3,"enemies":"2 Louse","floor":1,"turns":4},{"damage":1,"enemies":"Cultist","floor":2,"turns":3},{"damage":2,"enemies":"Jaw Worm","floor":3,"turns":3},{"damage":15,"enemies":"3 Louse","floor":5,"turns":3},{"damage":44,"enemies":"Lagavulin","floor":6,"turns":5},{"damage":39,"enemies":"Gremlin Gang","floor":11,"turns":6},{"damage":16,"enemies":"2 Fungi Beasts","floor":12,"turns":4},{"damage":45,"enemies":"3 Sentries","floor":13,"turns":4}],"seed_played":"-956601409546733050","potions_obtained":[{"floor":1,"key":"Block Potion"},{"floor":12,"key":"LiquidBronze"}],"is_trial":false,"path_per_floor":["M","M","M","?","M","E","$","R","T","R","M","M","E"],"character_chosen":"IRONCLAD","items_purchased":["Reaper"],"campfire_rested":1,"item_purchase_floors":[7],"current_hp_per_floor":[75,80,80,80,71,33,33,57,57,57,28,24,0,0],"gold":143,"neow_bonus":"RANDOM_COMMON_RELIC","is_daily":false,"chose_seed":false,"campfire_upgraded":0,"win_rate":0.0,"timestamp":1609990525,"path_taken":["M","M","M","?","M","E","$","R","T","R","?","M","E"],"items_purchased_type":["Card"],"build_version":"2020-12-22","purchased_purges":0,"victory":false,"max_hp_per_floor":[80,80,80,80,80,80,80,80,80,80,80,80,80,80],"card_choices":[{"not_picked":["Sever Soul","Warcry"],"picked":"Rampage","floor":1},{"not_picked":["Dual Wield","Havoc"],"picked":"Perfected Strike","floor":2},{"not_picked":["Ghostly Armor","Shrug It Off"],"picked":"Heavy Blade","floor":3},{"not_picked":["Body Slam","Dark Embrace"],"picked":"Rampage","floor":5},{"not_picked":["Twin Strike","Wild Strike"],"picked":"Flex","floor":6},{"not_picked":["Twin Strike","Pommel Strike","Anger"],"picked":"SKIP","floor":11},{"not_picked":["Pommel Strike","Havoc"],"picked":"Heavy Blade","floor":12}],"player_experience":713063,"relics_obtained":[{"floor":6,"key":"Bottled Flame"}],"event_choices":[{"cards_removed":["Defend_R"],"damage_healed":0,"gold_gain":0,"player_choice":"Purged","damage_taken":0,"max_hp_gain":0,"max_hp_loss":0,"event_name":"Purifier","floor":4,"gold_loss":0}],"is_beta":false,"boss_relics":[],"items_purged_floors":[],"is_endless":false,"potions_floor_spawned":[1,12],"killed_by":"3 Sentries","ascension_level":12}}