{"host":"2pt9f5ojqg0apn28","time":1609999208,"event":{"mods":["AchievementEnabler","BaseMod","Better Altar","Better Match","Better Note","Better Sensory Stone","Better Skull","Better Third Choice","Colored Map","Colored Powertips","Downfall","Hubris","Infinite Spire","Minty Spire (QoL Compilation)","Replay The Spire","StSLib"],"gold_per_floor":[112,112,131,148,148,148,174,174,200,235,235,32,50,63,63,63,63],"floor_reached":16,"playtime":580,"items_purged":[],"score":121,"play_id":"c264abe4-3374-4784-8582-e42ff78e0a4b","local_time":"20210107110008","is_ascension_mode":true,"campfire_choices":[{"data":"Neutralize","floor":6,"key":"SMITH"},{"data":"Terror","floor":8,"key":"SMITH"},{"data":"Sucker Punch","floor":15,"key":"SMITH"}],"circlet_count":0,"master_deck":["Strike_G","Strike_G","Strike_G","Strike_G","Defend_G","Defend_G","Defend_G","Defend_G","Defend_G","Survivor","Neutralize+1","Hidden Blade","Outmaneuver","Infinite Blades","Poisoned Stab","Terror+1","Sucker Punch+1","Regret","ReplayTheSpireMod:Shiv Toss+1"],"relics":["Busted Crown","hubris:Icosahedron","Iron Hammer","hubris:SlimyHat","Replay:WaspNest","Replay:Ringing Soul","hubris:OldNail"],"acts_visited":["Exordium"],"potions_floor_usage":[],"damage_taken":[{"damage":2,"enemies":"2 Louse","floor":1,"turns":3},{"damage":0,"enemies":"Cultist","floor":3,"turns":4},{"damage":2,"enemies":"Jaw Worm","floor":4,"turns":3},{"damage":9,"enemies":"Lagavulin","floor":7,"turns":8},{"damage":5,"enemies":"Gremlin Nob","floor":10,"turns":3},{"damage":4,"enemies":"Looter","floor":13,"turns":3},{"damage":12,"enemies":"Gremlin Gang","floor":14,"turns":4},{"damage":62,"enemies":"Fading Forest","floor":16,"turns":9}],"seed_played":"-7069122693676324505","potions_obtained":[{"floor":1,"key":"LiquidBronze"},{"floor":7,"key":"Ancient Potion"},{"floor":10,"key":"Milkshake"},{"floor":13,"key":"FearPotion"}],"is_trial":false,"path_per_floor":["M","?","M","M","?","R","E","R","T","E","?","$","M","M","R","B"],"character_chosen":"THE_SILENT","items_purchased":["hubris:OldNail","ReplayTheSpireMod:Shiv Toss+1"],"campfire_rested":0,"item_purchase_floors":[12,12],"current_hp_per_floor":[68,68,68,66,66,66,57,57,57,52,55,58,54,42,42,0,0],"gold":63,"neow_bonus":"BOSS_RELIC","is_daily":false,"chose_seed":false,"campfire_upgraded":3,"win_rate":0.0,"timestamp":1609999208,"path_taken":["M","?","?","M","?","R","E","R","T","E","?","$","M","M","R","BOSS"],"items_purchased_type":["Relic","Card"],"build_version":"2020-12-22","purchased_purges":0,"victory":false,"max_hp_per_floor":[70,70,70,70,70,70,70,70,70,70,73,76,76,76,76,76,76],"card_choices":[{"not_picked":[],"picked":"Hidden Blade","floor":1},{"not_picked":[],"picked":"Infinite Blades","floor":3},{"not_picked":[],"picked":"Poisoned Stab","floor":4},{"not_picked":[],"picked":"Terror","floor":7},{"not_picked":[],"picked":"Sucker Punch","floor":10},{"not_picked":["Dodge and Roll"],"picked":"SKIP","floor":13},{"not_picked":["ReplayTheSpireMod:Tripwire"],"picked":"SKIP","floor":14}],"player_experience":78526,"relics_obtained":[{"floor":7,"key":"Iron Hammer"},{"floor":9,"key":"hubris:SlimyHat"},{"floor":10,"key":"Replay:WaspNest"}],"event_choices":[{"damage_healed":0,"gold_gain":0,"cards_transformed":["Strike_G"],"player_choice":"Transformed","damage_taken":0,"max_hp_gain":0,"max_hp_loss":0,"event_name":"Transmorgrifier","floor":2,"gold_loss":0,"cards_obtained":["Outmaneuver"]},{"damage_healed":0,"gold_gain":0,"player_choice":"Box","damage_taken":0,"relics_obtained":["Replay:Ringing Soul"],"max_hp_gain":0,"max_hp_loss":0,"event_name":"Big Fish","floor":11,"gold_loss":0,"cards_obtained":["Regret"]}],"is_beta":false,"boss_relics":[],"items_purged_floors":[],"is_endless":false,"potions_floor_spawned":[1,7,10,13],"killed_by":"Fading Forest","ascension_level":2}}