{"host":"a5lz0e76zb3fcwkm","time":1609994875,"event":{"mods":["AchievementEnabler","BaseMod","Colored Map","Colored Powertips","Minty Spire (QoL Compilation)","StSLib","SuperFastMode"],"gold_per_floor":[119,119,119,119,32,32,73,73,73,97,97,97],"floor_reached":11,"playtime":113,"items_purged":[],"score":188,"play_id":"f5496256-f8c6-4cc5-bed4-2d742fd6e6e5","local_time":"20210107134755","is_ascension_mode":true,"campfire_choices":[{"data":"Evolve","floor":6.0,"key":"SMITH"},{"data":"Corruption","floor":8.0,"key":"SMITH"}],"circlet_count":0,"master_deck":["AscendersBane","Strike_R","Strike_R","Strike_R","Strike_R","Defend_R","Defend_R","Defend_R+1","Defend_R","Bash+1","Perfected Strike","Evolve+1","Corruption+1","Wild Strike"],"relics":["Burning Blood","NeowsBlessing","Golden Idol","Regal Pillow"],"acts_visited":["Exordium"],"potions_floor_usage":[11],"damage_taken":[{"damage":0.0,"enemies":"2 Louse","floor":1.0,"turns":1.0},{"damage":0.0,"enemies":"Gremlin Nob","floor":7.0,"turns":1.0},{"damage":0.0,"enemies":"Jaw Worm","floor":10.0,"turns":1.0},{"damage":0,"enemies":"Lagavulin","floor":11,"turns":3}],"seed_played":"2596999593859848133","potions_obtained":[{"floor":1.0,"key":"LiquidMemories"}],"is_trial":false,"path_per_floor":["M","?","?","?","$","R","E","R","T","M","E"],"character_chosen":"IRONCLAD","items_purchased":["Evolve"],"campfire_rested":0,"item_purchase_floors":[5],"current_hp_per_floor":[74,51,25,18,18,18,24,24,24,30,30,30],"gold":97,"neow_bonus":"THREE_ENEMY_KILL","is_daily":false,"chose_seed":false,"campfire_upgraded":2,"win_rate":0.0,"timestamp":1609994875,"path_taken":["M","?","?","?","$","R","E","R","T","M","E"],"items_purchased_type":["Card"],"build_version":"2020-12-22","purchased_purges":0,"victory":false,"max_hp_per_floor":[75,75,75,75,75,75,75,75,75,75,75,75],"card_choices":[{"not_picked":["Thunderclap","Heavy Blade"],"picked":"Perfected Strike","floor":1.0},{"not_picked":["Intimidate","Seeing Red"],"picked":"Corruption","floor":7.0},{"not_picked":["Perfected Strike","Havoc"],"picked":"Wild Strike","floor":10.0}],"player_experience":1688486,"relics_obtained":[{"floor":7.0,"key":"Regal Pillow"}],"event_choices":[{"damage_healed":0.0,"max_hp_gain":0.0,"max_hp_loss":0.0,"gold_gain":0.0,"event_name":"Shining Light","player_choice":"Entered Light","floor":2.0,"gold_loss":0.0,"damage_taken":23.0,"cards_upgraded":["Defend_R","Bash"]},{"damage_healed":0.0,"max_hp_gain":0.0,"max_hp_loss":0.0,"gold_gain":0.0,"event_name":"Golden Idol","player_choice":"Take Damage","floor":3.0,"gold_loss":0.0,"damage_taken":26.0,"relics_obtained":["Golden Idol"]},{"cards_removed":["Strike_R"],"damage_healed":0.0,"max_hp_gain":0.0,"max_hp_loss":0.0,"gold_gain":0.0,"event_name":"Golden Wing","player_choice":"Card Removal","floor":4.0,"gold_loss":0.0,"damage_taken":7.0}],"is_beta":false,"boss_relics":[],"items_purged_floors":[],"is_endless":false,"potions_floor_spawned":[1],"killed_by":"Lagavulin","ascension_level":20}}