{"host":"7zdktqb5xjtif29d","time":1609986776,"event":{"mods":["AchievementEnabler","BaseMod","Colored Map","Colored Powertips","Highlight Path","Minty Spire (QoL Compilation)","Rare Cards Sparkle","SuperFastMode","Waifu the Spire","everything is the same but u backflip on backflip"],"gold_per_floor":[109,119,119,119,143,187,187,220,220,185,204,204,247,261,261,261,261],"floor_reached":16,"playtime":490,"items_purged":[],"score":132,"play_id":"e9360afd-c444-4a90-9d51-526a58c0ccb4","local_time":"20210107023256","is_ascension_mode":true,"campfire_choices":[{"floor":7,"key":"REST"},{"floor":12,"key":"REST"},{"floor":15,"key":"REST"}],"circlet_count":0,"master_deck":["Strike_G","Strike_G","Strike_G","Strike_G","Strike_G","Defend_G","Defend_G","Defend_G","Defend_G","Defend_G","Survivor","Neutralize","Poisoned Stab","Flying Knee","Crippling Poison","Quick Slash","Poisoned Stab"],"relics":["Ring of the Snake","Golden Idol","Du-Vu Doll","Pantograph","The Courier"],"acts_visited":["Exordium"],"potions_floor_usage":[1,8,14,16],"damage_taken":[{"damage":2,"enemies":"2 Louse","floor":1,"turns":3},{"damage":0,"enemies":"Small Slimes","floor":2,"turns":3},{"damage":1,"enemies":"Cultist","floor":5,"turns":3},{"damage":38,"enemies":"Lagavulin","floor":6,"turns":8},{"damage":12,"enemies":"Gremlin Nob","floor":8,"turns":3},{"damage":0,"enemies":"Blue Slaver","floor":11,"turns":4},{"damage":61,"enemies":"Lagavulin","floor":13,"turns":10},{"damage":3,"enemies":"Gremlin Gang","floor":14,"turns":2},{"damage":71,"enemies":"Slime Boss","floor":16,"turns":11}],"seed_played":"-6476136005924753326","potions_obtained":[{"floor":1,"key":"Fruit Juice"},{"floor":6,"key":"AttackPotion"},{"floor":11,"key":"Explosive Potion"},{"floor":13,"key":"SkillPotion"}],"is_trial":false,"path_per_floor":["M","M","?","?","M","E","R","E","T","?","M","R","E","M","R","B"],"character_chosen":"THE_SILENT","items_purchased":[],"campfire_rested":3,"item_purchase_floors":[],"current_hp_per_floor":[80,80,60,60,59,21,45,33,33,53,53,77,16,13,37,0,0],"gold":261,"neow_bonus":"TEN_PERCENT_HP_BONUS","is_daily":false,"chose_seed":false,"campfire_upgraded":0,"win_rate":0.0,"timestamp":1609986776,"path_taken":["M","M","?","?","M","E","R","E","T","?","M","R","E","M","R","BOSS"],"items_purchased_type":[],"build_version":"2020-12-22","purchased_purges":0,"victory":false,"max_hp_per_floor":[82,82,82,82,82,82,82,82,82,82,82,82,82,82,82,82,82],"card_choices":[{"not_picked":["Dash","Eviscerate"],"picked":"Poisoned Stab","floor":1},{"not_picked":["Calculated Gamble","Caltrops"],"picked":"Flying Knee","floor":2},{"not_picked":["Slice","Setup"],"picked":"Crippling Poison","floor":5},{"not_picked":["Dagger Spray","Slice"],"picked":"Quick Slash","floor":6},{"not_picked":["Prepared","Blade Dance","Escape Plan"],"picked":"SKIP","floor":8},{"not_picked":["Accuracy","Dagger Spray","Slice"],"picked":"SKIP","floor":11},{"not_picked":["Dodge and Roll","Setup","Malaise"],"picked":"SKIP","floor":13},{"not_picked":["Blade Dance","Eviscerate"],"picked":"Poisoned Stab","floor":14}],"player_experience":197618,"relics_obtained":[{"floor":6,"key":"Du-Vu Doll"},{"floor":8,"key":"Pantograph"},{"floor":13,"key":"The Courier"}],"event_choices":[{"damage_healed":0,"gold_gain":0,"player_choice":"Take Damage","damage_taken":20,"relics_obtained":["Golden Idol"],"max_hp_gain":0,"max_hp_loss":0,"event_name":"Golden Idol","floor":3,"gold_loss":0},{"damage_healed":0,"gold_gain":0,"player_choice":"Ignored","damage_taken":0,"max_hp_gain":0,"max_hp_loss":0,"event_name":"Golden Wing","floor":4,"gold_loss":0},{"damage_healed":20,"gold_gain":0,"player_choice":"Healed","damage_taken":0,"max_hp_gain":0,"max_hp_loss":0,"event_name":"The Cleric","floor":10,"gold_loss":35}],"is_beta":false,"boss_relics":[],"items_purged_floors":[],"is_endless":false,"potions_floor_spawned":[1,6,11,13],"killed_by":"Slime Boss","ascension_level":2}}