{"host":"zjxcc3u4aqpoowwq","time":1609998054,"event":{"mods":["100% Spire Juice","2.2 Compatiblity","AchievementEnabler","BaseMod","Better Third Choice","CapriCore","Colored Map","Keyboard Shortcuts","Minty Spire (QoL Compilation)","StSLib"],"gold_per_floor":[96,171,171,184,64,91,91,106,106,138,150,150,163,177,177,274,274,286,286,286,306,321,321,347,358,384,384,384,404,27,38,38,137,137,152,152,152,152,152],"floor_reached":38,"playtime":1552,"items_purged":[],"score":499,"play_id":"3521eb63-f732-4cfe-86ff-bd32765984db","local_time":"20210107144054","is_ascension_mode":true,"campfire_choices":[{"floor":12.0,"key":"REST"},{"data":"Moonworks:AnotherUltimateWeapon","floor":15.0,"key":"SMITH"},{"floor":23.0,"key":"REST"},{"floor":27.0,"key":"REST"},{"data":"Moonworks:EvilSpyWorkPreparation","floor":32.0,"key":"SMITH"}],"circlet_count":0,"master_deck":["Moonworks:Ambush","Moonworks:LongDistanceShot","Moonworks:JonathanRush","Moonworks:Flamethrower","Moonworks:Flamethrower","Moonworks:JonathanRush","Moonworks:AnotherUltimateWeapon+1","Moonworks:JonathanRush","Moonworks:CrystalBarrier","Moonworks:Poppoformation","Moonworks:CloudOfSeagulls","Moonworks:AngelHand","Moonworks:HolyNight","Moonworks:JonathanRush","Moonworks:AnotherUltimateWeapon","Moonworks:CloudOfSeagulls","Moonworks:StarBlastingFuse","Moonworks:AngelHand","Moonworks:Dinner+1","Moonworks:LuckyCharm","Moonworks:EvilSpyWorkPreparation+1","Moonworks:JonathanRush","Moonworks:DeployBits","Moonworks:TacticalRetreat+1","Moonworks:MetallicMonocoque","Moonworks:DeployBits","Madness","Madness"],"relics":["Moonworks:BrokenBomb","Moonworks:Homemark","Bird Faced Urn","Dead Branch","Pandora\u0027s Box","Nloth\u0027s Gift","Eternal Feather","Ancient Tea Set","HornCleat","Membership Card","Molten Egg 2","Empty Cage"],"acts_visited":["TheCity","TheBeyond"],"potions_floor_usage":[33,38,38],"damage_taken":[{"damage":2.0,"enemies":"Small Slimes","floor":1.0,"turns":4.0},{"damage":4.0,"enemies":"2 Louse","floor":4.0,"turns":3.0},{"damage":15.0,"enemies":"3 Sentries","floor":6.0,"turns":7.0},{"damage":0.0,"enemies":"Cultist","floor":8.0,"turns":2.0},{"damage":10.0,"enemies":"Gremlin Nob","floor":10.0,"turns":3.0},{"damage":0.0,"enemies":"Blue Slaver","floor":11.0,"turns":2.0},{"damage":9.0,"enemies":"3 Louse","floor":13.0,"turns":2.0},{"damage":2.0,"enemies":"Red Slaver","floor":14.0,"turns":2.0},{"damage":12.0,"enemies":"The Guardian","floor":16.0,"turns":6.0},{"damage":2.0,"enemies":"3 Byrds","floor":18.0,"turns":2.0},{"damage":30.0,"enemies":"2 Thieves","floor":21.0,"turns":3.0},{"damage":51.0,"enemies":"Centurion and Healer","floor":22.0,"turns":5.0},{"damage":48.0,"enemies":"Slavers","floor":24.0,"turns":5.0},{"damage":7.0,"enemies":"Snecko","floor":25.0,"turns":4.0},{"damage":0.0,"enemies":"Snake Plant","floor":29.0,"turns":4.0},{"damage":27.0,"enemies":"Sentry and Sphere","floor":31.0,"turns":5.0},{"damage":21,"enemies":"Champ","floor":33,"turns":7},{"damage":25,"enemies":"Orb Walker","floor":35,"turns":4},{"damage":41,"enemies":"3 Darklings","floor":38,"turns":1}],"seed_played":"-5057969163547203497","potions_obtained":[{"floor":4.0,"key":"SneckoOil"},{"floor":13.0,"key":"Fire Potion"},{"floor":14.0,"key":"Strength Potion"},{"floor":16.0,"key":"Strength Potion"},{"floor":24.0,"key":"SkillPotion"},{"floor":25.0,"key":"LiquidBronze"}],"is_trial":false,"path_per_floor":["M","?","?","M","?","E","?","M","T","E","M","R","M","M","R","B",null,"M","?","?","M","M","R","E","M","T","R","T","M","$","M","R","B",null,"M","?","?","M"],"character_chosen":"THE_STARBREAKER","items_purchased":["Membership Card","Moonworks:JonathanRush","Moonworks:DeployBits","Moonworks:AngelHand","Molten Egg 2"],"campfire_rested":3,"item_purchase_floors":[30,30,30,30,30],"current_hp_per_floor":[58,47,52,48,48,33,27,27,27,17,17,36,27,25,25,17,65,65,65,65,37,17,36,3,9,9,40,40,51,51,36,51,48,65,45,37,37,0,0],"gold":152,"neow_bonus":"HUNDRED_GOLD","is_daily":false,"chose_seed":false,"campfire_upgraded":2,"win_rate":0.0,"timestamp":1609998054,"path_taken":["M","?","?","M","?","E","?","M","T","E","?","R","M","M","R","BOSS","M","?","?","?","M","R","E","M","T","R","?","M","$","?","R","BOSS","M","?","?","M"],"items_purchased_type":["Relic","Card","Card","Card","Relic"],"build_version":"2020-12-22","purchased_purges":0,"victory":false,"max_hp_per_floor":[60,60,65,65,65,65,65,65,65,65,65,65,65,65,65,65,65,65,65,65,65,65,65,65,65,65,65,65,65,65,65,65,65,65,65,65,65,65,65],"card_choices":[{"not_picked":["Moonworks:LulusLuckyEgg","Moonworks:TacticalRetreat"],"picked":"Moonworks:JonathanRush","floor":1.0},{"not_picked":["Moonworks:MixPhenomenon","Moonworks:SelfDestruct"],"picked":"Moonworks:Flamethrower","floor":4.0},{"not_picked":["Moonworks:IndiscriminateFireSupport","Moonworks:SakisCookie"],"picked":"Moonworks:Flamethrower","floor":6.0},{"not_picked":["Moonworks:x16BigRocket","Moonworks:ImmovableObject","Moonworks:UnpaidWork"],"picked":"SKIP","floor":8.0},{"not_picked":["Moonworks:Assault","Moonworks:FinalSurgery"],"picked":"Moonworks:WindyEnchantment","floor":10.0},{"not_picked":["Moonworks:ImOnFire","Moonworks:BigMagnum"],"picked":"Moonworks:JonathanRush","floor":11.0},{"not_picked":["Moonworks:Heat300Percent","Moonworks:ImOnFire"],"picked":"Moonworks:AnotherUltimateWeapon","floor":13.0},{"not_picked":["Moonworks:MixPhenomenon","Moonworks:SakisCookie"],"picked":"Moonworks:JonathanRush","floor":14.0},{"not_picked":["Moonworks:MetallicMonocoque","Moonworks:FinalBattle"],"picked":"Moonworks:CrystalBarrier","floor":16.0},{"not_picked":["Moonworks:LuckyCharm","Moonworks:WindyEnchantment+1"],"picked":"Moonworks:CloudOfSeagulls","floor":18.0},{"not_picked":["Moonworks:Assault","Moonworks:Gamble"],"picked":"Moonworks:AngelHand","floor":21.0},{"not_picked":["Moonworks:SakisCookie+1","Moonworks:ImOnFire"],"picked":"Moonworks:Dinner+1","floor":22.0},{"not_picked":["Moonworks:ImOnFire+1","Moonworks:SelfDestruct"],"picked":"Moonworks:LuckyCharm","floor":24.0},{"not_picked":["Moonworks:x16BigRocket","Moonworks:MiracleWalker","Moonworks:WindyEnchantment"],"picked":"SKIP","floor":25.0},{"not_picked":["Moonworks:IndiscriminateFireSupport","Moonworks:MiracleWalker"],"picked":"Moonworks:EvilSpyWorkPreparation","floor":29.0},{"not_picked":["Moonworks:SakisCookie","Moonworks:ImOnFire+1"],"picked":"Moonworks:TacticalRetreat+1","floor":31.0},{"not_picked":["Moonworks:StarBlastingFuse","Moonworks:SubspaceTunnel"],"picked":"Moonworks:MetallicMonocoque","floor":33},{"not_picked":["Moonworks:BigMagnum+1","Moonworks:Assault+1"],"picked":"Moonworks:DeployBits","floor":35}],"player_experience":824228,"relics_obtained":[{"floor":6.0,"key":"Bird Faced Urn"},{"floor":9.0,"key":"Moonworks:LittleGull"},{"floor":10.0,"key":"Dead Branch"},{"floor":24.0,"key":"Eternal Feather"},{"floor":26.0,"key":"Ancient Tea Set"},{"floor":28.0,"key":"HornCleat"}],"event_choices":[{"damage_healed":0.0,"max_hp_gain":0.0,"max_hp_loss":0.0,"gold_gain":75.0,"event_name":"betterThird:BetterGoop","player_choice":"Gold","floor":2.0,"gold_loss":0.0,"damage_taken":11.0},{"damage_healed":0.0,"max_hp_gain":5.0,"max_hp_loss":0.0,"gold_gain":0.0,"event_name":"Big Fish","player_choice":"Donut","floor":3.0,"gold_loss":0.0,"damage_taken":0.0},{"damage_healed":0.0,"max_hp_gain":0.0,"max_hp_loss":0.0,"gold_gain":0.0,"event_name":"The Cleric","player_choice":"Leave","floor":5.0,"gold_loss":0.0,"damage_taken":0.0},{"damage_healed":0.0,"max_hp_gain":0.0,"max_hp_loss":0.0,"gold_gain":0.0,"event_name":"Wheel of Change","player_choice":"Damaged","floor":7.0,"gold_loss":0.0,"damage_taken":6.0},{"damage_healed":0.0,"max_hp_gain":0.0,"max_hp_loss":0.0,"gold_gain":0.0,"cards_transformed":["Moonworks:ScrambledEve","Moonworks:LulusLuckyEgg"],"event_name":"Drug Dealer","player_choice":"Became Test Subject","floor":19.0,"gold_loss":0.0,"damage_taken":0.0,"cards_obtained":["Moonworks:StarBlastingFuse","Moonworks:LeapThroughSpace"]},{"damage_healed":0.0,"max_hp_gain":0.0,"max_hp_loss":0.0,"gold_gain":0.0,"event_name":"N\u0027loth","player_choice":"Traded Relic","floor":20.0,"relics_lost":["Moonworks:LittleGull"],"gold_loss":0.0,"damage_taken":0.0,"relics_obtained":["Nloth\u0027s Gift"]},{"damage_healed":0,"gold_gain":0,"player_choice":"Embrace Madness","damage_taken":8,"max_hp_gain":0,"max_hp_loss":0,"event_name":"Winding Halls","floor":36,"gold_loss":0,"cards_obtained":["Madness","Madness"]},{"cards_removed":["Moonworks:AngelHand"],"damage_healed":0,"gold_gain":0,"player_choice":"Removed Skill","damage_taken":0,"max_hp_gain":0,"max_hp_loss":0,"event_name":"Falling","floor":37,"gold_loss":0}],"is_beta":false,"boss_relics":[{"not_picked":["Ectoplasm","Busted Crown"],"picked":"Pandora\u0027s Box"},{"not_picked":["Runic Dome","Runic Pyramid"],"picked":"Empty Cage"}],"items_purged_floors":[],"is_endless":false,"potions_floor_spawned":[4,13,14,16,24,25],"killed_by":"3 Darklings","ascension_level":2}}