{"host":"61xbmbtf5zrn7rzc","time":1609995196,"event":{"mods":["BaseMod","Challenge The Spire","Hubris","Minty Spire (QoL Compilation)","Replay The Spire","StSLib","SuperFastMode","The Marked"],"gold_per_floor":[117,117,128,128,9,36,36,68,68,102,114,148,70,90,90,165,165,177,177,188,202,227,259,259,293,346,361,361,16,16,46,46,122,122,132,132,182,182,207,238,238,270,270,297,297,310,322,354,354,354,354],"floor_reached":50,"playtime":2534,"items_purged":["Delirium"],"score":2234,"play_id":"53fdd44b-936e-4fb9-8230-76680b64dfaf","local_time":"20210106235316","daily_mods":["SealedDeck","Heirloom","DeadlyEvents","Elite Swarm"],"is_ascension_mode":true,"campfire_choices":[{"data":"Barricade","floor":7,"key":"SMITH"},{"data":"Iron Wave","floor":15,"key":"SMITH"},{"floor":24,"key":"REST"},{"floor":28,"key":"REST"},{"data":"Offering","floor":30,"key":"SMITH"},{"data":"Armaments","floor":32,"key":"SMITH"},{"floor":41,"key":"REST"},{"floor":45,"key":"REST"},{"floor":49,"key":"REST"}],"circlet_count":0,"master_deck":["Shrug It Off","Pommel Strike","Iron Wave+1","Iron Wave","Armaments","Armaments","Armaments+1","Spot Weakness","Life Link","Metallicize","Body Slam+1","Barricade+1","Juggernaut","Offering+1","Rage","Pummel","Juggernaut","Impervious","Offering+1","Offering+1"],"relics":["Burning Blood","WingedGreaves","Mercury Hourglass","Akabeko","hubris:Metronome","Bottled Flame","ReplayTheSpireMod:Shallot","SacredBark","Replay:Kaleidoscope","Paper Frog","Golden Egg","Replay:Mystery Machine","HornCleat","Mirror","Turnip","Shuriken","ReplayTheSpireMod:Spearhead","Question Card","hubris:DeckOfHolding","Meat on the Bone"],"acts_visited":["Exordium","TheCity","TheBeyond"],"potions_floor_usage":[8,12,21,22,25,33,33,44,48,50],"damage_taken":[{"damage":0,"enemies":"Small Slimes","floor":1,"turns":2},{"damage":2,"enemies":"2 Louse","floor":3,"turns":2},{"damage":4,"enemies":"Replay:BlueRogue","floor":6,"turns":7},{"damage":12,"enemies":"3 Sentries","floor":8,"turns":7},{"damage":15,"enemies":"Replay:BlueRogue","floor":10,"turns":4},{"damage":13,"enemies":"Jaw Worm","floor":11,"turns":3},{"damage":18,"enemies":"3 Sentries","floor":12,"turns":4},{"damage":6,"enemies":"Exordium Thugs","floor":14,"turns":3},{"damage":17,"enemies":"Hexaghost","floor":16,"turns":8},{"damage":7,"enemies":"2 Thieves","floor":18,"turns":4},{"damage":6,"enemies":"Chosen","floor":20,"turns":3},{"damage":6,"enemies":"Snecko","floor":21,"turns":6},{"damage":36,"enemies":"Gremlin Leader","floor":22,"turns":6},{"damage":22,"enemies":"Replay:Snechameleon","floor":23,"turns":7},{"damage":6,"enemies":"Book of Stabbing","floor":25,"turns":4},{"damage":15,"enemies":"3 Cultists","floor":27,"turns":4},{"damage":12,"enemies":"Gremlin Leader","floor":31,"turns":4},{"damage":20,"enemies":"Pondfish","floor":33,"turns":6},{"damage":18,"enemies":"3 Darklings","floor":35,"turns":3},{"damage":18,"enemies":"R_Hoarder","floor":39,"turns":8},{"damage":18,"enemies":"Nemesis","floor":40,"turns":7},{"damage":18,"enemies":"Giant Head","floor":42,"turns":5},{"damage":28,"enemies":"Nemesis","floor":44,"turns":7},{"damage":18,"enemies":"Orb Walker","floor":46,"turns":2},{"damage":18,"enemies":"Jaw Worm Horde","floor":47,"turns":4},{"damage":12,"enemies":"Reptomancer","floor":48,"turns":8},{"damage":42,"enemies":"Awakened One","floor":50,"turns":6}],"seed_played":"3654562669359200811","potions_obtained":[{"floor":3,"key":"Elixir"},{"floor":6,"key":"DuplicationPotion"},{"floor":12,"key":"BlessingOfTheForge"},{"floor":16,"key":"FearPotion"},{"floor":23,"key":"LiquidMemories"},{"floor":25,"key":"SkillPotion"},{"floor":27,"key":"EssenceOfSteel"},{"floor":42,"key":"DistilledChaos"},{"floor":46,"key":"Strength Potion"},{"floor":47,"key":"AttackPotion"}],"is_trial":true,"path_per_floor":["M","?","M","?","$","E","R","E","T","E","M","E","$","M","R","B",null,"M","?","M","M","E","E","R","E","T","M","R","$","R","E","R","B",null,"M","$","?","$","E","E","R","E","T","E","R","M","M","E","R","B"],"character_chosen":"IRONCLAD","items_purchased":["Body Slam+1","Rage","HornCleat","EssenceOfSteel"],"campfire_rested":5,"item_purchase_floors":[5,13,29,29],"current_hp_per_floor":[74,67,71,71,71,73,73,67,67,58,51,39,39,39,39,28,63,62,62,62,62,32,16,38,38,38,29,51,51,51,45,45,31,64,52,52,52,52,40,28,50,38,38,16,38,26,14,8,30,0,0],"gold":354,"neow_bonus":"","is_daily":false,"chose_seed":false,"campfire_upgraded":4,"win_rate":0.0,"timestamp":1609995196,"path_taken":["M","?","M","?","$","E","R","E","T","E","?","E","$","M","R","BOSS","M","?","?","?","?","E","R","E","T","M","R","?","R","E","R","BOSS","M","$","?","$","?","E","R","E","T","E","R","M","?","E","R","BOSS"],"items_purchased_type":["Card","Card","Relic","Potion"],"build_version":"2020-12-22","purchased_purges":1,"victory":false,"max_hp_per_floor":[75,75,75,75,75,75,75,75,75,75,75,75,75,75,75,75,75,75,75,75,75,75,75,75,75,75,75,75,75,75,75,75,75,75,75,75,75,75,75,75,75,75,75,75,75,75,75,75,75,75,75],"card_choices":[{"not_picked":["Iron Wave","Anger"],"picked":"Life Link","floor":1},{"not_picked":["Heavy Blade","Cleave"],"picked":"Metallicize","floor":3},{"not_picked":["Eclipse","hubris:StunningStrike"],"picked":"Barricade","floor":6},{"not_picked":["Berserk","Offering"],"picked":"Juggernaut","floor":8},{"not_picked":["Replay:Many Hands","Feed"],"picked":"Offering","floor":10},{"not_picked":["Battle Trance","Heavy Blade","Sword Boomerang"],"picked":"SKIP","floor":11},{"not_picked":["Immolate","Hemogenesis","Replay:Many Hands"],"picked":"SKIP","floor":12},{"not_picked":["Bloodletting","Heavy Blade","Evolve"],"picked":"SKIP","floor":14},{"not_picked":["Massacre","Perfected Strike+1","Headbutt"],"picked":"SKIP","floor":18},{"not_picked":["Heavy Blade","Clothesline","True Grit"],"picked":"SKIP","floor":20},{"not_picked":["Headbutt","Seeing Red"],"picked":"Juggernaut","floor":21},{"not_picked":["Replay:Many Hands","Eclipse"],"picked":"Impervious","floor":22},{"not_picked":["Immolate","Feed","Hemogenesis"],"picked":"SKIP","floor":23},{"not_picked":["Fiend Fire","Corruption"],"picked":"Offering","floor":25},{"not_picked":["Sword Boomerang","Body Slam","Rampage+1"],"picked":"SKIP","floor":27},{"not_picked":["Impervious","Replay:Many Hands","Brutality"],"picked":"SKIP","floor":31},{"not_picked":["Reaper","Double Tap"],"picked":"Offering","floor":33},{"not_picked":["Havoc+1","Metallicize","Sentinel"],"picked":"SKIP","floor":35},{"not_picked":["Bludgeon","Corruption","Feed"],"picked":"SKIP","floor":39},{"not_picked":["Feed","Fiend Fire","Demon Form"],"picked":"SKIP","floor":40},{"not_picked":["Replay:Many Hands","Offering","Bludgeon"],"picked":"SKIP","floor":42},{"not_picked":["Corruption","Feed","Offering","Hemogenesis"],"picked":"SKIP","floor":44},{"not_picked":["Anger","Pummel","Sentinel","Metallicize"],"picked":"SKIP","floor":46},{"not_picked":["Iron Wave","Sentinel","Flex","Shrug It Off"],"picked":"SKIP","floor":47},{"not_picked":["Limit Break","Demonic Infusion","Eclipse","Corruption"],"picked":"SKIP","floor":48}],"player_experience":106922,"relics_obtained":[{"floor":6,"key":"Mercury Hourglass"},{"floor":8,"key":"Akabeko"},{"floor":9,"key":"hubris:Metronome"},{"floor":10,"key":"Bottled Flame"},{"floor":12,"key":"ReplayTheSpireMod:Shallot"},{"floor":22,"key":"Replay:Kaleidoscope"},{"floor":23,"key":"Paper Frog"},{"floor":25,"key":"Golden Egg"},{"floor":26,"key":"Replay:Mystery Machine"},{"floor":31,"key":"Mirror"},{"floor":39,"key":"Turnip"},{"floor":40,"key":"Shuriken"},{"floor":42,"key":"ReplayTheSpireMod:Spearhead"},{"floor":43,"key":"Question Card"},{"floor":44,"key":"hubris:DeckOfHolding"},{"floor":48,"key":"Meat on the Bone"}],"event_choices":[{"cards_removed":["Cleave"],"damage_healed":0,"gold_gain":0,"player_choice":"Card Removal","damage_taken":7,"max_hp_gain":0,"max_hp_loss":0,"event_name":"Golden Wing","floor":2,"gold_loss":0},{"damage_healed":0,"gold_gain":0,"cards_transformed":["Cleave"],"player_choice":"Transformed","damage_taken":0,"max_hp_gain":0,"max_hp_loss":0,"event_name":"Transmorgrifier","floor":19,"gold_loss":0,"cards_obtained":["Pummel"]},{"damage_healed":0,"gold_gain":50,"player_choice":"Pray","damage_taken":0,"max_hp_gain":0,"max_hp_loss":0,"event_name":"Golden Shrine","floor":37,"gold_loss":0}],"is_beta":false,"boss_relics":[{"not_picked":["Mark of Pain","hubris:Stopwatch"],"picked":"SacredBark"},{"not_picked":["hubris:BlackHole","Electric Blood","hubris:RunicObelisk"]}],"items_purged_floors":[5],"is_endless":false,"potions_floor_spawned":[3,6,12,16,20,23,25,27,42,46,47],"killed_by":"Awakened One","ascension_level":20}}