{"host":"2lrkmsuh7nz013qb","time":1609985343,"event":{"mods":["BaseMod","Colored Map","DeckTracker","Minty Spire (QoL Compilation)","SuperFastMode","everything is the same but u backflip on backflip"],"gold_per_floor":[110,123,136,146,71,71,71,99,147,167,184,184,84,94,94,94,94],"floor_reached":16,"playtime":428,"items_purged":["Strike_G","Strike_G"],"score":188,"play_id":"e9e9268c-1c64-47b0-86c7-89a810a381c1","local_time":"20210107110903","is_ascension_mode":true,"campfire_choices":[{"data":"Blade Dance","floor":6,"key":"SMITH"},{"floor":12,"key":"REST"},{"data":"Neutralize","floor":15,"key":"SMITH"}],"circlet_count":0,"master_deck":["AscendersBane","Strike_G","Strike_G","Strike_G","Defend_G","Defend_G","Defend_G","Defend_G","Defend_G","Survivor","Neutralize+1","Skewer","Calculated Gamble","Flying Knee","Blade Dance+1","Acrobatics","Well Laid Plans","PiercingWail"],"relics":["Philosopher\u0027s Stone","Odd Mushroom"],"acts_visited":["Exordium"],"potions_floor_usage":[8,16,16],"damage_taken":[{"damage":4,"enemies":"Cultist","floor":1,"turns":5},{"damage":4,"enemies":"2 Louse","floor":2,"turns":3},{"damage":8,"enemies":"Small Slimes","floor":3,"turns":4},{"damage":7,"enemies":"Looter","floor":4,"turns":2},{"damage":3,"enemies":"The Mushroom Lair","floor":8,"turns":3},{"damage":22,"enemies":"Exordium Wildlife","floor":10,"turns":4},{"damage":14,"enemies":"Gremlin Gang","floor":11,"turns":4},{"damage":10,"enemies":"Blue Slaver","floor":14,"turns":4},{"damage":18,"enemies":"Hexaghost","floor":16,"turns":8}],"seed_played":"3940962833552589610","potions_obtained":[{"floor":3,"key":"Weak Potion"},{"floor":4,"key":"Fire Potion"},{"floor":10,"key":"Poison Potion"},{"floor":14,"key":"DuplicationPotion"}],"is_trial":false,"path_per_floor":["M","M","M","M","$","R","?","?","T","M","M","R","$","M","R","B"],"character_chosen":"THE_SILENT","items_purchased":[],"campfire_rested":1,"item_purchase_floors":[],"current_hp_per_floor":[55,51,43,36,36,36,41,38,38,16,2,23,23,13,13,0,0],"gold":94,"neow_bonus":"BOSS_RELIC","is_daily":false,"chose_seed":false,"campfire_upgraded":2,"win_rate":0.0,"timestamp":1609985343,"path_taken":["M","M","M","?","$","R","?","?","T","M","M","R","$","M","R","BOSS"],"items_purchased_type":[],"build_version":"2020-12-22","purchased_purges":2,"victory":false,"max_hp_per_floor":[66,66,66,66,66,66,71,71,71,71,71,71,71,71,71,71,71],"card_choices":[{"not_picked":["Underhanded Strike","Outmaneuver"],"picked":"Skewer","floor":1},{"not_picked":["Cloak And Dagger","Deflect"],"picked":"Calculated Gamble","floor":2},{"not_picked":["Infinite Blades","Slice"],"picked":"Flying Knee","floor":3},{"not_picked":["Finisher","Heel Hook"],"picked":"Blade Dance","floor":4},{"not_picked":["Dash","Dodge and Roll"],"picked":"Acrobatics","floor":8},{"not_picked":["Corpse Explosion","Acrobatics"],"picked":"Well Laid Plans","floor":10},{"not_picked":["Deflect","Riddle With Holes","Setup"],"picked":"SKIP","floor":11},{"not_picked":["Cloak And Dagger","Dagger Spray"],"picked":"PiercingWail","floor":14}],"player_experience":735624,"relics_obtained":[{"floor":8,"key":"Odd Mushroom"}],"event_choices":[{"damage_healed":0,"gold_gain":0,"player_choice":"Donut","damage_taken":0,"max_hp_gain":5,"max_hp_loss":0,"event_name":"Big Fish","floor":7,"gold_loss":0},{"damage_healed":0,"gold_gain":0,"player_choice":"Fought Mushrooms","damage_taken":0,"max_hp_gain":0,"max_hp_loss":0,"event_name":"Mushrooms","floor":8,"gold_loss":0}],"is_beta":false,"boss_relics":[],"items_purged_floors":[5,13],"is_endless":false,"potions_floor_spawned":[3,4,10,14],"killed_by":"Hexaghost","ascension_level":20}}