{"host":"waq1ashgqt0tulkv","time":1609978925,"event":{"mods":["Aspiration","BaseMod","BetterRewards","Colored Powertips","Conspire","Downfall","Duelist Mod","Hermit","Hubris","Infinite Spire","Minty Spire (QoL Compilation)","Quick Restart","Rare Cards Sparkle","Replay The Spire","StSLib","SuperFastMode","The Animator","The Bug Knight","The Construct","The Cursed","The Disciple","The Hierophant","The Necromancer","The Runesmith","The Servant 0.9.4","egg"],"gold_per_floor":[112,112,112,127,7,37,37,49,49,49,59,59,85,99,99,199,199,209,209,209,220,233,233,233],"floor_reached":23,"playtime":1184,"items_purged":[],"score":241,"play_id":"9683074d-9597-45a1-b6d1-f26913396acb","local_time":"20210106172205","is_ascension_mode":false,"campfire_choices":[{"floor":7,"key":"REST"},{"floor":10,"key":"REST"},{"data":"ThirdEye","floor":12,"key":"SMITH"},{"data":"BowlingBash","floor":15,"key":"SMITH"}],"circlet_count":0,"master_deck":["Strike_P","Strike_P","Strike_P","Strike_P","Defend_P","Defend_P","Defend_P","Defend_P","Eruption","Vigilance","BowlingBash+1","JustLucky","Injury","EmptyFist+1","Weave+1","Protect","Replay:Vibes","ThirdEye+1","FlurryOfBlows+1","FlyingSleeves+1","SashWhip+1","Judgement","BowlingBash+1","Wallop+1","PathToVictory","EmptyMind"],"relics":["HolyWater","Molten Egg 2","Orichalcum","hubris:MysteriousPyramids","Frozen Egg 2","Odd Mushroom","Replay:Mystery Machine"],"acts_visited":["Exordium","TheCity"],"potions_floor_usage":[13,16,16],"damage_taken":[{"damage":0,"enemies":"2 Louse","floor":1,"turns":2},{"damage":1,"enemies":"Cultist","floor":4,"turns":4},{"damage":41,"enemies":"Gremlin Nob","floor":6,"turns":4},{"damage":2,"enemies":"Small Slimes","floor":8,"turns":3},{"damage":0,"enemies":"Looter","floor":11,"turns":1},{"damage":11,"enemies":"The Mushroom Lair","floor":13,"turns":5},{"damage":0,"enemies":"2 Fungi Beasts","floor":14,"turns":2},{"damage":0,"enemies":"Slime Boss","floor":16,"turns":5},{"damage":0,"enemies":"3 Byrds","floor":18,"turns":5},{"damage":5,"enemies":"Chosen","floor":21,"turns":4},{"damage":22,"enemies":"Shelled Parasite and Fungi","floor":22,"turns":8},{"damage":49,"enemies":"Gremlin Leader","floor":23,"turns":6}],"seed_played":"2876302237739392137","potions_obtained":[{"floor":4,"key":"Swift Potion"},{"floor":6,"key":"BlessingOfTheForge"},{"floor":11,"key":"Weak Potion"},{"floor":13,"key":"AttackPotion"},{"floor":21,"key":"Elixir"}],"is_trial":false,"path_per_floor":["M","?","T","M","$","E","R","M","T","R","M","R","?","M","R","B",null,"M","?","?","M","M","E"],"character_chosen":"WATCHER","items_purchased":["Weave+1","Protect"],"campfire_rested":2,"item_purchase_floors":[5,5],"current_hp_per_floor":[72,72,72,71,71,30,51,49,49,70,70,70,59,59,59,59,72,72,72,72,67,45,0,0],"gold":233,"neow_bonus":"THREE_CARDS","is_daily":false,"chose_seed":false,"campfire_upgraded":2,"win_rate":0.0,"timestamp":1609978925,"path_taken":["M","?","?","?","$","E","R","M","T","R","M","R","?","M","R","BOSS","M","?","?","M","M","E"],"items_purchased_type":["Card","Card"],"build_version":"2020-12-13","purchased_purges":0,"victory":false,"max_hp_per_floor":[72,72,72,72,72,72,72,72,72,72,72,72,72,72,72,72,72,72,72,72,72,72,72,72],"card_choices":[{"not_picked":["FollowUp","SignatureMove"],"picked":"BowlingBash","floor":0},{"not_picked":["Collect","EmptyFist"],"picked":"JustLucky","floor":1},{"not_picked":["Adaptation","ClearTheMind"],"picked":"EmptyFist+1","floor":4},{"not_picked":["WindmillStrike+1","Ragnarok+1"],"picked":"Replay:Vibes","floor":6},{"not_picked":["EmptyBody","WaveOfTheHand"],"picked":"ThirdEye","floor":8},{"not_picked":["Replay:Vibes","Replay:AtTheReady"],"picked":"FlurryOfBlows+1","floor":11},{"not_picked":["Worship","Crescendo"],"picked":"FlyingSleeves+1","floor":13},{"not_picked":["Replay:ManipulateFuture","Replay:BluntJabs+1"],"picked":"SashWhip+1","floor":14},{"not_picked":["ConjureBlade","DeusExMachina"],"picked":"Judgement","floor":16},{"not_picked":["ThirdEye","EmptyFist+1"],"picked":"BowlingBash+1","floor":18},{"not_picked":["Evaluate","SashWhip+1"],"picked":"PathToVictory","floor":21},{"not_picked":["ThirdEye","Vengeance+1"],"picked":"EmptyMind","floor":22}],"player_experience":46967,"relics_obtained":[{"floor":3,"key":"Orichalcum"},{"floor":6,"key":"hubris:MysteriousPyramids"},{"floor":9,"key":"Frozen Egg 2"},{"floor":13,"key":"Odd Mushroom"}],"event_choices":[{"damage_healed":0,"gold_gain":0,"player_choice":"Fought Mushrooms","damage_taken":0,"max_hp_gain":0,"max_hp_loss":0,"event_name":"Mushrooms","floor":13,"gold_loss":0},{"damage_healed":0,"gold_gain":0,"player_choice":"Read","damage_taken":0,"max_hp_gain":0,"max_hp_loss":0,"event_name":"The Library","floor":19,"gold_loss":0,"cards_obtained":["Wallop"]},{"damage_healed":0,"gold_gain":0,"player_choice":"Gave Potion","damage_taken":0,"relics_obtained":["Replay:Mystery Machine"],"max_hp_gain":0,"max_hp_loss":0,"event_name":"WeMeetAgain","floor":20,"gold_loss":0}],"is_beta":false,"boss_relics":[{"not_picked":["Calling Bell","Replay:Bronze Core"],"picked":"HolyWater"}],"items_purged_floors":[],"is_endless":false,"potions_floor_spawned":[4,6,11,13,21],"killed_by":"Gremlin Leader","ascension_level":0}}