{"host":"2lrkmsuh7nz013qb","time":1609987629,"event":{"mods":["BaseMod","Colored Map","DeckTracker","Minty Spire (QoL Compilation)","SuperFastMode","everything is the same but u backflip on backflip"],"gold_per_floor":[216,230,247,247,10,27,43,56,124,124,138,172,172,187,187,263,263,282,282,207,218,39,39,39,39,66,66,86,104,123,137,137,214,214,233,233,133,151,167,167,167,167,167],"floor_reached":42,"playtime":1490,"items_purged":["Strike_G","Strike_G"],"score":808,"play_id":"b75270d0-cfad-405d-b16d-bfda0475cc24","local_time":"20210107114709","is_ascension_mode":true,"campfire_choices":[{"data":"Acrobatics","floor":13.0,"key":"SMITH"},{"data":"Prepared","floor":15.0,"key":"SMITH"},{"floor":23.0,"key":"REST"},{"floor":25.0,"key":"REST"},{"data":"A Thousand Cuts","floor":27.0,"key":"SMITH"},{"floor":32.0,"key":"REST"},{"data":"Reflex","floor":40.0,"key":"SMITH"},{"data":"Tactician","floor":41.0,"key":"SMITH"}],"circlet_count":0,"master_deck":["AscendersBane","Strike_G+1","Defend_G","Defend_G","Defend_G","Defend_G","Defend_G","Survivor","Neutralize+1","Blade Dance","Dagger Throw","Escape Plan","Deadly Poison+1","Footwork","Acrobatics+1","Prepared+1","A Thousand Cuts+1","Underhanded Strike+1","Grand Finale+1","Reflex+1","Tactician+1","After Image"],"relics":["Ring of the Snake","Bag of Marbles","Molten Egg 2","WingedGreaves","HoveringKite","Whetstone","SacredBark","The Specimen"],"acts_visited":["Exordium","TheCity","TheBeyond"],"potions_floor_usage":[],"damage_taken":[{"damage":0.0,"enemies":"Cultist","floor":1.0,"turns":4.0},{"damage":0.0,"enemies":"Jaw Worm","floor":2.0,"turns":5.0},{"damage":7.0,"enemies":"Small Slimes","floor":3.0,"turns":4.0},{"damage":0.0,"enemies":"Exordium Wildlife","floor":6.0,"turns":3.0},{"damage":0.0,"enemies":"2 Fungi Beasts","floor":7.0,"turns":3.0},{"damage":7.0,"enemies":"Red Slaver","floor":8.0,"turns":3.0},{"damage":5.0,"enemies":"Gremlin Gang","floor":11.0,"turns":3.0},{"damage":7.0,"enemies":"Gremlin Nob","floor":12.0,"turns":3.0},{"damage":0.0,"enemies":"Exordium Wildlife","floor":14.0,"turns":4.0},{"damage":13.0,"enemies":"The Guardian","floor":16.0,"turns":10.0},{"damage":31.0,"enemies":"Chosen","floor":18.0,"turns":4.0},{"damage":17.0,"enemies":"Shell Parasite","floor":21.0,"turns":7.0},{"damage":11.0,"enemies":"Snake Plant","floor":28.0,"turns":2.0},{"damage":13.0,"enemies":"Snecko","floor":29.0,"turns":5.0},{"damage":4.0,"enemies":"Centurion and Healer","floor":30.0,"turns":3.0},{"damage":6.0,"enemies":"Snake Plant","floor":31.0,"turns":3.0},{"damage":16.0,"enemies":"Collector","floor":33.0,"turns":8.0},{"damage":0.0,"enemies":"Orb Walker","floor":35.0,"turns":3.0},{"damage":0.0,"enemies":"3 Shapes","floor":38.0,"turns":6.0},{"damage":44.0,"enemies":"Spire Growth","floor":39.0,"turns":5.0},{"damage":7,"enemies":"4 Shapes","floor":42,"turns":2}],"seed_played":"-5217709084773927312","potions_obtained":[{"floor":3.0,"key":"GhostInAJar"},{"floor":11.0,"key":"Fire Potion"},{"floor":12.0,"key":"SkillPotion"},{"floor":14.0,"key":"Fire Potion"},{"floor":28.0,"key":"Energy Potion"},{"floor":29.0,"key":"ColorlessPotion"},{"floor":33.0,"key":"Fire Potion"},{"floor":35.0,"key":"Swift Potion"}],"is_trial":false,"path_per_floor":["M","M","M","?","$","M","M","M","T","?","M","E","R","M","R","B",null,"M","?","?","M","$","R","$","R","T","R","M","M","M","M","R","B",null,"M","?","$","M","M","R","R","M"],"character_chosen":"THE_SILENT","items_purchased":["Bag of Marbles","Grand Finale+1"],"campfire_rested":3,"item_purchase_floors":[5,22],"current_hp_per_floor":[59,59,52,52,52,52,52,45,45,45,40,33,33,33,33,20,55,24,24,24,7,7,26,26,45,45,45,34,21,17,11,30,14,53,53,53,53,53,9,9,9,2,2],"gold":167,"neow_bonus":"HUNDRED_GOLD","is_daily":false,"chose_seed":false,"campfire_upgraded":5,"win_rate":0.0,"timestamp":1609987629,"path_taken":["M","M","M","?","$","M","M","M","T","?","?","E","R","M","R","BOSS","M","?","?","M","$","R","?","R","T","R","M","M","M","M","R","BOSS","M","?","$","?","M","R","R","?"],"items_purchased_type":["Relic","Card"],"build_version":"2020-12-22","purchased_purges":2,"victory":false,"max_hp_per_floor":[66,66,66,66,66,66,66,66,66,66,66,66,66,66,66,66,66,66,66,66,66,66,66,66,66,66,66,66,66,66,66,66,66,66,66,66,66,66,66,66,66,66,66],"card_choices":[{"not_picked":["Quick Slash","Noxious Fumes"],"picked":"Blade Dance","floor":1.0},{"not_picked":["Bane","Bouncing Flask"],"picked":"Dagger Throw","floor":2.0},{"not_picked":["Sucker Punch","Die Die Die","Poisoned Stab"],"picked":"SKIP","floor":3.0},{"not_picked":["Blade Dance","Choke"],"picked":"Escape Plan","floor":6.0},{"not_picked":["Outmaneuver","Setup"],"picked":"Deadly Poison","floor":7.0},{"not_picked":["Distraction","Choke"],"picked":"Footwork","floor":8.0},{"not_picked":["Leg Sweep","Escape Plan"],"picked":"Acrobatics","floor":11.0},{"not_picked":["Flechettes+1","Deadly Poison","Deflect"],"picked":"SKIP","floor":12.0},{"not_picked":["Dagger Spray+1","Deflect"],"picked":"Prepared","floor":14.0},{"not_picked":["Glass Knife+1","Bullet Time"],"picked":"A Thousand Cuts","floor":16.0},{"not_picked":["Riddle With Holes+1","Dagger Spray+1"],"picked":"Underhanded Strike+1","floor":18.0},{"not_picked":["Sucker Punch+1","Cloak And Dagger","Masterful Stab+1"],"picked":"SKIP","floor":21.0},{"not_picked":["Terror","Blade Dance","PiercingWail"],"picked":"SKIP","floor":28.0},{"not_picked":["Tools of the Trade","Predator+1","Dash+1"],"picked":"SKIP","floor":29.0},{"not_picked":["Outmaneuver","Predator+1"],"picked":"Reflex","floor":30.0},{"not_picked":["Dagger Spray+1","Infinite Blades"],"picked":"Tactician","floor":31.0},{"not_picked":["Wraith Form v2","Corpse Explosion"],"picked":"After Image","floor":33.0},{"not_picked":["Prepared","Deadly Poison","Poisoned Stab+1"],"picked":"SKIP","floor":35.0},{"not_picked":["Dagger Throw+1","Setup","Skewer+1"],"picked":"SKIP","floor":38.0},{"not_picked":["Dagger Throw+1","Setup","Skewer+1"],"picked":"SKIP","floor":38.0},{"not_picked":["Dagger Spray+1","Dash+1","Flechettes+1"],"picked":"SKIP","floor":39.0}],"player_experience":736486,"relics_obtained":[{"floor":9.0,"key":"Molten Egg 2"},{"floor":12.0,"key":"WingedGreaves"},{"floor":26.0,"key":"Whetstone"}],"event_choices":[{"cards_removed":["Strike_G"],"damage_healed":0.0,"max_hp_gain":0.0,"max_hp_loss":0.0,"gold_gain":0.0,"event_name":"Living Wall","player_choice":"Forget","floor":4.0,"gold_loss":0.0,"damage_taken":0.0},{"damage_healed":0.0,"max_hp_gain":0.0,"max_hp_loss":0.0,"gold_gain":0.0,"event_name":"Accursed Blacksmith","player_choice":"Forge","floor":10.0,"gold_loss":0.0,"damage_taken":0.0,"cards_upgraded":["Deadly Poison"]},{"damage_healed":0.0,"max_hp_gain":0.0,"max_hp_loss":0.0,"gold_gain":0.0,"event_name":"Cursed Tome","player_choice":"Ignored","floor":19.0,"gold_loss":0.0,"damage_taken":0.0},{"cards_removed":["Strike_G"],"damage_healed":0.0,"max_hp_gain":0.0,"max_hp_loss":0.0,"gold_gain":0.0,"event_name":"Beggar","player_choice":"Gave Gold","floor":20.0,"gold_loss":75.0,"damage_taken":0.0},{"damage_healed":0.0,"max_hp_gain":0.0,"max_hp_loss":0.0,"gold_gain":0.0,"event_name":"WeMeetAgain","player_choice":"Gave Potion","floor":36.0,"gold_loss":0.0,"damage_taken":0.0,"relics_obtained":["The Specimen"]}],"is_beta":false,"boss_relics":[{"not_picked":["Coffee Dripper","Runic Dome"],"picked":"HoveringKite"},{"not_picked":["Pandora\u0027s Box","Velvet Choker"],"picked":"SacredBark"}],"items_purged_floors":[5,37],"is_endless":false,"potions_floor_spawned":[3,11,12,14,28,29,33,35],"killed_by":"4 Shapes","ascension_level":20}}