{"host":"o0q01dgb4z8zpo6o","time":1609984073,"event":{"mods":["BaseMod","GifTheSpireLib","Minty Spire (QoL Compilation)","Relic Stats","StSLib"],"gold_per_floor":[14,14,14,28,46,46,61,61,88,120,120,134,134,161,161,235,235,247,5,5,23,39,70,70,70],"floor_reached":24,"playtime":1014,"items_purged":["Strike_B"],"score":429,"play_id":"4b3ef4e2-af45-485f-b909-e81c0896ff02","local_time":"20210106174753","is_ascension_mode":true,"campfire_choices":[{"data":"Sunder","floor":6.0,"key":"SMITH"},{"data":"Zap","floor":8.0,"key":"SMITH"},{"floor":11.0,"key":"REST"},{"floor":13.0,"key":"REST"},{"data":"Ball Lightning","floor":15.0,"key":"SMITH"}],"circlet_count":0,"master_deck":["AscendersBane","Strike_B","Strike_B","Strike_B","Defend_B","Defend_B","Defend_B","Defend_B","Zap+1","Dualcast+1","Cold Snap","Sunder+1","Leap","Core Surge","Ball Lightning+1","White Noise","Biased Cognition","FTL"],"relics":["FrozenCore","Turnip","Omamori","Tiny Chest","Cables","OrangePellets","Question Card"],"acts_visited":["Exordium","TheCity"],"potions_floor_usage":[22,23],"damage_taken":[{"damage":7.0,"enemies":"Jaw Worm","floor":1.0,"turns":3.0},{"damage":4.0,"enemies":"Cultist","floor":4.0,"turns":4.0},{"damage":6.0,"enemies":"Small Slimes","floor":5.0,"turns":3.0},{"damage":6.0,"enemies":"Looter","floor":7.0,"turns":4.0},{"damage":25.0,"enemies":"Gremlin Nob","floor":10.0,"turns":4.0},{"damage":8.0,"enemies":"Blue Slaver","floor":12.0,"turns":3.0},{"damage":20.0,"enemies":"Lagavulin","floor":14.0,"turns":7.0},{"damage":11.0,"enemies":"Hexaghost","floor":16.0,"turns":7.0},{"damage":13.0,"enemies":"Shell Parasite","floor":18.0,"turns":6.0},{"damage":0.0,"enemies":"Spheric Guardian","floor":21.0,"turns":5.0},{"damage":8,"enemies":"Cultist and Chosen","floor":22,"turns":6},{"damage":22,"enemies":"Slavers","floor":23,"turns":4},{"damage":15,"enemies":"Snake Plant","floor":24,"turns":2}],"seed_played":"2378516543188312304","potions_obtained":[{"floor":4.0,"key":"SkillPotion"},{"floor":5.0,"key":"Explosive Potion"},{"floor":7.0,"key":"Block Potion"},{"floor":12.0,"key":"PotionOfCapacity"},{"floor":16.0,"key":"PowerPotion"},{"floor":23,"key":"Ancient Potion"}],"is_trial":false,"path_per_floor":["M","?","$","M","M","R","M","R","T","E","R","M","R","E","R","B",null,"M","$","?","M","M","E","M"],"character_chosen":"DEFECT","items_purchased":["OrangePellets"],"campfire_rested":2,"item_purchase_floors":[19],"current_hp_per_floor":[57,57,57,53,47,47,41,41,41,16,37,29,50,30,30,19,58,45,45,45,45,37,15,0,0],"gold":70,"neow_bonus":"ONE_RARE_RELIC","is_daily":false,"chose_seed":false,"campfire_upgraded":3,"win_rate":0.0,"timestamp":1609984073,"path_taken":["M","?","?","M","M","R","M","R","T","E","R","M","R","E","R","BOSS","M","$","?","M","M","E","M"],"items_purchased_type":["Relic"],"build_version":"2020-12-22","purchased_purges":1,"victory":false,"max_hp_per_floor":[71,71,71,71,71,71,71,71,71,71,71,71,71,71,71,71,71,71,71,71,71,71,71,71,71],"relic_stats":{"OrangePellets":[2],"counters":[13,58],"Tiny Chest":0,"Turnip":[9],"Question Card":0,"obtain_stats":[{"OrangePellets":19,"Tiny Chest":10,"Turnip":0,"Omamori":9,"Cracked Core":0,"Question Card":23,"Cables":14,"FrozenCore":17},{"OrangePellets":9,"Tiny Chest":5,"Turnip":0,"Omamori":4,"Cracked Core":0,"Question Card":12,"Cables":7,"FrozenCore":8},{"OrangePellets":41,"Tiny Chest":18,"Turnip":0,"Omamori":14,"Cracked Core":0,"Question Card":56,"Cables":28,"FrozenCore":35}],"FrozenCore":[7],"Cables":[26,13,13,0,0]},"card_choices":[{"not_picked":["White Noise","Recycle"],"picked":"Cold Snap","floor":1.0},{"not_picked":["Conserve Battery","Streamline"],"picked":"Sunder","floor":4.0},{"not_picked":["FTL","Go for the Eyes"],"picked":"Leap","floor":5.0},{"not_picked":["Go for the Eyes","Turbo","Reinforced Body"],"picked":"SKIP","floor":7.0},{"not_picked":["Hologram","Beam Cell"],"picked":"Core Surge","floor":10.0},{"not_picked":["Turbo","Sweeping Beam"],"picked":"Ball Lightning","floor":12.0},{"not_picked":["Compile Driver","Go for the Eyes"],"picked":"White Noise","floor":14.0},{"not_picked":["Core Surge","Buffer"],"picked":"Biased Cognition","floor":16.0},{"not_picked":["Recycle","Steam+1","Rebound"],"picked":"SKIP","floor":18.0},{"not_picked":["Fusion","Conserve Battery","Redo"],"picked":"SKIP","floor":21.0},{"not_picked":["Auto Shields","Consume+1","Stack"],"picked":"SKIP","floor":22},{"not_picked":["Auto Shields","Consume+1","Stack"],"picked":"SKIP","floor":22},{"not_picked":["Meteor Strike","Ball Lightning"],"picked":"FTL","floor":23}],"player_experience":1047246,"relics_obtained":[{"floor":9.0,"key":"Omamori"},{"floor":10.0,"key":"Tiny Chest"},{"floor":14.0,"key":"Cables"},{"floor":23,"key":"Question Card"}],"event_choices":[{"damage_healed":0.0,"max_hp_gain":0.0,"max_hp_loss":0.0,"gold_gain":0.0,"event_name":"Living Wall","player_choice":"Grow","floor":2.0,"gold_loss":0.0,"damage_taken":0.0,"cards_upgraded":["Dualcast"]},{"damage_healed":0.0,"max_hp_gain":0.0,"max_hp_loss":0.0,"gold_gain":0.0,"event_name":"Cursed Tome","player_choice":"Ignored","floor":20.0,"gold_loss":0.0,"damage_taken":0.0}],"is_beta":false,"boss_relics":[{"not_picked":["Empty Cage","SlaversCollar"],"picked":"FrozenCore"}],"items_purged_floors":[19],"is_endless":false,"potions_floor_spawned":[4,5,7,12,16,18,23],"killed_by":"Snake Plant","ascension_level":18}}