{"host":"4rvakrj1idbgia3f","time":1609982771,"event":{"mods":["BaseMod","Colored Map","Colored Powertips","DeckTracker","Highlight Path","Minty Spire (QoL Compilation)","Random Character Button","StSLib"],"gold_per_floor":[111,111,125,50,64,64,98,110,134,175,195,195,195],"floor_reached":12,"playtime":471,"items_purged":["Strike_R"],"score":180,"play_id":"02e17548-102a-4002-a0ec-bab320dd2dd0","local_time":"20210107102611","is_ascension_mode":true,"campfire_choices":[{"data":"Armaments","floor":6,"key":"SMITH"}],"circlet_count":0,"master_deck":["AscendersBane","Strike_R","Strike_R","Strike_R","Defend_R","Defend_R","Bash","Armaments+1","Burning Pact","Shrug It Off","Hemokinesis","Rupture","Brutality","Feel No Pain","Bloodletting"],"relics":["Burning Blood","CeramicFish","Pen Nib","Omamori"],"acts_visited":["Exordium"],"potions_floor_usage":[7,11,12],"damage_taken":[{"damage":3,"enemies":"2 Louse","floor":1,"turns":5},{"damage":1,"enemies":"Cultist","floor":3,"turns":4},{"damage":4,"enemies":"Small Slimes","floor":5,"turns":3},{"damage":27,"enemies":"3 Sentries","floor":7,"turns":8},{"damage":12,"enemies":"Red Slaver","floor":8,"turns":6},{"damage":20,"enemies":"Lagavulin","floor":10,"turns":7},{"damage":8,"enemies":"Exordium Thugs","floor":11,"turns":4},{"damage":21,"enemies":"3 Sentries","floor":12,"turns":3}],"seed_played":"-726096689040305893","potions_obtained":[{"floor":1,"key":"DuplicationPotion"},{"floor":8,"key":"EssenceOfSteel"},{"floor":10,"key":"Energy Potion"}],"is_trial":false,"path_per_floor":["M","?","M","$","M","R","E","M","T","E","M","E"],"character_chosen":"IRONCLAD","items_purchased":[],"campfire_rested":0,"item_purchase_floors":[],"current_hp_per_floor":[53,53,58,58,60,60,39,33,33,19,17,0,0],"gold":195,"neow_bonus":"TRANSFORM_TWO_CARDS","is_daily":false,"chose_seed":false,"campfire_upgraded":1,"win_rate":0.0,"timestamp":1609982771,"path_taken":["M","?","M","$","M","R","E","M","T","E","M","E"],"items_purchased_type":[],"build_version":"2020-12-22","purchased_purges":1,"victory":false,"max_hp_per_floor":[75,75,75,75,75,75,75,75,75,75,75,75,75],"card_choices":[{"not_picked":["Bloodletting","Shockwave"],"picked":"Shrug It Off","floor":1},{"not_picked":["Twin Strike","Uppercut"],"picked":"Hemokinesis","floor":3},{"not_picked":["Perfected Strike","Body Slam"],"picked":"Rupture","floor":5},{"not_picked":["Rage","Headbutt"],"picked":"Brutality","floor":7},{"not_picked":["Havoc","Pummel","Intimidate"],"picked":"SKIP","floor":8},{"not_picked":["Twin Strike","Entrench"],"picked":"Feel No Pain","floor":10},{"not_picked":["Anger","Thunderclap"],"picked":"Bloodletting","floor":11}],"player_experience":1960793,"relics_obtained":[{"floor":7,"key":"CeramicFish"},{"floor":9,"key":"Pen Nib"},{"floor":10,"key":"Omamori"}],"event_choices":[{"cards_removed":["Defend_R"],"damage_healed":0,"gold_gain":0,"player_choice":"Offered Basic","damage_taken":0,"max_hp_gain":0,"max_hp_loss":0,"event_name":"Bonfire Elementals","floor":2,"gold_loss":0}],"is_beta":false,"boss_relics":[],"items_purged_floors":[4],"is_endless":false,"potions_floor_spawned":[1,8,10],"killed_by":"3 Sentries","ascension_level":20}}