{"host":"vvif2fx2jgfi5h35","time":1609995884,"event":{"mods":["AchievementEnabler","BaseMod","Colored Powertips","Minty Spire (QoL Compilation)","Quick Restart","Replay The Spire","StSLib"],"gold_per_floor":[212,228,245,258,277,305,305,305,305,305,317,92,108,128,128,224,224,224],"floor_reached":17,"playtime":1459,"items_purged":["Defend_G"],"score":161,"play_id":"526e0821-c920-4305-9875-a14f2570e3a7","local_time":"20210106230444","is_ascension_mode":false,"campfire_choices":[{"floor":7,"key":"REST"},{"floor":10,"key":"REST"},{"floor":15,"key":"REST"}],"circlet_count":0,"master_deck":["Strike_G","Strike_G","Strike_G","Strike_G","Strike_G","Defend_G","Defend_G","Defend_G","Defend_G","Survivor","Neutralize","Riddle With Holes","Outmaneuver","Deflect","Cloak And Dagger","Sucker Punch","Caltrops","Die Die Die","Distraction","Deflect","Bullet Time"],"relics":["Ring of the Snake","Shuriken","Mirror","WristBlade"],"acts_visited":["Exordium","TheCity"],"potions_floor_usage":[4,13,16],"damage_taken":[{"damage":0,"enemies":"2 Louse","floor":1,"turns":4},{"damage":2,"enemies":"Small Slimes","floor":2,"turns":3},{"damage":0,"enemies":"Jaw Worm","floor":3,"turns":4},{"damage":13,"enemies":"Large Slime","floor":4,"turns":12},{"damage":12,"enemies":"Blue Slaver","floor":5,"turns":4},{"damage":27,"enemies":"3 Sentries","floor":6,"turns":12},{"damage":14,"enemies":"Exordium Thugs","floor":11,"turns":6},{"damage":1,"enemies":"Gremlin Gang","floor":13,"turns":3},{"damage":9,"enemies":"Large Slime","floor":14,"turns":5},{"damage":59,"enemies":"Fading Forest","floor":16,"turns":11}],"seed_played":"-6448561049321951999","potions_obtained":[{"floor":1,"key":"Dexterity Potion"},{"floor":3,"key":"Adrenaline Potion"},{"floor":11,"key":"AttackPotion"},{"floor":14,"key":"Fire Potion"}],"is_trial":false,"path_per_floor":["M","M","M","M","M","E","R","?","T","R","M","$","M","M","R","B",null],"character_chosen":"THE_SILENT","items_purchased":["Die Die Die"],"campfire_rested":3,"item_purchase_floors":[12],"current_hp_per_floor":[70,68,68,55,43,16,37,37,37,58,44,44,43,34,55,6,70,70],"gold":224,"neow_bonus":"HUNDRED_GOLD","is_daily":false,"chose_seed":false,"campfire_upgraded":0,"win_rate":0.0,"timestamp":1609995884,"path_taken":["M","M","M","M","M","E","R","?","T","R","M","$","M","M","R","BOSS"],"items_purchased_type":["Card"],"build_version":"2020-12-22","purchased_purges":1,"victory":false,"max_hp_per_floor":[70,70,70,70,70,70,70,70,70,70,70,70,70,70,70,70,70,70],"card_choices":[{"not_picked":["Sucker Punch","ReplayTheSpireMod:Tripwire"],"picked":"Riddle With Holes","floor":1},{"not_picked":["Poisoned Stab","ReplayTheSpireMod:Tripwire"],"picked":"Outmaneuver","floor":2},{"not_picked":["Leg Sweep","PiercingWail"],"picked":"Deflect","floor":3},{"not_picked":["Replay:Poison Smokescreen","Masterful Stab"],"picked":"Cloak And Dagger","floor":4},{"not_picked":["PiercingWail","Bouncing Flask","Accuracy"],"picked":"SKIP","floor":5},{"not_picked":["Envenom","Dash"],"picked":"Sucker Punch","floor":6},{"not_picked":["Dash","Masterful Stab"],"picked":"Caltrops","floor":11},{"not_picked":["Fluid Movement","Calculated Gamble"],"picked":"Distraction","floor":13},{"not_picked":["Flying Knee","Underhanded Strike"],"picked":"Deflect","floor":14},{"not_picked":["Malaise","Glass Knife"],"picked":"Bullet Time","floor":16}],"player_experience":64116,"relics_obtained":[{"floor":6,"key":"Shuriken"},{"floor":9,"key":"Mirror"}],"event_choices":[{"damage_healed":0,"gold_gain":0,"player_choice":"Ignored","damage_taken":0,"max_hp_gain":0,"max_hp_loss":0,"event_name":"Golden Wing","floor":8,"gold_loss":0}],"is_beta":false,"boss_relics":[{"not_picked":["ChewingGum","Snecko Scales"],"picked":"WristBlade"}],"items_purged_floors":[12],"is_endless":false,"potions_floor_spawned":[1,3,11,14],"ascension_level":0}}