{"host":"w9yruvs4bqht6bhw","time":1609978244,"event":{"mods":["BaseMod","Colored Powertips","Minty Spire (QoL Compilation)"],"gold_per_floor":[213,213,117,117,141,153,190,202,214,20,33,52,68,96,96,196,196,209,209,5,24,24,24,36,36,36,36,36,55,4,22,22,22,22],"floor_reached":33,"playtime":1366,"items_purged":[],"score":293,"play_id":"ef2761fb-7375-4087-b886-d5a64575d3ba","local_time":"20210106191044","is_ascension_mode":true,"campfire_choices":[{"data":"Blade Dance","floor":6,"key":"SMITH"},{"data":"Leg Sweep","floor":8,"key":"SMITH"},{"floor":15,"key":"REST"},{"data":"Venomology","floor":23,"key":"SMITH"},{"data":"RitualDagger","floor":28,"key":"SMITH"},{"floor":32,"key":"REST"}],"circlet_count":0,"master_deck":["Strike_G","Strike_G+1","Strike_G+1","Strike_G","Strike_G","Defend_G","Defend_G","Defend_G","Defend_G","Defend_G","Survivor","Neutralize","Blade Dance+1","Leg Sweep+1","Cloak And Dagger","Slice","Choke","Adrenaline","Blade Dance","Venomology+1","Deflect","RitualDagger+1","Acrobatics+1","Dagger Spray+1","Underhanded Strike"],"relics":["Ring of the Snake","MawBank","Omamori","Letter Opener","Nunchaku","Art of War","SacredBark","Whetstone","Pear"],"acts_visited":["Exordium","TheCity"],"potions_floor_usage":[7,7,16,16,21,21,24,24,29,29,31,31,31,33,33],"damage_taken":[{"damage":2,"enemies":"Small Slimes","floor":1,"turns":4},{"damage":1,"enemies":"Cultist","floor":5,"turns":4},{"damage":11,"enemies":"Lagavulin","floor":7,"turns":7},{"damage":0,"enemies":"Jaw Worm","floor":11,"turns":5},{"damage":0,"enemies":"2 Fungi Beasts","floor":12,"turns":3},{"damage":9,"enemies":"Blue Slaver","floor":13,"turns":4},{"damage":14,"enemies":"Gremlin Nob","floor":14,"turns":3},{"damage":51,"enemies":"Hexaghost","floor":16,"turns":12},{"damage":2,"enemies":"3 Byrds","floor":18,"turns":5},{"damage":0,"enemies":"Shell Parasite","floor":21,"turns":4},{"damage":0,"enemies":"Centurion and Healer","floor":24,"turns":6},{"damage":21,"enemies":"Chosen and Byrds","floor":29,"turns":5},{"damage":18,"enemies":"Snecko","floor":31,"turns":6},{"damage":36,"enemies":"Collector","floor":33,"turns":7}],"seed_played":"7225548839883931930","potions_obtained":[{"floor":1,"key":"Poison Potion"},{"floor":5,"key":"LiquidMemories"},{"floor":12,"key":"BlessingOfTheForge"},{"floor":16,"key":"SteroidPotion"},{"floor":21,"key":"Dexterity Potion"},{"floor":31,"key":"SteroidPotion"}],"is_trial":false,"path_per_floor":["M","?","$","?","M","R","E","R","T","$","M","M","M","E","R","B",null,"M","?","$","M","?","R","M","?","T","$","R","M","$","M","R","B"],"character_chosen":"THE_SILENT","items_purchased":["PowerPotion","PowerPotion","Cloak And Dagger","Nunchaku","Fire Potion","Whetstone","Strength Potion"],"campfire_rested":2,"item_purchase_floors":[3,3,10,10,20,20,30],"current_hp_per_floor":[68,70,70,70,69,69,58,58,58,58,58,58,49,35,56,5,70,68,62,62,62,49,49,49,49,59,59,59,38,38,20,45,9,9],"gold":22,"neow_bonus":"HUNDRED_GOLD","is_daily":false,"chose_seed":false,"campfire_upgraded":4,"win_rate":0.0,"timestamp":1609978244,"path_taken":["M","?","$","?","M","R","E","R","T","$","?","M","M","E","R","BOSS","M","?","$","M","?","R","M","?","T","$","R","M","?","M","R","BOSS"],"items_purchased_type":["Potion","Potion","Card","Relic","Potion","Relic","Potion"],"build_version":"2020-12-22","purchased_purges":0,"victory":false,"max_hp_per_floor":[70,70,70,70,70,70,70,70,70,70,70,70,70,70,70,70,70,70,70,70,70,75,75,75,75,85,85,85,85,85,85,85,85,85],"card_choices":[{"not_picked":["Escape Plan","Prepared","Acrobatics"],"picked":"SKIP","floor":1},{"not_picked":["Backflip","PiercingWail"],"picked":"Blade Dance","floor":5},{"not_picked":["Malaise","Outmaneuver"],"picked":"Leg Sweep","floor":7},{"not_picked":["Distraction","Dodge and Roll"],"picked":"Slice","floor":11},{"not_picked":["Predator","Deadly Poison"],"picked":"Choke","floor":12},{"not_picked":["Sucker Punch","Expertise"],"picked":"Adrenaline","floor":13},{"not_picked":["Slice","Sucker Punch"],"picked":"Blade Dance","floor":14},{"not_picked":["Tools of the Trade","Night Terror"],"picked":"Venomology","floor":16},{"not_picked":["Poisoned Stab","Dagger Throw","Deflect"],"picked":"SKIP","floor":18},{"not_picked":["Poisoned Stab","Dagger Throw"],"picked":"Deflect","floor":18},{"not_picked":["Sucker Punch","Dodge and Roll+1"],"picked":"Acrobatics+1","floor":21},{"not_picked":["Blade Dance","Endless Agony"],"picked":"Dagger Spray+1","floor":24},{"not_picked":["Deadly Poison","Escape Plan"],"picked":"Underhanded Strike","floor":29},{"not_picked":["Riddle With Holes","Flying Knee","Dagger Spray+1"],"picked":"SKIP","floor":31}],"player_experience":340817,"relics_obtained":[{"floor":7,"key":"Omamori"},{"floor":9,"key":"Letter Opener"},{"floor":14,"key":"Art of War"},{"floor":26,"key":"Pear"}],"event_choices":[{"damage_healed":23,"gold_gain":0,"player_choice":"Banana","damage_taken":0,"max_hp_gain":0,"max_hp_loss":0,"event_name":"Big Fish","floor":2,"gold_loss":0},{"damage_healed":0,"gold_gain":0,"player_choice":"Gave Potion","damage_taken":0,"relics_obtained":["MawBank"],"max_hp_gain":0,"max_hp_loss":0,"event_name":"WeMeetAgain","floor":4,"gold_loss":0},{"damage_healed":0,"gold_gain":0,"player_choice":"Joined the Cult","damage_taken":6,"max_hp_gain":0,"max_hp_loss":0,"event_name":"Nest","floor":19,"gold_loss":0,"cards_obtained":["RitualDagger"]},{"damage_healed":0,"gold_gain":0,"player_choice":"Shed Blood","damage_taken":18,"max_hp_gain":5,"max_hp_loss":0,"event_name":"Forgotten Altar","floor":22,"gold_loss":0},{"damage_healed":0,"gold_gain":0,"player_choice":"Ignored","damage_taken":0,"max_hp_gain":0,"max_hp_loss":0,"event_name":"Ghosts","floor":25,"gold_loss":0}],"is_beta":false,"boss_relics":[{"not_picked":["Snecko Eye","Sozu"],"picked":"SacredBark"}],"items_purged_floors":[],"is_endless":false,"potions_floor_spawned":[1,5,12,16,21,31],"killed_by":"Collector","ascension_level":1}}