{"host":"f5ezd1v29dtbwkzo","time":1609981849,"event":{"mods":["2.2 Compatiblity","BaseMod","Hermit","Hubris","Infinite Spire","Minty Spire (QoL Compilation)","Rare Cards Sparkle","Replay The Spire","StSLib"],"gold_per_floor":[119,138,138,138,154,186,186,200,200,211,30,55,55,72,72,175,175,189,209,220,238,257,257,268,268,291,309,309,309],"floor_reached":28,"playtime":1342,"items_purged":[],"score":211,"play_id":"04f9173f-31ef-4fe6-94c3-43399ac3dd4a","local_time":"20210107041049","is_ascension_mode":false,"campfire_choices":[{"data":"Shockwave","floor":7,"key":"SMITH"},{"data":"ReplayTheSpireMod:Stacked","floor":13,"key":"SMITH"},{"floor":15,"key":"REST"},{"floor":23,"key":"REST"},{"data":"Infernal Blade","floor":25,"key":"SMITH"}],"circlet_count":0,"master_deck":["Strike_R","Strike_R","Strike_R","Strike_R","Strike_R","Defend_R","Defend_R","Defend_R","Defend_R","Bash","Shockwave+1","ReplayTheSpireMod:Stacked+1","Evolve+1","Thunderclap+1","Pommel Strike","Infernal Blade+1","Juggernaut+1","Power Through+1","Anger+1","Flame Barrier+1","ReplayTheSpireMod:Stacked+1"],"relics":["Replay:Bronze Core","ReplayTheSpireMod:Spearhead","Frozen Egg 2","ReplayTheSpireMod:Shallot","Strange Spoon","hubris:SlimyHat","hubris:CrackedHourglass","Replay:Baseball"],"acts_visited":["Exordium","TheCity"],"potions_floor_usage":[16,20,22,28],"damage_taken":[{"damage":1,"enemies":"Cultist","floor":1,"turns":3},{"damage":6,"enemies":"Jaw Worm","floor":2,"turns":3},{"damage":0,"enemies":"infinitespire:Voidling","floor":5,"turns":3},{"damage":20,"enemies":"Gremlin Nob","floor":6,"turns":4},{"damage":0,"enemies":"Large Slime","floor":8,"turns":4},{"damage":0,"enemies":"3 Louse","floor":10,"turns":4},{"damage":0,"enemies":"3 Sentries","floor":12,"turns":3},{"damage":4,"enemies":"2 Fungi Beasts","floor":14,"turns":3},{"damage":12,"enemies":"Slime Boss","floor":16,"turns":9},{"damage":15,"enemies":"Spheric Guardian","floor":18,"turns":4},{"damage":0,"enemies":"3 Byrds","floor":19,"turns":4},{"damage":16,"enemies":"3 Cultists","floor":20,"turns":4},{"damage":10,"enemies":"Snake Plant","floor":21,"turns":3},{"damage":3,"enemies":"Shelled Parasite and Fungi","floor":22,"turns":6},{"damage":0,"enemies":"3 Cultists","floor":24,"turns":4},{"damage":23,"enemies":"Cultist and Chosen","floor":27,"turns":7},{"damage":43,"enemies":"Gremlin Leader","floor":28,"turns":8}],"seed_played":"-5208958123813569681","potions_obtained":[{"floor":2,"key":"Explosive Potion"},{"floor":4,"key":"LiquidBronze"},{"floor":4,"key":"Milkshake"},{"floor":16,"key":"ColorlessPotion"},{"floor":20,"key":"AttackPotion"},{"floor":24,"key":"Energy Potion"}],"is_trial":false,"path_per_floor":["M","M","?","?","M","E","R","M","T","M","$","E","R","M","R","B",null,"M","M","M","M","M","R","M","R","T","M","E"],"character_chosen":"IRONCLAD","items_purchased":["Thunderclap+1","Strange Spoon"],"campfire_rested":2,"item_purchase_floors":[11,11],"current_hp_per_floor":[79,73,66,66,66,46,46,46,46,46,46,46,46,42,66,54,80,65,65,49,39,36,60,60,60,60,37,0,0],"gold":309,"neow_bonus":"BOSS_RELIC","is_daily":false,"chose_seed":false,"campfire_upgraded":3,"win_rate":0.0,"timestamp":1609981849,"path_taken":["M","?","?","?","M","E","R","M","T","M","$","E","R","M","R","BOSS","M","M","M","?","M","R","M","R","T","M","E"],"items_purchased_type":["Card","Relic"],"build_version":"2020-12-22","purchased_purges":0,"victory":false,"max_hp_per_floor":[80,80,80,80,80,80,80,80,80,80,80,80,80,80,80,80,80,80,80,80,80,80,80,80,80,80,80,80,80],"card_choices":[{"not_picked":["True Grit","hubris:ReadiedAction","Warcry"],"picked":"SKIP","floor":1},{"not_picked":["Shrug It Off","Warcry"],"picked":"Shockwave","floor":2},{"not_picked":["ReplayReversal","Disarm"],"picked":"ReplayTheSpireMod:Stacked","floor":5},{"not_picked":["Blood for Blood","ReplayTheSpireMod:Strike From Hell","Replay:Undeath\u0027s Touch"],"picked":"SKIP","floor":6},{"not_picked":["Twin Strike","Anger","Sentinel"],"picked":"SKIP","floor":8},{"not_picked":["ReplayTheSpireMod:Strike From Hell","Havoc"],"picked":"Evolve+1","floor":10},{"not_picked":["Headbutt","Uppercut"],"picked":"Pommel Strike","floor":12},{"not_picked":["Immolate","Headbutt"],"picked":"Infernal Blade","floor":14},{"not_picked":["Reaper","Exhume"],"picked":"Juggernaut+1","floor":16},{"not_picked":["ReplayTheSpireMod:Strike From Hell+1","Shockwave"],"picked":"Power Through+1","floor":18},{"not_picked":["Sword Boomerang","Pommel Strike","Body Slam"],"picked":"SKIP","floor":19},{"not_picked":["Feel No Pain+1","Armaments"],"picked":"Anger+1","floor":20},{"not_picked":["Clothesline","Anger"],"picked":"Flame Barrier+1","floor":21},{"not_picked":["Clash","Rupture+1","Clothesline"],"picked":"SKIP","floor":22},{"not_picked":["Armaments","ReplayTheSpireMod:Corrosion Curse","Clash"],"picked":"SKIP","floor":24},{"not_picked":["Wild Strike","Replay:Undeath\u0027s Touch"],"picked":"ReplayTheSpireMod:Stacked+1","floor":27}],"player_experience":355789,"relics_obtained":[{"floor":6,"key":"Frozen Egg 2"},{"floor":9,"key":"ReplayTheSpireMod:Shallot"},{"floor":12,"key":"hubris:SlimyHat"},{"floor":26,"key":"Replay:Baseball"}],"event_choices":[{"damage_healed":0,"gold_gain":0,"player_choice":"Success","damage_taken":7,"relics_obtained":["ReplayTheSpireMod:Spearhead"],"max_hp_gain":0,"max_hp_loss":0,"event_name":"Scrap Ooze","floor":3,"gold_loss":0},{"damage_healed":0,"gold_gain":0,"player_choice":"Got Potions","damage_taken":0,"max_hp_gain":0,"max_hp_loss":0,"event_name":"Lab","floor":4,"gold_loss":0}],"is_beta":false,"boss_relics":[{"not_picked":["Electric Blood","Coffee Dripper"],"picked":"hubris:CrackedHourglass"}],"items_purged_floors":[],"is_endless":false,"potions_floor_spawned":[2,8,14,16,20,24,27],"killed_by":"Gremlin Leader","ascension_level":0}}