{"host":"xu0zbcebhy6w9mdv","time":1609986382,"event":{"mods":["AchievementEnabler","Act Like it!","Aspiration","BaseMod","Better Match","Better Third Choice","BetterRewards","Colored Powertips","Downfall","Duelist Mod","Friendly Minions","Gensokyo","Hallownest","Hubris","Infinite Spire","Marisa????????","Minty Spire (QoL Compilation)","Potionbrewer","Quick Restart","READ ME - Guardian Mod","READ ME - Snecko Mod","Rare Cards Sparkle","Replay The Spire","Shop Mod","StSLib","The Animator","The Blackbeard","The Bug Knight","The Cursed","The Hierophant","The Necromancer","The Runesmith","The Servant 0.9.4"],"gold_per_floor":[139,139,64,82,93,93,126,181,181,213,226,226,232,252,252,329,329,344,178,194,194,207,207,224,251,276,276,276,276],"floor_reached":28,"playtime":2480,"items_purged":["theDuelist:GravekeeperCurse"],"score":591,"play_id":"c666eafd-d5d2-485e-992c-9447267af3ea","local_time":"20210106212622","is_ascension_mode":true,"campfire_choices":[{"data":"theDuelist:RareDragonMetronome","floor":6,"key":"SMITH"},{"floor":15,"key":"REST"},{"floor":23,"key":"REST"},{"floor":27,"key":"REST"}],"circlet_count":0,"master_deck":["AscendersBane","theDuelist:AttackMetronome","theDuelist:AttackMetronome","theDuelist:AttackMetronome","theDuelist:AttackMetronome","theDuelist:BlockMetronome","theDuelist:BlockMetronome","theDuelist:BlockMetronome","theDuelist:Metronome","theDuelist:Metronome","theDuelist:PowerMetronome","theDuelist:SkillMetronome","theDuelist:SkillMetronome","theDuelist:UncommonAttackMetronome","theDuelist:RareDragonMetronome+1"],"relics":["theDuelist:MillenniumPuzzle","theDuelist:CardPoolRelic","theDuelist:CardPoolBasicRelic","theDuelist:BoosterPackPoolRelic","theDuelist:CardPoolAddRelic","theDuelist:CardPoolMinusRelic","theDuelist:CardPoolSaveRelic","theDuelist:CardPoolOptionsRelic","NeowsBlessing","theDuelist:MillenniumArmor","aspiration:ChemicalBlood","infinitespire:CheckeredPen","Smiling Mask","Magic Flower","Replay:Multitool","MerchantsRug","theDuelist:SummonAnchor","theDuelist:DuelistOrichalcum"],"acts_visited":["Exordium","TheCity"],"potions_floor_usage":[22,24,25,25,28,28],"damage_taken":[{"damage":2,"enemies":"Small Slimes","floor":1,"turns":2},{"damage":0,"enemies":"Cultist","floor":4,"turns":1},{"damage":0,"enemies":"Jaw Worm","floor":5,"turns":1},{"damage":0,"enemies":"Gremlin Nob","floor":7,"turns":3},{"damage":15,"enemies":"Lagavulin Event","floor":8,"turns":6},{"damage":0,"enemies":"3 Sentries","floor":10,"turns":2},{"damage":0,"enemies":"Large Slime","floor":11,"turns":4},{"damage":0,"enemies":"Exordium Wildlife","floor":14,"turns":1},{"damage":4,"enemies":"Hexaghost","floor":16,"turns":7},{"damage":5,"enemies":"Shell Parasite","floor":18,"turns":2},{"damage":0,"enemies":"Chosen","floor":20,"turns":3},{"damage":14,"enemies":"Shelled Parasite and Fungi","floor":22,"turns":6},{"damage":21,"enemies":"Centurion and Healer","floor":24,"turns":4},{"damage":19,"enemies":"Nightmare","floor":25,"turns":9},{"damage":54,"enemies":"Slavers","floor":28,"turns":3}],"seed_played":"-290712232494078881","potions_obtained":[{"floor":8,"key":"champ:CounterPotion"},{"floor":10,"key":"SpeedPotion"},{"floor":14,"key":"Flashbang"},{"floor":18,"key":"theDuelist:SummonArmorPotion"},{"floor":24,"key":"theDuelist:BottledKuriboh"}],"is_trial":false,"path_per_floor":["M","?","$","M","M","R","E","?","T","E","M","?","?","M","R","B",null,"M","$","M","?","M","R","M","NM","T","R","E"],"character_chosen":"THE_DUELIST","items_purchased":["MerchantsRug"],"campfire_rested":3,"item_purchase_floors":[19],"current_hp_per_floor":[61,61,61,61,61,61,61,46,46,46,46,39,16,16,37,33,61,56,56,56,62,48,70,49,30,30,52,0,0],"gold":276,"neow_bonus":"THREE_ENEMY_KILL","is_daily":false,"chose_seed":false,"campfire_upgraded":1,"win_rate":0.0,"timestamp":1609986382,"path_taken":["M","?","$","?","M","R","E","?","T","E","M","?","?","M","R","BOSS","M","$","M","?","?","R","M","NM","T","R","E"],"items_purchased_type":["Relic"],"build_version":"2020-12-22","purchased_purges":1,"victory":false,"max_hp_per_floor":[70,70,70,70,70,70,70,70,70,70,70,70,70,70,70,70,70,70,70,70,76,76,76,76,76,76,76,76,76],"card_choices":[{"not_picked":["theDuelist:BigFire","theDuelist:Sangan","theDuelist:FeatherPho","theDuelist:HarpieFeather","theDuelist:HaneHane"],"picked":"SKIP","floor":1},{"not_picked":["theDuelist:UncommonSpireMetronome","theDuelist:SpellMetronome","theDuelist:FiendMetronome","theDuelist:BugMetronome"],"picked":"theDuelist:RareDragonMetronome","floor":4},{"not_picked":["theDuelist:EarthquakeGiant","theDuelist:WormKing","theDuelist:BigEye","theDuelist:DummyGolem","theDuelist:GemArmadillo"],"picked":"SKIP","floor":5},{"not_picked":["theDuelist:EvilswarmHeliotrope","theDuelist:GraniteLoyalist","theDuelist:Raigeki","theDuelist:SolemnStrike","theDuelist:Blockman"],"picked":"SKIP","floor":7},{"not_picked":["theDuelist:BattleOx","theDuelist:EarthquakeGiant","theDuelist:GiantSoldierSteel","theDuelist:RedHeadedOni","theDuelist:MagicHoleGolem"],"picked":"SKIP","floor":10},{"not_picked":["theDuelist:UndeadMetronome","theDuelist:ShiranuiMetronome","theDuelist:RarePowerMetronome","theDuelist:LegendBlueEyesMetronome","theDuelist:FiendMetronome"],"picked":"SKIP","floor":11},{"not_picked":["theDuelist:PredaplantMetronome","theDuelist:MonsterMetronome","theDuelist:CyberMetronome","theDuelist:AttackMetronome","theDuelist:AquaMetronome"],"picked":"SKIP","floor":14},{"not_picked":["theDuelist:BattleguardKing","theDuelist:BigFire+1","theDuelist:GaiaMidNightSun","theDuelist:MillenniumGolem","theDuelist:Blockman"],"picked":"SKIP","floor":18},{"not_picked":["theDuelist:WyrmMetronome","theDuelist:RareSpireMetronome","theDuelist:RareSkillMetronome","theDuelist:BlockMetronome","theDuelist:OjamaMetronome"],"picked":"SKIP","floor":20},{"not_picked":["theDuelist:BigFire","theDuelist:EvilswarmHeliotrope","theDuelist:Sangan","theDuelist:AttackTheMoon","theDuelist:WormWarlord"],"picked":"SKIP","floor":22},{"not_picked":["theDuelist:BattleOx+1","theDuelist:BigFire","theDuelist:EarthquakeGiant","theDuelist:ClearKuriboh","theDuelist:SolemnStrike"],"picked":"SKIP","floor":24},{"not_picked":["theDuelist:BattleguardKing","theDuelist:EvilswarmHeliotrope+1","theDuelist:MillenniumGolem","theDuelist:AttackTheMoon+1","theDuelist:WormWarlord"],"picked":"SKIP","floor":25}],"player_experience":578228,"relics_obtained":[{"floor":7,"key":"aspiration:ChemicalBlood"},{"floor":8,"key":"infinitespire:CheckeredPen"},{"floor":9,"key":"Smiling Mask"},{"floor":10,"key":"Magic Flower"},{"floor":13,"key":"Replay:Multitool"},{"floor":25,"key":"theDuelist:SummonAnchor"},{"floor":26,"key":"theDuelist:DuelistOrichalcum"}],"event_choices":[{"damage_healed":0,"gold_gain":0,"player_choice":"Took item - Received: Millennium Armor","duelist":true,"damage_taken":0,"max_hp_gain":0,"max_hp_loss":0,"event_name":"Millennium Items","floor":2,"gold_loss":0},{"damage_healed":0,"gold_gain":30,"player_choice":"Searched \u00272\u0027 times","damage_taken":0,"max_hp_gain":0,"max_hp_loss":0,"event_name":"Dead Adventurer","floor":8,"gold_loss":0},{"cards_removed":["theDuelist:TrapMetronome"],"damage_healed":0,"gold_gain":0,"player_choice":"Card Removal","damage_taken":7,"max_hp_gain":0,"max_hp_loss":0,"event_name":"Golden Wing","floor":12,"gold_loss":0},{"total_magic_score":50,"gold_gain":0,"duelist":true,"damage_taken":0,"relics_obtained":[],"points":9,"max_hp_gain":6,"max_hp_loss":0,"spent_points":{"magic":0,"greed":0,"war":4,"power":1,"hunger":4},"event_name":"Nameless Tomb","hunger_reward":4,"floor":21,"gold_loss":0,"cards_obtained":[]}],"is_beta":false,"boss_relics":[{"not_picked":["Coffee Dripper","theDuelist:HauntedRelic","Empty Cage"]}],"items_purged_floors":[3],"is_endless":false,"potions_floor_spawned":[8,10,14,16,22,24],"killed_by":"Slavers","ascension_level":18}}