{"host":"i1h39d0gfh5c6uxl","time":1609991251,"event":{"mods":["AchievementEnabler","BaseMod","Colored Map","Colored Powertips","Highlight Path","Minty Spire (QoL Compilation)"],"gold_per_floor":[110,110,35,53,71,99,99,131,157,157,167,92,92,92,92,166,166,176,176,91,105,105,105,105],"floor_reached":23,"playtime":497,"items_purged":["Strike_R"],"score":394,"play_id":"3666d61e-3f35-4e54-a699-e5c5b94955f9","local_time":"20210107114731","is_ascension_mode":true,"campfire_choices":[{"data":"Clothesline","floor":7,"key":"SMITH"},{"data":"Cleave","floor":13,"key":"SMITH"},{"floor":15,"key":"REST"}],"circlet_count":0,"master_deck":["AscendersBane","Strike_R","Strike_R","Strike_R","Defend_R","Defend_R","Defend_R+1","Defend_R+1","Bash+1","Cleave+1","Clothesline+1","Pommel Strike","Twin Strike+1","Feed","Limit Break","Sword Boomerang"],"relics":["Burning Blood","NeowsBlessing","Red Skull","Dream Catcher","War Paint","The Courier","Cursed Key","Self Forming Clay"],"acts_visited":["Exordium","TheCity"],"potions_floor_usage":[6,6,16,21,23],"damage_taken":[{"damage":0,"enemies":"Small Slimes","floor":1,"turns":1},{"damage":0,"enemies":"Cultist","floor":4,"turns":1},{"damage":0,"enemies":"2 Louse","floor":5,"turns":1},{"damage":15,"enemies":"3 Sentries","floor":6,"turns":4},{"damage":24,"enemies":"Gremlin Nob","floor":8,"turns":4},{"damage":1,"enemies":"2 Fungi Beasts","floor":11,"turns":4},{"damage":30,"enemies":"The Guardian","floor":16,"turns":11},{"damage":16,"enemies":"Spheric Guardian","floor":18,"turns":4},{"damage":11,"enemies":"2 Thieves","floor":21,"turns":3},{"damage":54,"enemies":"Gremlin Leader","floor":23,"turns":5}],"seed_played":"-7921152054105214683","potions_obtained":[{"floor":4,"key":"AttackPotion"},{"floor":5,"key":"PowerPotion"},{"floor":6,"key":"BloodPotion"},{"floor":11,"key":"Fire Potion"},{"floor":18,"key":"SteroidPotion"}],"is_trial":false,"path_per_floor":["M","?","$","M","M","E","R","E","T","?","M","?","R","?","R","B",null,"M","?","?","M","?","E"],"character_chosen":"IRONCLAD","items_purchased":[],"campfire_rested":1,"item_purchase_floors":[],"current_hp_per_floor":[74,74,74,75,75,66,66,48,48,48,53,53,53,42,64,40,66,59,59,59,54,32,0,0],"gold":105,"neow_bonus":"THREE_ENEMY_KILL","is_daily":false,"chose_seed":false,"campfire_upgraded":2,"win_rate":0.0,"timestamp":1609991251,"path_taken":["M","?","$","?","M","E","R","E","T","?","M","?","R","?","R","BOSS","M","?","?","M","?","E"],"items_purchased_type":[],"build_version":"2020-12-22","purchased_purges":1,"victory":false,"max_hp_per_floor":[75,75,75,75,75,75,75,75,75,75,75,75,75,75,75,75,75,78,78,78,78,83,83,83],"card_choices":[{"not_picked":["Perfected Strike","Carnage"],"picked":"Cleave","floor":1},{"not_picked":["Pummel","Havoc"],"picked":"Clothesline","floor":4},{"not_picked":["Body Slam","Thunderclap"],"picked":"Pommel Strike","floor":5},{"not_picked":["Feel No Pain","Cleave","Rage"],"picked":"SKIP","floor":6},{"not_picked":["Warcry","Heavy Blade"],"picked":"Twin Strike","floor":8},{"not_picked":["Cleave","Power Through"],"picked":"Feed","floor":11},{"not_picked":["Corruption","Juggernaut"],"picked":"Limit Break","floor":16},{"not_picked":["Thunderclap","Fire Breathing","Pummel"],"picked":"SKIP","floor":18},{"not_picked":["Pummel","Feel No Pain"],"picked":"Sword Boomerang","floor":21}],"player_experience":1322082,"relics_obtained":[{"floor":6,"key":"Red Skull"},{"floor":8,"key":"Dream Catcher"},{"floor":9,"key":"War Paint"}],"event_choices":[{"damage_healed":0,"gold_gain":0,"player_choice":"Upgraded","damage_taken":0,"max_hp_gain":0,"max_hp_loss":0,"event_name":"Upgrade Shrine","floor":2,"gold_loss":0,"cards_upgraded":["Bash"]},{"damage_healed":0,"gold_gain":0,"player_choice":"Grow","damage_taken":0,"max_hp_gain":0,"max_hp_loss":0,"event_name":"Living Wall","floor":10,"gold_loss":0,"cards_upgraded":["Twin Strike"]},{"cards_removed":["Strike_R"],"damage_healed":0,"gold_gain":0,"player_choice":"Card Removal","damage_taken":0,"max_hp_gain":0,"max_hp_loss":0,"event_name":"The Cleric","floor":12,"gold_loss":75},{"damage_healed":0,"gold_gain":0,"player_choice":"Success","damage_taken":11,"relics_obtained":["The Courier"],"max_hp_gain":0,"max_hp_loss":0,"event_name":"Scrap Ooze","floor":14,"gold_loss":0},{"damage_healed":0,"gold_gain":0,"player_choice":"Ignored","damage_taken":0,"max_hp_gain":0,"max_hp_loss":0,"event_name":"Ghosts","floor":19,"gold_loss":0},{"damage_healed":0,"gold_gain":0,"player_choice":"Obtained Relic","damage_taken":0,"relics_obtained":["Self Forming Clay"],"max_hp_gain":0,"max_hp_loss":0,"event_name":"Addict","floor":20,"gold_loss":85},{"damage_healed":0,"gold_gain":0,"player_choice":"Shed Blood","damage_taken":27,"max_hp_gain":5,"max_hp_loss":0,"event_name":"Forgotten Altar","floor":22,"gold_loss":0}],"is_beta":false,"boss_relics":[{"not_picked":["Calling Bell","Runic Dome"],"picked":"Cursed Key"}],"items_purged_floors":[3],"is_endless":false,"potions_floor_spawned":[4,5,6,11,18],"killed_by":"Gremlin Leader","ascension_level":20}}