{"host":"7sni158j623xchr2","time":1609996038,"event":{"mods":["BaseMod","Colored Map","Highlight Path","Minty Spire (QoL Compilation)","Permanent Neow","Potion Indicator Mod","Rare Cards Sparkle","Relic Sorter","Relic Stats","StSLib","everything is the same but u backflip on backflip"],"gold_per_floor":[114,114,127,8,83,111,111,111,189,219,219,249,249,267,267,343,343,354,368,368,368,368,368,10,10,10,28,46,73,91,117,117,117,117],"floor_reached":33,"playtime":1064,"items_purged":["Strike_G","Strike_G"],"score":652,"play_id":"918b16dc-c12a-4d3d-81ad-80ce0158f365","local_time":"20210106230718","is_ascension_mode":true,"campfire_choices":[{"data":"Crippling Poison","floor":7,"key":"SMITH"},{"data":"Die Die Die","floor":11,"key":"SMITH"},{"data":"Poisoned Stab","floor":13,"key":"SMITH"},{"floor":15,"key":"REST"},{"floor":23,"key":"REST"},{"floor":25,"key":"REST"},{"data":"Bouncing Flask","floor":32,"key":"SMITH"}],"circlet_count":0,"master_deck":["AscendersBane","Strike_G","Strike_G","Defend_G","Defend_G","Defend_G","Defend_G","Survivor","Neutralize+1","Crippling Poison+1","Quick Slash","Masterful Stab","All Out Attack","Poisoned Stab+1","Die Die Die+1","Leg Sweep","Corpse Explosion","Bouncing Flask+1","Ghostly","Ghostly","Ghostly","Backflip","Footwork","Finesse","Deflect","Venomology","Bane+1"],"relics":["Ring of the Snake","StoneCalendar","Sundial","Gremlin Horn","Lantern","Cursed Key","Enchiridion","Mango","Ninja Scroll"],"acts_visited":["Exordium","TheCity"],"potions_floor_usage":[6,10,16,29,29,30,31,33,33,33,33,33],"damage_taken":[{"damage":4,"enemies":"2 Louse","floor":1,"turns":4},{"damage":2,"enemies":"Small Slimes","floor":3,"turns":5},{"damage":9,"enemies":"3 Sentries","floor":6,"turns":8},{"damage":10,"enemies":"Lagavulin","floor":10,"turns":7},{"damage":7,"enemies":"3 Sentries","floor":12,"turns":4},{"damage":0,"enemies":"Cultist","floor":14,"turns":2},{"damage":10,"enemies":"Hexaghost","floor":16,"turns":8},{"damage":8,"enemies":"Spheric Guardian","floor":18,"turns":4},{"damage":4,"enemies":"Chosen","floor":19,"turns":3},{"damage":3,"enemies":"Snake Plant","floor":27,"turns":5},{"damage":5,"enemies":"Sentry and Sphere","floor":28,"turns":5},{"damage":2,"enemies":"Gremlin Leader","floor":29,"turns":4},{"damage":3,"enemies":"Shelled Parasite and Fungi","floor":30,"turns":4},{"damage":5,"enemies":"Book of Stabbing","floor":31,"turns":6},{"damage":30,"enemies":"Champ","floor":33,"turns":9}],"seed_played":"-8214974292847864942","potions_obtained":[{"floor":1,"key":"CultistPotion"},{"floor":3,"key":"CunningPotion"},{"floor":14,"key":"LiquidBronze"},{"floor":16,"key":"DistilledChaos"},{"floor":19,"key":"Swift Potion"},{"floor":30,"key":"Fire Potion"},{"floor":31,"key":"Dexterity Potion"}],"is_trial":false,"path_per_floor":["M","?","M","$","?","E","R","?","T","E","R","E","R","M","R","B",null,"M","M","?","?","?","R","$","R","T","M","M","E","M","E","R","B"],"character_chosen":"THE_SILENT","items_purchased":["Masterful Stab","Backflip","Footwork","Finesse","Fire Potion"],"campfire_rested":3,"item_purchase_floors":[4,24,24,24,24],"current_hp_per_floor":[55,48,46,46,35,26,26,26,26,16,16,9,9,9,28,18,54,46,42,33,26,5,16,16,27,27,24,19,31,28,23,23,0,0],"gold":117,"neow_bonus":"UPGRADE_CARD","is_daily":false,"chose_seed":false,"campfire_upgraded":4,"win_rate":0.0,"timestamp":1609996038,"path_taken":["M","?","M","$","?","E","R","?","T","E","R","E","R","?","R","BOSS","M","M","?","?","?","R","$","R","T","M","M","E","M","E","R","BOSS"],"items_purchased_type":["Card","Card","Card","Card","Potion"],"build_version":"2020-12-22","purchased_purges":2,"victory":false,"max_hp_per_floor":[66,66,66,66,66,66,66,66,66,66,66,66,66,66,66,66,66,66,66,33,38,38,38,38,38,38,38,38,52,52,52,52,52,52],"relic_stats":{"Gremlin Horn":[7,7],"counters":[15,78],"Sundial":[8],"StoneCalendar":[102],"Cursed Key":0,"obtain_stats":[{"Lantern":12,"Gremlin Horn":10,"Sundial":9,"Ninja Scroll":31,"Enchiridion":22,"StoneCalendar":6,"Mango":29,"Cursed Key":17,"Ring of the Snake":0},{"Lantern":5,"Gremlin Horn":4,"Sundial":3,"Ninja Scroll":14,"Enchiridion":9,"StoneCalendar":3,"Mango":12,"Cursed Key":7,"Ring of the Snake":0},{"Lantern":28,"Gremlin Horn":24,"Sundial":17,"Ninja Scroll":69,"Enchiridion":45,"StoneCalendar":17,"Mango":59,"Cursed Key":38,"Ring of the Snake":0}],"Ring of the Snake":[29]},"card_choices":[{"not_picked":["Finisher","Underhanded Strike"],"picked":"Crippling Poison","floor":1},{"not_picked":["Dodge and Roll","Deadly Poison"],"picked":"Quick Slash","floor":3},{"not_picked":["Heel Hook","Backflip"],"picked":"All Out Attack","floor":6},{"not_picked":["Heel Hook","Escape Plan"],"picked":"Die Die Die","floor":10},{"not_picked":["Slice","Outmaneuver","Quick Slash"],"picked":"SKIP","floor":12},{"not_picked":["Dagger Throw","Deadly Poison"],"picked":"Leg Sweep","floor":14},{"not_picked":["Envenom","After Image"],"picked":"Corpse Explosion","floor":16},{"not_picked":["Poisoned Stab","Choke"],"picked":"Bouncing Flask","floor":18},{"not_picked":["Prepared","Tactician+1","Slice"],"picked":"SKIP","floor":19},{"not_picked":["Outmaneuver+1","Calculated Gamble"],"picked":"Deflect","floor":27},{"not_picked":["Outmaneuver","Reflex","Acrobatics"],"picked":"SKIP","floor":28},{"not_picked":["Deflect","Storm of Steel"],"picked":"Venomology","floor":29},{"not_picked":["Riddle With Holes","Acrobatics"],"picked":"Bane+1","floor":30},{"not_picked":["Dagger Spray","Quick Slash","Underhanded Strike"],"picked":"SKIP","floor":31}],"player_experience":1601827,"relics_obtained":[{"floor":6,"key":"StoneCalendar"},{"floor":9,"key":"Sundial"},{"floor":10,"key":"Gremlin Horn"},{"floor":12,"key":"Lantern"},{"floor":22,"key":"Enchiridion"},{"floor":29,"key":"Mango"},{"floor":31,"key":"Ninja Scroll"}],"event_choices":[{"cards_removed":["Defend_G"],"damage_healed":0,"gold_gain":0,"player_choice":"Card Removal","damage_taken":7,"max_hp_gain":0,"max_hp_loss":0,"event_name":"Golden Wing","floor":2,"gold_loss":0},{"damage_healed":0,"gold_gain":75,"player_choice":"Gather Gold","damage_taken":11,"max_hp_gain":0,"max_hp_loss":0,"event_name":"World of Goop","floor":5,"gold_loss":0},{"damage_healed":0,"gold_gain":0,"cards_transformed":["Strike_G"],"player_choice":"Transformed","damage_taken":0,"max_hp_gain":0,"max_hp_loss":0,"event_name":"Transmorgrifier","floor":8,"gold_loss":0,"cards_obtained":["Poisoned Stab"]},{"damage_healed":0,"gold_gain":0,"player_choice":"Became a Ghost","damage_taken":0,"max_hp_gain":0,"max_hp_loss":33,"event_name":"Ghosts","floor":20,"gold_loss":0,"cards_obtained":["Ghostly","Ghostly","Ghostly"]},{"damage_healed":0,"gold_gain":0,"player_choice":"Shed Blood","damage_taken":12,"max_hp_gain":5,"max_hp_loss":0,"event_name":"Forgotten Altar","floor":21,"gold_loss":0},{"damage_healed":0,"gold_gain":0,"player_choice":"Obtained Book","damage_taken":21,"max_hp_gain":0,"max_hp_loss":0,"event_name":"Cursed Tome","floor":22,"gold_loss":0}],"is_beta":false,"boss_relics":[{"not_picked":["Sozu","Astrolabe"],"picked":"Cursed Key"}],"items_purged_floors":[4,24],"is_endless":false,"potions_floor_spawned":[1,3,14,16,19,28,30,31],"killed_by":"Champ","ascension_level":20}}