{"host":"e5u7qs1emxzejr12","time":1609992818,"event":{"mods":["2.2 Compatiblity","Act Like it!","Arknights The Spire","BaseMod","CapriCore","Card Forge","Conspire","Custom Start","Dota2Spire","Downfall","Highlight Path","Infinite Spire","Luminous","Marisa£®ÏF”Í°°ƒß¿Ì…≥£©","Minty Spire (QoL Compilation)","Quick Restart","Replay The Spire","StSLib","SuperFastMode","The Cursed","The Immortal","The Servant 0.9.4","TheWitcher","UnlockEverythingMod","°æ“≈ŒÔø®≈∆°øREMEMod"],"gold_per_floor":[99,110,110,130,130,130,130,155,180,201,201,239,257,93,124,227,227,227,258,286,316,316,316,340,377,377,410,410,460,491,599,633,736,736,736,767,767,767,767],"floor_reached":37,"playtime":2073,"items_purged":[],"score":569,"play_id":"af939040-cae0-4ecc-a509-ccedd5b929de","local_time":"20210107121338","is_ascension_mode":false,"campfire_choices":[{"floor":1.0,"key":"RECALL"},{"floor":11.0,"key":"REST"},{"floor":23,"key":"REST"},{"floor":26,"key":"REST"},{"floor":35,"key":"DIG"}],"circlet_count":0,"master_deck":["hexamod:Sear+1","hexamod:Float+1","Luminous:Freud_Wisdom1_Luminous+7","hexamod:SecondSeal","hexamod:Hexaguard+1","infinitespire:NeuralNetwork+1","hexamod:TimeOfNeed+1","hexamod:FirstSeal","hexamod:SecondSeal","hexamod:TimeOfNeed+1","CurseOfTheBell","hexamod:WildfireWeapon+1","hexamod:ExtraCrispy+1","hexamod:GhostOfSpirePast+1","Ghostly+1","Ghostly+1","Ghostly+1","hexamod:SkipABeat+1","hexamod:GhostOfSpirePast+1","hexamod:ThirdSeal","hexamod:GhostflameInferno+1","hexamod:BurningTouch+1","hexamod:Sear+1","expansioncontent:DecasProtection+1","hexamod:EmpoweringStance"],"relics":["hexamod:SpiritBrand","Hammer of Thor","Seething Fire","Anvil of the Gods","REME_ComplimentaryCards","Dota2Spire:PhaseBoots","Dota2Spire:MantaStyle","Whetstone","ReplayTheSpireMod:TigerMarble","Calling Bell","Pen Nib","SnafuTest:BearRelic","Du-Vu Doll","infinitespire:Beetle Shell","Pantograph","FossilizedHelix","Tiny House","WingedGreaves","downfall:GremlinSack","Busted Crown","Kunai"],"acts_visited":["Exordium","TheCity","TheBeyond"],"potions_floor_usage":[],"damage_taken":[{"damage":1.0,"enemies":"2 Louse","floor":2.0,"turns":3.0},{"damage":0.0,"enemies":"Cultist","floor":4.0,"turns":3.0},{"damage":9.0,"enemies":"Lagavulin","floor":8.0,"turns":6.0},{"damage":0.0,"enemies":"Jaw Worm","floor":9.0,"turns":4.0},{"damage":0.0,"enemies":"Exordium Wildlife","floor":10.0,"turns":5.0},{"damage":10.0,"enemies":"Gremlin Nob","floor":12.0,"turns":4.0},{"damage":0.0,"enemies":"3 Louse","floor":13.0,"turns":6.0},{"damage":4,"enemies":"downfall:FleeingMerchant","floor":14,"turns":4},{"damage":7,"enemies":"2 Fungi Beasts","floor":15,"turns":3},{"damage":4,"enemies":"downfall:Ironclad","floor":16,"turns":8},{"damage":9,"enemies":"Shell Parasite","floor":19,"turns":4},{"damage":3,"enemies":"3 Byrds","floor":20,"turns":5},{"damage":14,"enemies":"Cultist and Chosen","floor":21,"turns":7},{"damage":0,"enemies":"Nightmare","floor":25,"turns":10},{"damage":3,"enemies":"Snecko","floor":27,"turns":7},{"damage":0,"enemies":"conspire:Head Lice","floor":30,"turns":5},{"damage":0,"enemies":"conspire:Head Lice","floor":31,"turns":3},{"damage":0,"enemies":"Snake Plant","floor":32,"turns":4},{"damage":0,"enemies":"downfall:Silent","floor":33,"turns":7},{"damage":37,"enemies":"3 Darklings","floor":36,"turns":9},{"damage":30,"enemies":"3 Shapes","floor":37,"turns":3}],"seed_played":"4001038540868506246","potions_obtained":[{"floor":2.0,"key":"Strength Potion"},{"floor":10.0,"key":"SpeedPotion"},{"floor":15,"key":"Dota2Spire:Clarity"}],"is_trial":false,"path_per_floor":["R","M","?","M","?","T","T","E","M","M","R","E","M","$","M","B",null,"R","M","M","M","?","R","T","NM","R","M","?","AVR","E","?","M","B",null,"R","M","M"],"character_chosen":"THE_SPIRIT","items_purchased":["ReplayTheSpireMod:TigerMarble"],"campfire_rested":3,"item_purchase_floors":[14],"current_hp_per_floor":[77,76,76,77,77,77,77,74,77,77,77,67,73,77,70,72,77,77,77,77,70,38,38,38,38,38,35,35,40,43,43,43,43,43,43,19,0,0,0],"gold":767,"neow_bonus":"TEN_PERCENT_HP_BONUS","is_daily":false,"chose_seed":false,"campfire_upgraded":0,"win_rate":0.0,"timestamp":1609992818,"path_taken":["R","M","?","?","?","?","T","E","M","M","R","E","M","$","M","BOSS","R","M","M","M","?","R","T","NM","R","M","?","AVR","E","?","M","BOSS","R","M","M"],"items_purchased_type":["Relic"],"build_version":"2020-12-22","purchased_purges":0,"victory":false,"max_hp_per_floor":[77,77,77,77,77,77,77,77,77,77,77,77,77,77,77,77,77,77,77,77,77,38,38,38,38,38,38,38,43,43,43,43,43,43,43,43,43,43,43],"card_choices":[{"not_picked":["hexamod:RadiantFlame","hexamod:FastForward"],"picked":"hexamod:SecondSeal","floor":2.0},{"not_picked":["hexamod:RecurringNightmare","hexamod:FourthSeal"],"picked":"hexamod:Hexaguard","floor":4.0},{"not_picked":["ReplayTheSpireMod:Chaos Vortex","infinitespire:TheBestDefense"],"picked":"infinitespire:NeuralNetwork","floor":5.0},{"not_picked":["hexamod:ThermalTransfer","hexamod:EtherealExpedition"],"picked":"hexamod:TimeOfNeed","floor":8.0},{"not_picked":["hexamod:Again","hexamod:SkipABeat","hexamod:RetreatToShadows"],"picked":"SKIP","floor":9.0},{"not_picked":["hexamod:GhostflameBarrier","hexamod:Haunt","hexamod:InspiringFlames"],"picked":"SKIP","floor":10.0},{"not_picked":["hexamod:Hexaguard","hexamod:GhostLash"],"picked":"hexamod:FirstSeal","floor":12.0},{"not_picked":["hexamod:HeatMetal","hexamod:NightmareGuise"],"picked":"hexamod:SecondSeal","floor":13.0},{"not_picked":["hexamod:FirstSeal","hexamod:SwordOfDarkness","hexamod:ThermalTransfer"],"picked":"SKIP","floor":14},{"not_picked":["hexamod:ShieldOfDarkness","hexamod:GhostShield","hexamod:SpectersWail"],"picked":"SKIP","floor":15},{"not_picked":["hexamod:HexaLevel","hexamod:ParanormalForm"],"picked":"hexamod:TimeOfNeed","floor":16},{"not_picked":["hexamod:EtherealExpedition","hexamod:PhantomFireball","hexamod:RainOfEmbers+1"],"picked":"SKIP","floor":19},{"not_picked":["hexamod:RecurringNightmare","hexamod:NightmareStrike"],"picked":"hexamod:ExtraCrispy","floor":20},{"not_picked":["hexamod:GhostflameBarrier","hexamod:ThermalTransfer+1"],"picked":"hexamod:GhostOfSpirePast","floor":21},{"not_picked":["hexamod:SpectralAdrenaline","hexamod:RadiantFlame"],"picked":"hexamod:SkipABeat","floor":25},{"not_picked":["hexamod:FirstSeal","hexamod:FastForward"],"picked":"hexamod:GhostOfSpirePast","floor":27},{"not_picked":["hexamod:ThermalTransfer+1","hexamod:SecondSeal"],"picked":"hexamod:ThirdSeal","floor":29},{"not_picked":["hexamod:NightmareGuise+1","hexamod:CatchUp+1"],"picked":"hexamod:GhostflameInferno","floor":30},{"not_picked":["hexamod:EtherealExpedition","hexamod:PhantomFireball","hexamod:GhostLash+1"],"picked":"SKIP","floor":30},{"not_picked":["hexamod:Incineration+1","hexamod:GhostOfSpirePast","hexamod:RetreatToShadows+1"],"picked":"SKIP","floor":32},{"not_picked":["hexamod:StepThrough","hexamod:Hexaguard","hexamod:Firestarter"],"picked":"SKIP","floor":32},{"not_picked":["hexamod:TurnItUp","hexamod:CrushingStance"],"picked":"hexamod:EmpoweringStance","floor":33},{"not_picked":["hexamod:NightmareGuise+1"],"picked":"SKIP","floor":36},{"not_picked":["hexamod:ThermalTransfer"],"picked":"SKIP","floor":36},{"not_picked":["hexamod:NightmareGuise+1"],"picked":"SKIP","floor":36},{"not_picked":["hexamod:ThermalTransfer"],"picked":"SKIP","floor":36}],"player_experience":76555,"relics_obtained":[{"floor":7.0,"key":"Dota2Spire:PhaseBoots"},{"floor":8.0,"key":"Dota2Spire:MantaStyle"},{"floor":12.0,"key":"Whetstone"},{"floor":17,"key":"Pen Nib"},{"floor":17,"key":"SnafuTest:BearRelic"},{"floor":17,"key":"Du-Vu Doll"},{"floor":24,"key":"infinitespire:Beetle Shell"},{"floor":25,"key":"Pantograph"},{"floor":30,"key":"WingedGreaves"},{"floor":31,"key":"downfall:GremlinSack"},{"floor":35,"key":"Kunai"}],"event_choices":[{"damage_healed":0.0,"max_hp_gain":0.0,"max_hp_loss":0.0,"gold_gain":0.0,"event_name":"NoteForYourself","player_choice":"Ignored","floor":3.0,"gold_loss":0.0,"damage_taken":0.0},{"damage_healed":0,"gold_gain":0,"player_choice":"Ignored","damage_taken":0,"max_hp_gain":0,"max_hp_loss":0,"event_name":"Vampires","floor":28,"gold_loss":0}],"is_beta":false,"boss_relics":[{"not_picked":["SacredBark","conspire:SeveredTorchhead"],"picked":"Calling Bell"},{"not_picked":["Abe\u0027s Treasure","REME_ChargedStone"],"picked":"Busted Crown"}],"items_purged_floors":[],"is_endless":true,"potions_floor_spawned":[2,10,15,16,25,27,30,33,36],"killed_by":"3 Shapes","ascension_level":0}}