{"host":"adv1uqz3812gqgbw","time":1609997809,"event":{"mods":["BaseMod","Better Note","Colored Powertips","Custom Start","GifTheSpireLib","Hermit","Minty Spire (QoL Compilation)","SacredBarkPlus","StSLib","The Runesmith","Uncapped"],"gold_per_floor":[435,489,489,539,569,653,665,764,799,811,907,952,964,1018,1030,1273,1285,1351,1405,1417,1465,1507,1600,1612,1705,1717,1729,1741,1753,1840,1852,1864,2104,2116,2164,2212,2224,2290,1931,2033,2033,2138,2183,2225,2306,2384,2384,2384,2384,2384,2384],"floor_reached":52,"playtime":1580,"items_purged":[],"score":3142,"play_id":"882653c6-0794-4281-bba6-ac52acf126a4","local_time":"20210107033648","daily_mods":["Diverse","Colorless Cards","Time Dilation","DeadlyEvents","Binary","Elite Swarm","Lethality","Midas","Uncertain Future"],"is_ascension_mode":true,"campfire_choices":[{"floor":7,"key":"REST"},{"floor":10,"key":"REST"},{"floor":15,"key":"REST"},{"floor":24,"key":"REST"},{"floor":27,"key":"REST"},{"floor":32,"key":"REST"},{"floor":41,"key":"REST"},{"floor":47,"key":"REST"},{"floor":49,"key":"REST"}],"circlet_count":0,"master_deck":["Impervious+1","Body Slam+1","Body Slam+1","Body Slam+1","BootSequence+1","BootSequence+1","Chill+1","Chill+1","Chill+1","Chill+1","Chill+1","Finesse"],"relics":["Burning Blood","Bag of Preparation","Bag of Marbles","Vajra","Unceasing Top","Bottled Lightning","Anchor","hermit:DentedPlate","Old Coin","Paper Frog","Pear","Ring of the Snake","Singing Bowl","Akabeko","WristBlade","Frozen Eye","MawBank","Question Card","MealTicket","Runic Cube","Boot","MutagenicStrength","Brimstone","Potion Belt","Charon\u0027s Ashes","Dream Catcher","White Beast Statue","HornCleat"],"acts_visited":["Exordium","TheCity","TheBeyond"],"potions_floor_usage":[39,50,50,50,50],"damage_taken":[{"damage":0,"enemies":"Jaw Worm","floor":1,"turns":1},{"damage":0,"enemies":"Cultist","floor":2,"turns":1},{"damage":0,"enemies":"Small Slimes","floor":5,"turns":1},{"damage":0,"enemies":"3 Sentries","floor":6,"turns":1},{"damage":0,"enemies":"Lagavulin","floor":8,"turns":1},{"damage":0,"enemies":"Gremlin Nob","floor":11,"turns":1},{"damage":0,"enemies":"Red Slaver","floor":12,"turns":1},{"damage":0,"enemies":"2 Fungi Beasts","floor":14,"turns":1},{"damage":0,"enemies":"The Guardian","floor":16,"turns":1},{"damage":0,"enemies":"3 Byrds","floor":18,"turns":1},{"damage":0,"enemies":"Chosen","floor":19,"turns":1},{"damage":0,"enemies":"Snake Plant","floor":21,"turns":1},{"damage":0,"enemies":"Centurion and Healer","floor":22,"turns":1},{"damage":0,"enemies":"Slavers","floor":23,"turns":1},{"damage":0,"enemies":"Book of Stabbing","floor":25,"turns":1},{"damage":0,"enemies":"Slavers","floor":30,"turns":1},{"damage":0,"enemies":"Collector","floor":33,"turns":1},{"damage":0,"enemies":"Orb Walker","floor":35,"turns":1},{"damage":0,"enemies":"3 Darklings","floor":36,"turns":1},{"damage":0,"enemies":"Sphere and 2 Shapes","floor":38,"turns":1},{"damage":0,"enemies":"Nemesis","floor":40,"turns":1},{"damage":0,"enemies":"Giant Head","floor":42,"turns":1},{"damage":0,"enemies":"Transient","floor":44,"turns":1},{"damage":0,"enemies":"Nemesis","floor":45,"turns":1},{"damage":0,"enemies":"Giant Head","floor":46,"turns":1},{"damage":0,"enemies":"Time Eater","floor":50,"turns":1},{"damage":0,"enemies":"Awakened One","floor":51,"turns":2}],"seed_played":"4335755706293811348","potions_obtained":[{"floor":2,"key":"ColorlessPotion"},{"floor":5,"key":"ColorlessPotion"},{"floor":12,"key":"SpeedPotion"},{"floor":21,"key":"EssenceOfSteel"},{"floor":40,"key":"Block Potion"},{"floor":44,"key":"SpeedPotion"},{"floor":46,"key":"Strength Potion"}],"is_trial":true,"path_per_floor":["M","M","$","?","M","E","R","E","T","R","E","M","?","M","R","B",null,"M","M","$","M","M","E","R","E","T","R","$","?","E","?","R","B",null,"M","M","?","M","$","E","R","E","T","M","E","E","R","$","R","B","B",null],"character_chosen":"IRONCLAD","items_purchased":["Brimstone","Fruit Juice","Finesse"],"campfire_rested":9,"item_purchase_floors":[39,39,39],"current_hp_per_floor":[45,47,47,47,49,51,51,53,53,53,55,57,57,59,59,61,61,63,65,65,67,69,71,71,73,73,73,73,73,75,75,75,77,77,79,81,81,83,88,90,90,92,92,94,96,98,100,100,102,102,102],"gold":2384,"neow_bonus":"","is_daily":false,"chose_seed":false,"campfire_upgraded":0,"win_rate":0.0,"timestamp":1609997808,"path_taken":["M","M","$","?","?","E","R","E","T","R","E","M","?","M","R","BOSS","M","M","$","M","M","E","R","E","T","R","?","?","E","?","R","BOSS","M","M","?","M","$","E","R","E","T","M","?","E","R","?","R","BOSS","BOSS"],"items_purchased_type":["Relic","Potion","Card"],"build_version":"2020-12-22","purchased_purges":0,"victory":true,"max_hp_per_floor":[45,47,47,47,49,51,51,53,53,53,55,57,57,59,59,61,61,63,65,65,67,69,71,71,73,73,73,73,73,75,75,75,77,77,79,81,81,83,88,90,90,92,92,94,96,98,100,100,102,102,102],"card_choices":[{"not_picked":["Runesmith:HeatExchange","Whirlwind"],"picked":"Singing Bowl","floor":1},{"not_picked":["Warcry","Trip"],"picked":"Singing Bowl","floor":2},{"not_picked":["hermit:Gestalt","Bloodletting"],"picked":"Singing Bowl","floor":5},{"not_picked":["Establishment","Immolate"],"picked":"Singing Bowl","floor":6},{"not_picked":["Die Die Die","hermit:DeadOrAlive"],"picked":"Singing Bowl","floor":8},{"not_picked":["Corpse Explosion","Runesmith:DuctTape","Runesmith:FissionHammer"],"picked":"Singing Bowl","floor":11},{"not_picked":["Go for the Eyes","BowlingBash","Melter"],"picked":"Singing Bowl","floor":12},{"not_picked":["Sword Boomerang","Acrobatics","ThirdEye"],"picked":"Singing Bowl","floor":14},{"not_picked":["hermit:FinalCanter","Night Terror","Brilliance"],"picked":"Singing Bowl","floor":16},{"not_picked":["Crippling Poison+1","Combust","Cloak And Dagger"],"picked":"Singing Bowl","floor":18},{"not_picked":["Runesmith:Prism","Cold Snap","Rebound"],"picked":"Singing Bowl","floor":19},{"not_picked":["hermit:Roulette+1","Mind Blast","hermit:Manifest+1"],"picked":"Singing Bowl","floor":21},{"not_picked":["JustLucky","hermit:HoleUp","Runesmith:GoWithTheFlow"],"picked":"Singing Bowl","floor":22},{"not_picked":["DeusExMachina","Brutality","All For One"],"picked":"Singing Bowl","floor":23},{"not_picked":["Secret Technique","Burst","Buffer"],"picked":"Singing Bowl","floor":25},{"not_picked":["Blasphemy","Glass Knife","hermit:EternalForm"],"picked":"Singing Bowl","floor":30},{"not_picked":["Exhume","LessonLearned","Phantasmal Killer"],"picked":"Singing Bowl","floor":33},{"not_picked":["Good Instincts","Perfected Strike+1","hermit:Midnight"],"picked":"Singing Bowl","floor":35},{"not_picked":["Heavy Blade","Runesmith:Grindstone","Blade Dance"],"picked":"Singing Bowl","floor":36},{"not_picked":["Bane","ThirdEye+1","Bandage Up+1"],"picked":"Singing Bowl","floor":38},{"not_picked":["Runesmith:Supernova","Double Tap","Runesmith:ArcReactor"],"picked":"Singing Bowl","floor":40},{"not_picked":["Barricade","Secret Technique","Malaise"],"picked":"Singing Bowl","floor":42},{"not_picked":["Accuracy+1","Tantrum","ThirdEye"],"picked":"Singing Bowl","floor":44},{"not_picked":["Vault","Bludgeon","Thinking Ahead"],"picked":"Singing Bowl","floor":45},{"not_picked":["Judgement","Creative AI","MasterReality"],"picked":"Singing Bowl","floor":46},{"not_picked":["Runesmith:Firestorm+1","hermit:Deadeye+1","EmptyBody"],"picked":"Singing Bowl","floor":47},{"not_picked":["Compile Driver","hermit:Coalescence","Deflect"],"picked":"Singing Bowl","floor":49}],"player_experience":349592,"relics_obtained":[{"floor":6,"key":"MawBank"},{"floor":8,"key":"Question Card"},{"floor":11,"key":"MealTicket"},{"floor":23,"key":"Boot"},{"floor":40,"key":"Potion Belt"},{"floor":42,"key":"Charon\u0027s Ashes"},{"floor":43,"key":"Dream Catcher"},{"floor":45,"key":"White Beast Statue"},{"floor":46,"key":"HornCleat"}],"event_choices":[{"damage_healed":0,"gold_gain":50,"player_choice":"Pray","damage_taken":0,"max_hp_gain":0,"max_hp_loss":0,"event_name":"Golden Shrine","floor":4,"gold_loss":0},{"damage_healed":0,"gold_gain":0,"player_choice":"Ignored","damage_taken":0,"max_hp_gain":0,"max_hp_loss":0,"event_name":"betterNote:BetterNote","floor":13,"gold_loss":0,"cards_obtained":["Clash"]},{"damage_healed":0,"gold_gain":0,"player_choice":"Inject Mutagens","damage_taken":0,"relics_obtained":["MutagenicStrength"],"max_hp_gain":0,"max_hp_loss":0,"event_name":"Drug Dealer","floor":29,"gold_loss":0},{"damage_healed":0,"gold_gain":0,"player_choice":"Read","damage_taken":0,"max_hp_gain":0,"max_hp_loss":0,"event_name":"The Library","floor":31,"gold_loss":0,"cards_obtained":["PanicButton"]},{"cards_removed":["PanicButton"],"damage_healed":0,"gold_gain":0,"player_choice":"Purged","damage_taken":0,"max_hp_gain":0,"max_hp_loss":0,"event_name":"Purifier","floor":37,"gold_loss":0}],"is_beta":false,"boss_relics":[{"not_picked":["Busted Crown","Fusion Hammer"],"picked":"Runic Cube"},{"not_picked":["Coffee Dripper","Runesmith:UraniumAnvil","Philosopher\u0027s Stone"]}],"items_purged_floors":[],"is_endless":false,"potions_floor_spawned":[2,5,12,18,21,25,33,36,38,40,44,46],"ascension_level":20}}