{"host":"jn2qdns2nxijvlnt","time":1609983232,"event":{"mods":["BaseMod","Minty Spire (QoL Compilation)","Quick Restart"],"gold_per_floor":[112,185,201,201,215,240,240,3,3,31,45,60,13,13,13,137,437,451,726,6,29,52,52,91,91,118,143,183,183,133,156,156,281,281,301,321,341,341,38,71,86,86,86,86,86,150,185,198,198,198],"floor_reached":51,"playtime":4869,"items_purged":["Regret"],"score":979,"play_id":"a5fa2f2d-13b4-4f34-8d9c-917c19be0a60","local_time":"20210106203352","is_ascension_mode":true,"campfire_choices":[{"floor":7.0,"key":"REST"},{"floor":15.0,"key":"REST"},{"floor":23.0,"key":"REST"},{"floor":29.0,"key":"DIG"},{"floor":32.0,"key":"REST"},{"floor":42.0,"key":"REST"},{"floor":44.0,"key":"DIG"},{"floor":49.0,"key":"DIG"}],"circlet_count":0,"master_deck":["Strike_G","Strike_G","Strike_G","Strike_G","Strike_G","Defend_G","Defend_G","Defend_G","Defend_G","Defend_G","Survivor","Neutralize","Dash","Blade Dance","Concentrate","Infinite Blades","Deflect","Masterful Stab+1","Accuracy","Flying Knee+1","Storm of Steel","CurseOfTheBell","Predator+1","Blade Dance","Underhanded Strike+1","Crippling Poison+1","Masterful Stab+1","Caltrops+1","After Image","Discovery"],"relics":["Ring of the Snake","HornCleat","Ornamental Fan","Lee\u0027s Waffle","Molten Egg 2","Mercury Hourglass","Golden Idol","Calling Bell","Tiny Chest","Sundial","Old Coin","Bottled Flame","Strawberry","Pen Nib","Orichalcum","Bag of Marbles","Shovel","Letter Opener","Busted Crown","Eternal Feather","Ice Cream","Smiling Mask","Pantograph","Snake Skull","Lizard Tail","Regal Pillow","Art of War"],"acts_visited":["Exordium","TheCity","TheBeyond"],"potions_floor_usage":[50,50],"damage_taken":[{"damage":9.0,"enemies":"2 Louse","floor":1.0,"turns":4.0},{"damage":2.0,"enemies":"Cultist","floor":3.0,"turns":4.0},{"damage":1.0,"enemies":"Jaw Worm","floor":5.0,"turns":4.0},{"damage":29.0,"enemies":"Lagavulin","floor":6.0,"turns":9.0},{"damage":3.0,"enemies":"3 Sentries","floor":10.0,"turns":7.0},{"damage":0.0,"enemies":"Blue Slaver","floor":11.0,"turns":3.0},{"damage":0.0,"enemies":"Gremlin Gang","floor":12.0,"turns":3.0},{"damage":33.0,"enemies":"The Guardian","floor":16.0,"turns":9.0},{"damage":17.0,"enemies":"Shell Parasite","floor":18.0,"turns":5.0},{"damage":4.0,"enemies":"3 Byrds","floor":21.0,"turns":4.0},{"damage":4.0,"enemies":"3 Cultists","floor":22.0,"turns":4.0},{"damage":16.0,"enemies":"Slavers","floor":24.0,"turns":4.0},{"damage":17.0,"enemies":"Gremlin Leader","floor":28.0,"turns":7.0},{"damage":0.0,"enemies":"Centurion and Healer","floor":31.0,"turns":1.0},{"damage":89.0,"enemies":"Automaton","floor":33.0,"turns":9.0},{"damage":6.0,"enemies":"3 Darklings","floor":35.0,"turns":5.0},{"damage":11.0,"enemies":"3 Shapes","floor":36.0,"turns":3.0},{"damage":22.0,"enemies":"Sphere and 2 Shapes","floor":37.0,"turns":4.0},{"damage":27.0,"enemies":"Giant Head","floor":40.0,"turns":7.0},{"damage":0.0,"enemies":"4 Shapes","floor":41.0,"turns":3.0},{"damage":14.0,"enemies":"2 Orb Walkers","floor":46.0,"turns":4.0},{"damage":44.0,"enemies":"Nemesis","floor":47.0,"turns":7.0},{"damage":38.0,"enemies":"Transient","floor":48.0,"turns":5.0},{"damage":75,"enemies":"Time Eater","floor":50,"turns":9}],"seed_played":"8441516490483094530","potions_obtained":[{"floor":5.0,"key":"Regen Potion"},{"floor":6.0,"key":"BlessingOfTheForge"},{"floor":11.0,"key":"CunningPotion"},{"floor":16.0,"key":"Regen Potion"},{"floor":21.0,"key":"Swift Potion"},{"floor":24.0,"key":"FairyPotion"},{"floor":28.0,"key":"SteroidPotion"},{"floor":36.0,"key":"AttackPotion"},{"floor":37.0,"key":"DuplicationPotion"},{"floor":47.0,"key":"FearPotion"},{"floor":48.0,"key":"ColorlessPotion"}],"is_trial":false,"path_per_floor":["M","?","M","?","M","E","R","$","T","E","M","M","$","?","R","B",null,"M","?","$","M","M","R","E","?","T","T","E","R","?","M","R","B",null,"M","M","M","T","$","E","M","R","T","R","?","?","E","M","R","B",null],"character_chosen":"THE_SILENT","items_purchased":["Lee\u0027s Waffle","Fire Potion","Infinite Blades","Flying Knee+1","Bottled Flame","Strawberry","Blade Dance","CultistPotion","Dexterity Potion","Poison Potion","Ice Cream"],"campfire_rested":5,"item_purchase_floors":[8,8,8,13,20,20,20,20,20,20,39],"current_hp_per_floor":[68,68,66,66,65,50,73,84,84,81,81,81,81,60,84,51,76,73,73,80,76,72,91,75,75,75,75,58,58,58,58,85,27,75,69,58,36,36,36,9,9,51,51,66,66,52,8,45,63,13],"gold":198,"neow_bonus":"TEN_PERCENT_HP_BONUS","is_daily":false,"chose_seed":false,"campfire_upgraded":0,"win_rate":0.0,"timestamp":1609983232,"path_taken":["M","?","M","?","M","E","R","$","T","E","M","?","$","?","R","BOSS","M","?","$","M","?","R","E","?","T","?","E","R","?","?","R","BOSS","M","?","M","?","$","E","M","R","T","R","?","?","E","M","R","BOSS"],"items_purchased_type":["Relic","Potion","Card","Card","Relic","Relic","Card","Potion","Potion","Potion","Relic"],"build_version":"2020-12-22","purchased_purges":1,"victory":true,"max_hp_per_floor":[77,77,77,77,77,77,77,84,84,84,84,84,84,84,84,84,84,84,84,91,91,91,91,91,91,91,91,91,91,91,91,91,91,91,91,91,91,91,91,91,91,91,91,91,91,91,91,91,91,91],"card_choices":[{"not_picked":["PiercingWail","Footwork"],"picked":"Dash","floor":1.0},{"not_picked":["Sucker Punch","Deflect"],"picked":"Caltrops","floor":3.0},{"not_picked":["Underhanded Strike","Heel Hook"],"picked":"Blade Dance","floor":5.0},{"not_picked":["Skewer","Sucker Punch"],"picked":"Concentrate","floor":6.0},{"not_picked":["Expertise","Flechettes+1"],"picked":"Deflect","floor":10.0},{"not_picked":["Flechettes+1","Deadly Poison"],"picked":"Masterful Stab+1","floor":11.0},{"not_picked":["Heel Hook+1","Flying Knee+1"],"picked":"Accuracy","floor":12.0},{"not_picked":["Tools of the Trade","Corpse Explosion"],"picked":"Storm of Steel","floor":16.0},{"not_picked":["Backflip","Outmaneuver"],"picked":"Predator+1","floor":18.0},{"not_picked":["Poisoned Stab+1","Deflect+1"],"picked":"Underhanded Strike+1","floor":21.0},{"not_picked":["Flying Knee+1","Dodge and Roll"],"picked":"Crippling Poison+1","floor":22.0},{"not_picked":["Storm of Steel","Prepared"],"picked":"Masterful Stab+1","floor":24.0},{"not_picked":["Noxious Fumes+1","Bane+1"],"picked":"Caltrops+1","floor":28.0},{"not_picked":["Prepared","Poisoned Stab+1","Bane+1"],"picked":"SKIP","floor":31.0},{"not_picked":["Night Terror","Corpse Explosion"],"picked":"After Image","floor":33.0},{"not_picked":["Quick Slash+1"],"picked":"SKIP","floor":35.0},{"not_picked":["PiercingWail"],"picked":"SKIP","floor":36.0},{"not_picked":["Heel Hook+1"],"picked":"SKIP","floor":37.0},{"not_picked":["Deflect"],"picked":"SKIP","floor":40.0},{"not_picked":["Dagger Spray+1"],"picked":"SKIP","floor":41.0},{"not_picked":[],"picked":"Discovery","floor":45.0},{"not_picked":["Accuracy"],"picked":"SKIP","floor":47.0},{"not_picked":["PiercingWail+1"],"picked":"SKIP","floor":48.0}],"player_experience":488904,"relics_obtained":[{"floor":6.0,"key":"Ornamental Fan"},{"floor":9.0,"key":"Molten Egg 2"},{"floor":10.0,"key":"Mercury Hourglass"},{"floor":17.0,"key":"Tiny Chest"},{"floor":17.0,"key":"Sundial"},{"floor":17.0,"key":"Old Coin"},{"floor":24.0,"key":"Pen Nib"},{"floor":26.0,"key":"Orichalcum"},{"floor":27.0,"key":"Bag of Marbles"},{"floor":28.0,"key":"Shovel"},{"floor":29.0,"key":"Letter Opener"},{"floor":38.0,"key":"Eternal Feather"},{"floor":40.0,"key":"Smiling Mask"},{"floor":43.0,"key":"Pantograph"},{"floor":44.0,"key":"Snake Skull"},{"floor":46.0,"key":"Lizard Tail"},{"floor":47.0,"key":"Regal Pillow"},{"floor":49.0,"key":"Art of War"}],"event_choices":[{"damage_healed":0.0,"max_hp_gain":0.0,"max_hp_loss":0.0,"gold_gain":73.0,"event_name":"Golden Wing","player_choice":"Gained Gold","floor":2.0,"gold_loss":0.0,"damage_taken":0.0},{"cards_removed":["Caltrops"],"damage_healed":0.0,"max_hp_gain":0.0,"max_hp_loss":0.0,"gold_gain":0.0,"event_name":"WeMeetAgain","player_choice":"Gave Card","floor":4.0,"gold_loss":0.0,"damage_taken":0.0,"relics_obtained":["HornCleat"]},{"damage_healed":0.0,"max_hp_gain":0.0,"max_hp_loss":0.0,"gold_gain":0.0,"event_name":"Golden Idol","player_choice":"Take Damage","floor":14.0,"gold_loss":0.0,"damage_taken":21.0,"relics_obtained":["Golden Idol"]},{"damage_healed":0.0,"max_hp_gain":0.0,"max_hp_loss":0.0,"gold_gain":275.0,"event_name":"Golden Shrine","player_choice":"Desecrate","floor":19.0,"gold_loss":0.0,"damage_taken":0.0,"cards_obtained":["Regret"]},{"damage_healed":0.0,"max_hp_gain":0.0,"max_hp_loss":0.0,"gold_gain":0.0,"event_name":"Vampires","player_choice":"Ignored","floor":25.0,"gold_loss":0.0,"damage_taken":0.0},{"damage_healed":0.0,"max_hp_gain":0.0,"max_hp_loss":0.0,"gold_gain":0.0,"event_name":"The Joust","player_choice":"Bet on Owner","floor":30.0,"gold_loss":50.0,"damage_taken":0.0},{"damage_healed":0.0,"max_hp_gain":0.0,"max_hp_loss":0.0,"gold_gain":0.0,"event_name":"SensoryStone","player_choice":"Memory 1","floor":45.0,"gold_loss":0.0,"damage_taken":0.0},{"damage_healed":0.0,"max_hp_gain":0.0,"max_hp_loss":0.0,"gold_gain":0.0,"event_name":"Mysterious Sphere","player_choice":"Fight","floor":46.0,"gold_loss":0.0,"damage_taken":0.0}],"is_beta":false,"boss_relics":[{"not_picked":["Pandora\u0027s Box","SlaversCollar"],"picked":"Calling Bell"},{"not_picked":["SacredBark","Fusion Hammer"],"picked":"Busted Crown"}],"items_purged_floors":[20],"is_endless":false,"potions_floor_spawned":[5,6,11,16,21,24,28,36,37,47,48],"ascension_level":5}}