{"host":"zksvs3x2ysy9npnz","time":1609989395,"event":{"mods":["Aspiration","BaseMod","Beaked The Cultist","BetterRewards","Clockwork Mod","Colored Map","Conspire","Downfall","Duelist Mod","Ekko","Halation","Highlight Path","Hubris","Hunter ??","Infinite Spire","Jedi Mod","JesterMod","Minty Spire (QoL Compilation)","Permanent Neow","Quick Restart","Relic Stats","Replay The Spire","Retaliation","Shade Mod","Shop Mod","StSLib"],"gold_per_floor":[143,113,126,41,59,59,59,59],"floor_reached":7,"playtime":435,"items_purged":[],"score":68,"play_id":"a1c02524-743b-4a5f-b31a-bfa5a532bb7b","local_time":"20210107041635","is_ascension_mode":true,"campfire_choices":[{"data":"Clockwork:ChargingBlade","floor":6,"key":"SMITH"}],"circlet_count":0,"master_deck":["AscendersBane","Clockwork:Strike","Clockwork:Strike","Clockwork:Strike","Clockwork:Strike","Clockwork:Shield","Clockwork:Shield","Clockwork:Shield","Clockwork:Shield","Clockwork:Tinker","Clockwork:WarmUp","Clockwork:ChargingBlade+1","Replay:Bootleg Shield Generator"],"relics":["Clockwork:MomentumEngine","aspiration:Nostalgia","GiantSoulBox"],"acts_visited":["Exordium"],"potions_floor_usage":[3,7,7],"damage_taken":[{"damage":0,"enemies":"Cultist","floor":1,"turns":8},{"damage":21,"enemies":"2 Louse","floor":3,"turns":5},{"damage":5,"enemies":"Small Slimes","floor":5,"turns":9},{"damage":66,"enemies":"Gremlin Nob","floor":7,"turns":5}],"seed_played":"3075801426591179705","potions_obtained":[{"floor":2,"key":"Energy Potion"},{"floor":2,"key":"Cursed Concoction"},{"floor":3,"key":"AttackPotion"}],"is_trial":false,"path_per_floor":["M","?","M","$","M","R","E"],"character_chosen":"CLOCKWORK","items_purchased":["Replay:Bootleg Shield Generator"],"campfire_rested":0,"item_purchase_floors":[4],"current_hp_per_floor":[82,82,61,61,56,56,0,0],"gold":59,"neow_bonus":"NOSTALGIA","is_daily":false,"chose_seed":false,"campfire_upgraded":1,"win_rate":0.0,"timestamp":1609989395,"path_taken":["M","?","M","$","?","R","E"],"items_purchased_type":["Card"],"build_version":"2020-12-22","purchased_purges":0,"victory":false,"max_hp_per_floor":[90,90,90,90,90,90,90,90],"relic_stats":{"counters":[4,27],"obtain_stats":[{"Clockwork:MomentumEngine":0,"aspiration:Nostalgia":0,"GiantSoulBox":0},{"Clockwork:MomentumEngine":0,"aspiration:Nostalgia":0,"GiantSoulBox":0},{"Clockwork:MomentumEngine":0,"aspiration:Nostalgia":0,"GiantSoulBox":0}]},"card_choices":[{"not_picked":["Clockwork:TestingEnvironment","Clockwork:MechanicalBulk","Clockwork:SystemHardening"],"picked":"SKIP","floor":1},{"not_picked":["Clockwork:EnthusiasticStrike","Clockwork:Minimalism"],"picked":"Clockwork:ChargingBlade","floor":3},{"not_picked":["Clockwork:ChargingBlade","Clockwork:Friction","Clockwork:ReserveSystems"],"picked":"SKIP","floor":5},{"not_picked":["Clockwork:ChargingBlade","Clockwork:Friction","Clockwork:ReserveSystems"],"picked":"SKIP","floor":5}],"player_experience":1800629,"relics_obtained":[],"event_choices":[{"damage_healed":0,"gold_gain":0,"player_choice":"Bought 2 Potions","damage_taken":0,"max_hp_gain":0,"max_hp_loss":0,"event_name":"The Woman in Blue","floor":2,"gold_loss":0}],"is_beta":false,"boss_relics":[],"items_purged_floors":[],"is_endless":false,"potions_floor_spawned":[3,5],"killed_by":"Gremlin Nob","ascension_level":13}}