{"host":"vmjjgffn5jm19cfo","time":1609999193,"event":{"mods":["BaseMod","Minty Spire (QoL Compilation)","Shop Mod"],"gold_per_floor":[114,114,133,133,152,152,190,170,195,272,291,41,60,79,79,204,204,223,73,73,92,111,111,149,149,149,187,206,225,263,263,263,388,388,407,426,46,65,84,84,122,122,122,122,2,40,359,378,378,378],"floor_reached":51,"playtime":2952,"items_purged":["Crescendo"],"score":919,"play_id":"793f52bb-4b3a-4d20-950b-f09c95735114","local_time":"20210107135953","daily_mods":["SealedDeck","Vintage","Lethality"],"is_ascension_mode":false,"campfire_choices":[{"floor":6.0,"key":"REST"},{"floor":15.0,"key":"REST"},{"data":"PathToVictory","floor":23.0,"key":"SMITH"},{"data":"Adaptation","floor":25.0,"key":"SMITH"},{"data":"Grand Finale","floor":32.0,"key":"SMITH"},{"data":"JustLucky","floor":40.0,"key":"SMITH"},{"data":"Searing Blow+1","floor":42.0,"key":"SMITH"},{"data":"Searing Blow+2","floor":44.0,"key":"SMITH"},{"data":"Searing Blow+3","floor":49.0,"key":"SMITH"}],"circlet_count":0,"master_deck":["Crescendo","Collect","Conclude","Halt","EmptyFist","Prostrate","Prostrate","JustLucky+1","PathToVictory+1","Adaptation+1","Scrawl+1","Doppelganger+1","Turbo+1","Grand Finale+1","Alpha+1","Crescendo+1","Malaise+1","Searing Blow+4"],"relics":["PureWater","TeardropLocket","Golden Idol","Shuriken","Bronze Scales","Matryoshka","Mercury Hourglass","Toxic Egg 2","Vajra","Meat on the Bone","Eternal Feather","Mummified Hand","Question Card","Busted Crown","Incense Burner","PrismaticShard","MutagenicStrength","MealTicket","The Courier","Potion Belt","HornCleat","Happy Flower","Ornamental Fan","Anchor","Bottled Tornado","Pear","VioletLotus","Lizard Tail","Blood Vial","Akabeko","Singing Bowl","Frozen Egg 2","Yang","Bottled Lightning","Letter Opener","Membership Card","Bottled Flame","Old Coin","Smiling Mask"],"acts_visited":["Exordium","TheCity","TheBeyond"],"potions_floor_usage":[50,50],"damage_taken":[{"damage":5.0,"enemies":"Jaw Worm","floor":1.0,"turns":2.0},{"damage":12.0,"enemies":"2 Louse","floor":3.0,"turns":2.0},{"damage":0.0,"enemies":"Cultist","floor":5.0,"turns":2.0},{"damage":7.0,"enemies":"Gremlin Nob","floor":7.0,"turns":3.0},{"damage":5.0,"enemies":"Looter","floor":11.0,"turns":2.0},{"damage":14.0,"enemies":"Large Slime","floor":13.0,"turns":3.0},{"damage":4.0,"enemies":"Gremlin Gang","floor":14.0,"turns":2.0},{"damage":40.0,"enemies":"Hexaghost","floor":16.0,"turns":5.0},{"damage":10.0,"enemies":"Chosen","floor":18.0,"turns":2.0},{"damage":0.0,"enemies":"Spheric Guardian","floor":21.0,"turns":2.0},{"damage":15.0,"enemies":"Centurion and Healer","floor":22.0,"turns":2.0},{"damage":0.0,"enemies":"Gremlin Leader","floor":24.0,"turns":2.0},{"damage":4.0,"enemies":"Slavers","floor":27.0,"turns":2.0},{"damage":0.0,"enemies":"Snecko","floor":28.0,"turns":2.0},{"damage":0.0,"enemies":"Sentry and Sphere","floor":29.0,"turns":3.0},{"damage":0.0,"enemies":"Book of Stabbing","floor":30.0,"turns":2.0},{"damage":11.0,"enemies":"Automaton","floor":33.0,"turns":4.0},{"damage":0.0,"enemies":"Orb Walker","floor":35.0,"turns":2.0},{"damage":0.0,"enemies":"3 Darklings","floor":36.0,"turns":2.0},{"damage":0.0,"enemies":"Maw","floor":38.0,"turns":3.0},{"damage":3.0,"enemies":"4 Shapes","floor":39.0,"turns":2.0},{"damage":0.0,"enemies":"Reptomancer","floor":41.0,"turns":4.0},{"damage":2.0,"enemies":"Giant Head","floor":46.0,"turns":3.0},{"damage":3.0,"enemies":"Sphere and 2 Shapes","floor":47.0,"turns":3.0},{"damage":10.0,"enemies":"3 Darklings","floor":48.0,"turns":3.0},{"damage":24,"enemies":"Time Eater","floor":50,"turns":5}],"seed_played":"8350349167999303424","potions_obtained":[{"floor":3.0,"key":"BlessingOfTheForge"},{"floor":14.0,"key":"DuplicationPotion"},{"floor":18.0,"key":"StancePotion"},{"floor":28.0,"key":"LiquidMemories"},{"floor":29.0,"key":"BlessingOfTheForge"},{"floor":30.0,"key":"Weak Potion"},{"floor":33.0,"key":"SteroidPotion"},{"floor":38.0,"key":"Regen Potion"},{"floor":46.0,"key":"BottledMiracle"},{"floor":47.0,"key":"SteroidPotion"}],"is_trial":false,"path_per_floor":["M","?","M","?","M","R","E","?","T","?","M","$","M","M","R","B",null,"M","$","?","M","M","R","E","R","T","E","M","M","E","?","R","B",null,"M","M","$","M","M","R","E","R","T","R","$","E","M","M","R","B",null],"character_chosen":"WATCHER","items_purchased":["Eternal Feather","PrismaticShard","Akabeko","Singing Bowl","Membership Card"],"campfire_rested":2,"item_purchase_floors":[12,19,37,37,45],"current_hp_per_floor":[67,49,37,12,12,33,26,26,26,26,21,21,19,27,54,26,72,62,62,62,62,47,53,53,59,59,55,55,55,65,65,74,63,82,82,82,82,82,79,82,82,82,82,82,82,82,81,73,82,60],"gold":378,"neow_bonus":"","is_daily":true,"chose_seed":false,"campfire_upgraded":7,"win_rate":0.0,"timestamp":1609999193,"path_taken":["M","?","M","?","M","R","E","?","T","?","?","?","M","M","R","BOSS","M","?","?","M","M","R","E","R","T","E","M","M","E","?","R","BOSS","M","M","$","M","M","R","E","R","T","R","$","E","M","M","R","BOSS"],"items_purchased_type":["Relic","Relic","Relic","Relic","Relic"],"build_version":"2020-12-22","purchased_purges":1,"victory":true,"max_hp_per_floor":[72,72,72,72,72,72,72,72,72,72,72,72,72,72,72,72,72,72,72,72,72,72,72,72,72,72,72,72,72,82,82,82,82,82,82,82,82,82,82,82,82,82,82,82,82,84,84,84,84,84],"card_choices":[{"not_picked":["CutThroughFate","EmptyFist"],"picked":"Adaptation","floor":7.0},{"not_picked":["DevaForm","Brilliance","Establishment"],"picked":"Scrawl+1","floor":16.0},{"not_picked":["Armaments+1"],"picked":"Doppelganger+1","floor":24.0},{"not_picked":["Sucker Punch"],"picked":"Turbo+1","floor":27.0},{"not_picked":["PathToVictory+1"],"picked":"Grand Finale","floor":30.0},{"not_picked":["Multi-Cast+1"],"picked":"Malaise+1","floor":33.0},{"not_picked":["Poisoned Stab"],"picked":"Searing Blow+1","floor":41.0},{"not_picked":["Choke+1","Outmaneuver+1"],"picked":"Singing Bowl","floor":46.0}],"player_experience":317668,"relics_obtained":[{"floor":1.0,"key":"TeardropLocket"},{"floor":3.0,"key":"Shuriken"},{"floor":5.0,"key":"Matryoshka"},{"floor":7.0,"key":"Mercury Hourglass"},{"floor":9.0,"key":"Toxic Egg 2"},{"floor":9.0,"key":"Vajra"},{"floor":11.0,"key":"Meat on the Bone"},{"floor":13.0,"key":"Mummified Hand"},{"floor":14.0,"key":"Question Card"},{"floor":18.0,"key":"Incense Burner"},{"floor":21.0,"key":"MealTicket"},{"floor":22.0,"key":"The Courier"},{"floor":24.0,"key":"Potion Belt"},{"floor":26.0,"key":"HornCleat"},{"floor":26.0,"key":"Happy Flower"},{"floor":27.0,"key":"Ornamental Fan"},{"floor":28.0,"key":"Anchor"},{"floor":29.0,"key":"Bottled Tornado"},{"floor":30.0,"key":"Pear"},{"floor":35.0,"key":"Lizard Tail"},{"floor":36.0,"key":"Blood Vial"},{"floor":38.0,"key":"Frozen Egg 2"},{"floor":39.0,"key":"Yang"},{"floor":41.0,"key":"Bottled Lightning"},{"floor":43.0,"key":"Letter Opener"},{"floor":46.0,"key":"Bottled Flame"},{"floor":47.0,"key":"Old Coin"},{"floor":48.0,"key":"Smiling Mask"}],"event_choices":[{"damage_healed":0.0,"max_hp_gain":0.0,"max_hp_loss":0.0,"gold_gain":0.0,"event_name":"Golden Idol","player_choice":"Take Damage","floor":2.0,"gold_loss":0.0,"damage_taken":18.0,"relics_obtained":["Golden Idol"]},{"damage_healed":0.0,"max_hp_gain":0.0,"max_hp_loss":0.0,"gold_gain":0.0,"event_name":"Scrap Ooze","player_choice":"Success","floor":4.0,"gold_loss":0.0,"damage_taken":25.0,"relics_obtained":["Bronze Scales"]},{"damage_healed":0.0,"max_hp_gain":0.0,"max_hp_loss":0.0,"gold_gain":0.0,"event_name":"World of Goop","player_choice":"Left Gold","floor":8.0,"gold_loss":20.0,"damage_taken":0.0},{"damage_healed":0.0,"max_hp_gain":0.0,"max_hp_loss":0.0,"gold_gain":77.0,"event_name":"Golden Wing","player_choice":"Gained Gold","floor":10.0,"gold_loss":0.0,"damage_taken":0.0},{"damage_healed":0.0,"max_hp_gain":0.0,"max_hp_loss":0.0,"gold_gain":0.0,"event_name":"Drug Dealer","player_choice":"Inject Mutagens","floor":20.0,"gold_loss":0.0,"damage_taken":0.0,"relics_obtained":["MutagenicStrength"]},{"damage_healed":0.0,"max_hp_gain":0.0,"max_hp_loss":0.0,"gold_gain":0.0,"event_name":"Match and Keep!","player_choice":"2 cards matched","floor":31.0,"gold_loss":0.0,"damage_taken":0.0,"cards_obtained":["Alpha","Crescendo"]}],"is_beta":false,"boss_relics":[{"not_picked":["Philosopher\u0027s Stone","Sozu"],"picked":"Busted Crown"},{"not_picked":["SlaversCollar","Velvet Choker"],"picked":"VioletLotus"}],"items_purged_floors":[37],"is_endless":false,"potions_floor_spawned":[3,14,18,28,29,30,33,38,46,47,48],"ascension_level":0}}