{"host":"iy58fyt9wsbv4cf1","time":1609988671,"event":{"mods":["BaseMod","Better Altar","Better Match","Better Skull","Better Third Choice","BetterRewards","Conspire","Custom Start","Defuse TimeMaze Blight","Hubris","Infinite Spire","Minty Spire (QoL Compilation)","Permanent Neow","Quick Restart","Spicy Shops","StSLib"],"gold_per_floor":[110,126,51,1,17,17,47,62,138,152,162,188,188,204,204,309,459,470,487,487,504,516,542,542,558,558,558,558,572,572,585,585,688,688,758,771,521,533,533,533,545,545,545,545,563,596,607,388,438,438,438,438,192,221,221],"floor_reached":56,"playtime":1284,"items_purged":["Strike_B","Strike_B","Defend_B","Defend_B","Normality","Defend_B"],"score":1290,"play_id":"ce920158-96be-49bd-b646-b50ec0524f28","local_time":"20210106220431","is_ascension_mode":false,"campfire_choices":[{"data":"Defragment","floor":6.0,"key":"SMITH"},{"floor":13.0,"key":"REST"},{"floor":15.0,"key":"REST"},{"data":"Amplify","floor":24.0,"key":"SMITH"},{"data":"Storm","floor":30.0,"key":"SMITH"},{"data":"Storm","floor":32.0,"key":"SMITH"},{"data":"Defragment+1","floor":40.0,"key":"SMITH"},{"data":"Apotheosis","floor":44.0,"key":"SMITH"},{"floor":49.0,"key":"RECALL"},{"data":"Storm","floor":52.0,"key":"SMITH"}],"circlet_count":0,"master_deck":["Defend_B","Zap","Dualcast","Storm+1","Defragment+2","hubris:PowerSurge","Static Discharge","Steam","Defragment","hubris:PowerSurge","Defragment","Buffer","Reboot","Amplify+1","White Noise","Storm+1","Steam+1","Amplify","Defragment","Apotheosis+1","Defragment+1","Storm+1","Conserve Battery","Heatsinks"],"relics":["Cracked Core","Membership Card","Lantern","conspire:InfiniteJournal","infinitespire:ShieldingShard","hubris:MobiusCoin","Vajra","hubris:ScarierMask","Pen Nib","Pear","MutagenicStrength","Empty Cage","DollysMirror","SacredBark","infinitespire:Satchel","PreservedInsect","hubris:Icosahedron","Letter Opener","Ice Cream","Bottled Tornado","Strawberry"],"acts_visited":["Exordium","TheCity","TheBeyond","TheEnding"],"potions_floor_usage":[],"damage_taken":[{"damage":3.0,"enemies":"infinitespire:Voidling","floor":1.0,"turns":2.0},{"damage":7.0,"enemies":"Small Slimes","floor":2.0,"turns":3.0},{"damage":1.0,"enemies":"Cultist","floor":5.0,"turns":3.0},{"damage":20.0,"enemies":"Lagavulin","floor":7.0,"turns":4.0},{"damage":0.0,"enemies":"Large Slime","floor":8.0,"turns":3.0},{"damage":7.0,"enemies":"Lots of Slimes","floor":10.0,"turns":3.0},{"damage":0.0,"enemies":"3 Louse","floor":11.0,"turns":2.0},{"damage":0.0,"enemies":"3 Sentries","floor":12.0,"turns":7.0},{"damage":0.0,"enemies":"Looter","floor":14.0,"turns":3.0},{"damage":15.0,"enemies":"Hexaghost","floor":16.0,"turns":3.0},{"damage":5.0,"enemies":"conspire:FuzzyDice","floor":18.0,"turns":3.0},{"damage":0.0,"enemies":"Chosen","floor":19.0,"turns":3.0},{"damage":4.0,"enemies":"Snecko","floor":21.0,"turns":3.0},{"damage":0.0,"enemies":"Cultist and Chosen","floor":22.0,"turns":4.0},{"damage":10.0,"enemies":"conspire:Head Lice","floor":23.0,"turns":6.0},{"damage":0.0,"enemies":"Shelled Parasite and Fungi","floor":25.0,"turns":3.0},{"damage":1.0,"enemies":"Centurion and Healer","floor":29.0,"turns":2.0},{"damage":4.0,"enemies":"Chosen and Byrds","floor":31.0,"turns":2.0},{"damage":4.0,"enemies":"hubris:MusketHawk","floor":33.0,"turns":3.0},{"damage":0.0,"enemies":"Orb Walker","floor":35.0,"turns":2.0},{"damage":4.0,"enemies":"3 Shapes","floor":36.0,"turns":2.0},{"damage":0.0,"enemies":"Jaw Worm Horde","floor":38.0,"turns":2.0},{"damage":0.0,"enemies":"Maw","floor":41.0,"turns":3.0},{"damage":0.0,"enemies":"4 Shapes","floor":45.0,"turns":2.0},{"damage":3.0,"enemies":"Giant Head","floor":46.0,"turns":3.0},{"damage":0.0,"enemies":"Sphere and 2 Shapes","floor":47.0,"turns":2.0},{"damage":17.0,"enemies":"Donu and Deca","floor":50.0,"turns":4.0},{"damage":0,"enemies":"Shield and Spear","floor":54,"turns":2},{"damage":40,"enemies":"The Heart","floor":55,"turns":5}],"seed_played":"796530268811459713","potions_obtained":[{"floor":8.0,"key":"EssenceOfSteel"},{"floor":10.0,"key":"Dexterity Potion"},{"floor":11.0,"key":"Fire Potion"},{"floor":12.0,"key":"PowerPotion"},{"floor":14.0,"key":"PowerPotion"},{"floor":16.0,"key":"LiquidMemories"},{"floor":18.0,"key":"FocusPotion"},{"floor":21.0,"key":"DistilledChaos"}],"is_trial":false,"path_per_floor":["M","M","?","$","M","R","E","M","T","M","M","E","R","M","R","B",null,"M","M","?","M","M","E","R","M","T","?","AVR","M","R","M","R","B",null,"M","M","$","M","?","R","M","?","T","R","M","E","M","$","R","B",null,"R","$","E","B",null],"character_chosen":"DEFECT","items_purchased":["Storm","Defragment","Membership Card","hubris:PowerSurge","Lantern","conspire:InfiniteJournal","Static Discharge","infinitespire:Satchel","Amplify","PreservedInsect","Defragment","Storm","Ice Cream","Conserve Battery","Heatsinks","Bottled Tornado"],"campfire_rested":2,"item_purchase_floors":[0,0,0,0,0,0,0,37,37,37,37,48,48,48,53,53],"current_hp_per_floor":[37,30,30,30,29,29,9,9,9,2,2,2,24,24,46,31,75,70,70,70,66,66,56,56,56,66,66,66,65,65,61,61,57,85,85,81,81,81,81,81,81,81,81,81,81,78,78,78,78,61,85,85,85,92,52],"gold":221,"neow_bonus":"","is_daily":false,"chose_seed":false,"campfire_upgraded":7,"win_rate":0.0,"timestamp":1609988671,"path_taken":["M","?","?","$","M","R","E","M","T","M","M","E","R","M","R","BOSS","M","M","?","?","?","E","R","M","T","?","AVR","M","R","M","R","BOSS","M","M","$","M","?","R","M","?","T","R","M","E","M","$","R","BOSS","R","$","E","BOSS"],"items_purchased_type":["Card","Card","Relic","Card","Relic","Relic","Card","Relic","Card","Relic","Card","Card","Relic","Card","Card","Relic"],"build_version":"2020-12-22","purchased_purges":6,"victory":true,"max_hp_per_floor":[75,75,75,75,75,75,75,75,75,75,75,75,75,75,75,75,75,75,75,75,75,75,75,75,75,85,85,85,85,85,85,85,85,85,85,85,85,85,85,85,85,85,85,85,85,85,85,85,85,85,85,85,85,92,92],"card_choices":[{"not_picked":["Tempest","Coolheaded"],"picked":"Steam","floor":1.0},{"not_picked":["Skim","Sunder"],"picked":"Defragment","floor":2.0},{"not_picked":["Leap","Lockon"],"picked":"hubris:PowerSurge","floor":5.0},{"not_picked":["Barrage","Lockon","Compile Driver"],"picked":"SKIP","floor":7.0},{"not_picked":["Turbo","Stack"],"picked":"Defragment","floor":8.0},{"not_picked":["Sunder","Coolheaded","Chaos"],"picked":"SKIP","floor":10.0},{"not_picked":["Steam","Rip and Tear"],"picked":"Buffer","floor":11.0},{"not_picked":["Static Discharge","Coolheaded"],"picked":"Reboot","floor":12.0},{"not_picked":["Stack","Coolheaded","Sunder"],"picked":"SKIP","floor":14.0},{"not_picked":["Electrodynamics","Echo Form"],"picked":"Amplify","floor":16.0},{"not_picked":["Blizzard","Redo","Lockon"],"picked":"SKIP","floor":18.0},{"not_picked":["Leap","Undo","Tempest"],"picked":"SKIP","floor":19.0},{"not_picked":["Undo","Go for the Eyes"],"picked":"White Noise","floor":21.0},{"not_picked":["Compile Driver","Redo","Doom and Gloom"],"picked":"SKIP","floor":22.0},{"not_picked":["FTL+1","All For One","Steam"],"picked":"SKIP","floor":23.0},{"not_picked":["Reinforced Body","Cold Snap","Leap+1"],"picked":"SKIP","floor":25.0},{"not_picked":["Blizzard","Skim","Rebound"],"picked":"SKIP","floor":29.0},{"not_picked":["Meteor Strike","Redo","Gash"],"picked":"SKIP","floor":31.0},{"not_picked":["Gash","Rebound"],"picked":"Steam+1","floor":35.0},{"not_picked":["Beam Cell","Streamline+1","Darkness+1"],"picked":"SKIP","floor":36.0},{"not_picked":["Leap+1","Streamline","Double Energy+1"],"picked":"SKIP","floor":38.0},{"not_picked":["Fusion","Beam Cell","Static Discharge"],"picked":"SKIP","floor":41.0},{"not_picked":["Madness","Mayhem"],"picked":"Apotheosis","floor":42.0},{"not_picked":["Auto Shields+1","Barrage+1"],"picked":"Defragment+1","floor":45.0},{"not_picked":["Compile Driver+1","Aggregate","Leap+1"],"picked":"SKIP","floor":46.0},{"not_picked":["Barrage+1","Go for the Eyes","hubris:DoWhile"],"picked":"SKIP","floor":47.0},{"not_picked":["Compile Driver+1","Redo+1","Multi-Cast"],"picked":"SKIP","floor":54}],"player_experience":38563,"relics_obtained":[{"floor":7.0,"key":"infinitespire:ShieldingShard"},{"floor":9.0,"key":"hubris:MobiusCoin"},{"floor":12.0,"key":"Vajra"},{"floor":23.0,"key":"Pen Nib"},{"floor":26.0,"key":"Pear"},{"floor":46.0,"key":"Letter Opener"},{"floor":54,"key":"Strawberry"}],"event_choices":[{"damage_healed":0.0,"max_hp_gain":0.0,"max_hp_loss":0.0,"gold_gain":0.0,"event_name":"betterMatch:BetterMatch","player_choice":"1","floor":3.0,"gold_loss":0.0,"damage_taken":0.0,"cards_obtained":["betterMatch:RareCard"]},{"damage_healed":0.0,"max_hp_gain":0.0,"max_hp_loss":0.0,"gold_gain":0.0,"event_name":"NoteForYourself","player_choice":"Ignored","floor":20.0,"gold_loss":0.0,"damage_taken":0.0},{"damage_healed":0.0,"max_hp_gain":0.0,"max_hp_loss":0.0,"gold_gain":0.0,"event_name":"Drug Dealer","player_choice":"Inject Mutagens","floor":27.0,"gold_loss":0.0,"damage_taken":0.0,"relics_obtained":["MutagenicStrength"]},{"damage_healed":0.0,"max_hp_gain":0.0,"max_hp_loss":0.0,"gold_gain":0.0,"event_name":"SensoryStone","player_choice":"Memory 1","floor":42.0,"gold_loss":0.0,"damage_taken":0.0}],"is_beta":false,"boss_relics":[{"not_picked":["Runic Pyramid","Cursed Key"],"picked":"hubris:ScarierMask"},{"not_picked":["hubris:Stopwatch","Calling Bell"],"picked":"SacredBark"}],"items_purged_floors":[0,4,28,37,48,53],"is_endless":false,"potions_floor_spawned":[8,10,11,12,14,16,18,21,31,33,35,41,46,47],"ascension_level":0}}