{"host":"c2ypwvkuo6d4slur","time":1609984235,"event":{"mods":["BaseMod","Colored Map","Curses Come First","Downfall","Minty Spire (QoL Compilation)","Relic Stats","StSLib"],"gold_per_floor":[99,115,132,232,251,307,376,301,301,226,236,236,236,221,241,342,342,342,358,371,55,40,54,99,113,145,70,82,96,81,120,135,238,238,238,250,1249,1301,1375,1375,1375,1375,1081,1081,634,634,634,663,688,700,712,753,376,376,376],"floor_reached":56,"playtime":6178,"items_purged":["hexamod:Strike","Normality","Normality","hexamod:Strike","hexamod:Strike+1"],"score":1278,"play_id":"26f8c9d7-d87d-4e38-b6e0-cc8bc1409b72","local_time":"20210106175035","is_ascension_mode":false,"campfire_choices":[{"floor":1.0,"key":"RECALL"},{"data":"hexamod:GhostflameBarrier","floor":8.0,"key":"SMITH"},{"data":"Secret Technique","floor":10.0,"key":"SMITH"},{"data":"hexamod:Hexaguard","floor":12.0,"key":"SMITH"},{"data":"hexamod:FastForward","floor":18.0,"key":"SMITH"},{"floor":27.0,"key":"REST"},{"data":"hexamod:HexaLevel","floor":35.0,"key":"SMITH"},{"floor":42.0,"key":"DIG"},{"floor":44.0,"key":"REST"},{"data":"hexamod:RadiantFlame","floor":47.0,"key":"SMITH"},{"data":"Secret Weapon","floor":54.0,"key":"SMITH"}],"circlet_count":0,"master_deck":["hexamod:Strike+1","hexamod:Defend","hexamod:Defend","hexamod:Defend+1","hexamod:Sear","hexamod:Float","Secret Technique+1","hexamod:FastForward+1","hexamod:GhostflameBarrier+1","hexamod:Hexaguard+1","hexamod:ShieldOfDarkness+1","hexamod:DynamicBlow","hexamod:EtherealExpedition","hexamod:TimeWarp+1","hexamod:SpectersWail+1","hexamod:RainOfEmbers+1","hexamod:ThermalTransfer","hexamod:GhostflameInferno+1","hexamod:StepThrough","hexamod:ExtraCrispy+1","hexamod:FastForward+1","hexamod:ChargedBarrage+1","hexamod:HauntingEcho+1","hexamod:BurningTouch+1","hexamod:NightmareGuise+1","hexamod:HexaLevel+1","hexamod:Again+1","Secret Weapon+1","hexamod:SearingWound+1","hexamod:RadiantFlame+1","hexamod:HauntingEcho+1"],"relics":["hexamod:SpiritBrand","Whetstone","White Beast Statue","downfall:HeartBlessingRed","downfall:HeartBlessingBlue","hexamod:IceCube","Bronze Scales","Pocketwatch","downfall:HeartBlessingGreen","hexamod:TheBrokenSeal","Shovel","Cursed Key","WingedGreaves","Anchor","Membership Card","Toy Ornithopter","Orichalcum","Gremlin Horn","Toolbox","MawBank","Calipers","Lee\u0027s Waffle","Bird Faced Urn","Blood Vial"],"acts_visited":["Exordium","TheCity","TheBeyond","TheEnding"],"potions_floor_usage":[55],"damage_taken":[{"damage":0.0,"enemies":"Cultist","floor":2.0,"turns":3.0},{"damage":0.0,"enemies":"2 Louse","floor":3.0,"turns":3.0},{"damage":0.0,"enemies":"Jaw Worm","floor":5.0,"turns":3.0},{"damage":2.0,"enemies":"Gremlin Nob","floor":6.0,"turns":4.0},{"damage":7.0,"enemies":"3 Louse","floor":11.0,"turns":4.0},{"damage":0.0,"enemies":"downfall:FleeingMerchant","floor":14.0,"turns":4.0},{"damage":2.0,"enemies":"Lots of Slimes","floor":15.0,"turns":4.0},{"damage":23.0,"enemies":"downfall:Ironclad","floor":16.0,"turns":11.0},{"damage":0.0,"enemies":"Shell Parasite","floor":19.0,"turns":4.0},{"damage":8.0,"enemies":"Shelled Parasite and Fungi","floor":20.0,"turns":5.0},{"damage":0.0,"enemies":"downfall:FleeingMerchant","floor":21.0,"turns":4.0},{"damage":14.0,"enemies":"downfall:FleeingMerchant","floor":22.0,"turns":4.0},{"damage":0.0,"enemies":"Centurion and Healer","floor":23.0,"turns":8.0},{"damage":18.0,"enemies":"3 Cultists","floor":25.0,"turns":5.0},{"damage":12.0,"enemies":"Gremlin Leader","floor":26.0,"turns":7.0},{"damage":0.0,"enemies":"Snecko","floor":28.0,"turns":3.0},{"damage":9.0,"enemies":"Cultist and Chosen","floor":29.0,"turns":6.0},{"damage":2.0,"enemies":"downfall:FleeingMerchant","floor":30.0,"turns":4.0},{"damage":23.0,"enemies":"Book of Stabbing","floor":31.0,"turns":6.0},{"damage":15.0,"enemies":"Snake Plant","floor":32.0,"turns":2.0},{"damage":10.0,"enemies":"downfall:Defect","floor":33.0,"turns":6.0},{"damage":4.0,"enemies":"Orb Walker","floor":36.0,"turns":3.0},{"damage":46.0,"enemies":"2 Orb Walkers","floor":38.0,"turns":5.0},{"damage":0.0,"enemies":"downfall:FleeingMerchant","floor":39.0,"turns":3.0},{"damage":3.0,"enemies":"Giant Head","floor":48.0,"turns":5.0},{"damage":0.0,"enemies":"3 Darklings","floor":49.0,"turns":2.0},{"damage":0.0,"enemies":"downfall:Watcher","floor":50.0,"turns":5.0},{"damage":41.0,"enemies":"downfall:CharBossMerchant","floor":52.0,"turns":5.0},{"damage":35,"enemies":"downfall:NeowBoss","floor":55,"turns":24}],"seed_played":"3141948389319419711","potions_obtained":[{"floor":5.0,"key":"Guardian:BlockOnCardUsePotion"},{"floor":6.0,"key":"Fire Potion"},{"floor":11.0,"key":"AttackPotion"},{"floor":11.0,"key":"hexamod:DoubleChargePotion"},{"floor":15.0,"key":"Swift Potion"},{"floor":16.0,"key":"Energy Potion"},{"floor":19.0,"key":"champ:CounterPotion"},{"floor":20.0,"key":"SkillPotion"},{"floor":21.0,"key":"hexamod:EctoCoolerPotion"},{"floor":22.0,"key":"EntropicBrew"},{"floor":26.0,"key":"EssenceOfSteel"},{"floor":28.0,"key":"CultistPotion"},{"floor":29.0,"key":"Ancient Potion"},{"floor":29.0,"key":"SmokeBomb"},{"floor":30.0,"key":"Guardian:BlockOnCardUsePotion"},{"floor":31.0,"key":"LiquidBronze"},{"floor":32.0,"key":"GamblersBrew"},{"floor":38.0,"key":"PowerPotion"},{"floor":48.0,"key":"hexamod:DoubleChargePotion"}],"is_trial":false,"path_per_floor":["R","M","M","?","M","?","T","R","T","R","M","R","?","$","M","B",null,"R","M","M","$","$","M","T","M","E","R","M","M","$","E","M","B",null,"R","M","?","?","?","?","T","R","$","R","$","?","R","E","M","B",null,"E","$","R","B",null],"character_chosen":"THE_SPIRIT","items_purchased":["hexamod:GhostflameInferno","hexamod:StepThrough","Secret Weapon","Membership Card","Toy Ornithopter","hexamod:SearingWound","Orichalcum","Gremlin Horn","Toolbox","hexamod:RadiantFlame","Lee\u0027s Waffle","Bird Faced Urn","Blood Vial"],"campfire_rested":2,"item_purchase_floors":[21,21,39,43,43,45,45,45,45,45,53,53,53],"current_hp_per_floor":[49,49,49,49,49,47,47,47,47,57,50,50,50,50,48,25,80,80,80,72,72,58,58,58,40,35,59,59,57,62,90,75,65,90,90,86,86,40,40,40,40,40,40,67,67,67,67,64,64,64,90,49,97,97,67],"gold":376,"neow_bonus":"RANDOM_COLORLESS_2","is_daily":false,"chose_seed":false,"campfire_upgraded":7,"win_rate":0.0,"timestamp":1609984235,"path_taken":["R","M","?","?","M","?","T","R","?","R","M","R","?","$","M","BOSS","R","M","M","?","$","M","T","M","E","R","M","M","$","E","M","BOSS","BOSS","R","M","?","?","?","?","T","R","$","R","$","?","R","E","M","BOSS","E","$","R","BOSS"],"items_purchased_type":["Card","Card","Card","Relic","Relic","Card","Relic","Relic","Relic","Card","Relic","Relic","Relic"],"build_version":"2020-12-22","purchased_purges":5,"victory":true,"max_hp_per_floor":[70,70,70,70,70,70,70,70,70,80,80,80,80,80,80,80,80,80,80,80,80,80,80,80,80,80,80,80,80,80,90,90,90,90,90,90,90,90,90,90,90,90,90,90,90,90,90,90,90,90,90,90,97,97,97],"relic_stats":{"Lee\u0027s Waffle":48,"Gremlin Horn":[5,5],"counters":[29,152],"Whetstone":["hexamod:Strike","hexamod:Strike"],"Orichalcum":[6],"Cursed Key":0,"MawBank":60,"Blood Vial":0,"Shovel":1,"Bronze Scales":[251],"Bird Faced Urn":[0],"obtain_stats":[{"Lee\u0027s Waffle":53,"Calipers":52,"downfall:HeartBlessingRed":8,"Gremlin Horn":45,"hexamod:TheBrokenSeal":31,"downfall:HeartBlessingGreen":27,"Whetstone":6,"Orichalcum":45,"Cursed Key":34,"MawBank":48,"White Beast Statue":7,"Blood Vial":53,"Anchor":42,"Shovel":31,"downfall:HeartBlessingBlue":10,"Bronze Scales":24,"Bird Faced Urn":53,"Toolbox":45,"WingedGreaves":38,"Membership Card":43,"hexamod:SpiritBrand":0,"hexamod:IceCube":17,"Toy Ornithopter":43,"Pocketwatch":26},{"Lee\u0027s Waffle":28,"Calipers":28,"downfall:HeartBlessingRed":4,"Gremlin Horn":24,"hexamod:TheBrokenSeal":19,"downfall:HeartBlessingGreen":15,"Whetstone":4,"Orichalcum":24,"Cursed Key":21,"MawBank":25,"White Beast Statue":4,"Blood Vial":28,"Anchor":24,"Shovel":19,"downfall:HeartBlessingBlue":4,"Bronze Scales":13,"Bird Faced Urn":28,"Toolbox":24,"WingedGreaves":23,"Membership Card":24,"hexamod:SpiritBrand":0,"hexamod:IceCube":8,"Toy Ornithopter":24,"Pocketwatch":15},{"Lee\u0027s Waffle":128,"Calipers":128,"downfall:HeartBlessingRed":13,"Gremlin Horn":111,"hexamod:TheBrokenSeal":91,"downfall:HeartBlessingGreen":73,"Whetstone":13,"Orichalcum":111,"Cursed Key":100,"MawBank":116,"White Beast Statue":13,"Blood Vial":128,"Anchor":111,"Shovel":92,"downfall:HeartBlessingBlue":13,"Bronze Scales":61,"Bird Faced Urn":128,"Toolbox":111,"WingedGreaves":108,"Membership Card":111,"hexamod:SpiritBrand":0,"hexamod:IceCube":36,"Toy Ornithopter":111,"Pocketwatch":73}],"Toy Ornithopter":5,"Pocketwatch":[46]},"card_choices":[{"not_picked":["The Bomb","Mayhem"],"picked":"Secret Technique","floor":0.0},{"not_picked":["hexamod:GhostLash","hexamod:GhostOfSpireFuture","hexamod:GhostShield"],"picked":"SKIP","floor":2.0},{"not_picked":["hexamod:DynamicBlow","hexamod:SoulSteal"],"picked":"hexamod:FastForward","floor":3.0},{"not_picked":["hexamod:Incineration","hexamod:RetreatToShadows"],"picked":"hexamod:GhostflameBarrier","floor":5.0},{"not_picked":["hexamod:HauntingEcho","hexamod:SkipABeat"],"picked":"hexamod:FourthSeal","floor":6.0},{"not_picked":["hexamod:GhostOfSpireFuture","hexamod:ShieldOfDarkness"],"picked":"hexamod:Hexaguard","floor":11.0},{"not_picked":["hexamod:PhantomFireball","hexamod:NightmareGuise"],"picked":"hexamod:DynamicBlow","floor":14.0},{"not_picked":["hexamod:GhostflameBarrier","hexamod:NightmareGuise"],"picked":"hexamod:EtherealExpedition","floor":15.0},{"not_picked":["hexamod:ParanormalForm","hexamod:SearingWound"],"picked":"hexamod:TimeWarp","floor":16.0},{"not_picked":["hexamod:GhostflameBarrier","hexamod:Hexaguard+1"],"picked":"hexamod:SpectersWail+1","floor":19.0},{"not_picked":["hexamod:HeatMetal","hexamod:NightmareStrike"],"picked":"hexamod:RainOfEmbers+1","floor":20.0},{"not_picked":["hexamod:NightmareGuise","hexamod:GhostLash"],"picked":"hexamod:ThermalTransfer","floor":21.0},{"not_picked":["hexamod:InspiringFlames","hexamod:ExtraCrispy"],"picked":"hexamod:FifthSeal","floor":22.0},{"not_picked":["hexamod:FourthSeal","hexamod:ThirdSeal"],"picked":"hexamod:SixthSeal","floor":23.0},{"not_picked":["hexamod:GhostShield","hexamod:NightmareGuise"],"picked":"hexamod:ExtraCrispy+1","floor":23.0},{"not_picked":["hexamod:SixthSeal","hexamod:FourthSeal"],"picked":"hexamod:FirstSeal","floor":25.0},{"not_picked":["hexamod:ExtraCrispy","hexamod:GhostLash"],"picked":"hexamod:FastForward+1","floor":25.0},{"not_picked":["hexamod:RecurringNightmare+1","hexamod:GhostOfSpirePresent"],"picked":"hexamod:ChargedBarrage+1","floor":26.0},{"not_picked":["hexamod:FirstSeal","hexamod:FourthSeal","hexamod:SixthSeal"],"picked":"SKIP","floor":26.0},{"not_picked":["hexamod:RainOfEmbers","hexamod:Again+1"],"picked":"hexamod:HauntingEcho+1","floor":28.0},{"not_picked":["hexamod:FirstSeal","hexamod:FourthSeal"],"picked":"hexamod:SecondSeal","floor":29.0},{"not_picked":["hexamod:SpectersWail","hexamod:NightmareStrike"],"picked":"hexamod:BurningTouch+1","floor":29.0},{"not_picked":["hexamod:FastForward","hexamod:DynamicBlow+1"],"picked":"hexamod:ThirdSeal","floor":30.0},{"not_picked":["hexamod:Hexaguard","hexamod:GhostShield"],"picked":"hexamod:NightmareGuise+1","floor":31.0},{"not_picked":["hexamod:ThermalTransfer","hexamod:ShieldOfDarkness","hexamod:RetreatToShadows"],"picked":"SKIP","floor":32.0},{"not_picked":["hexamod:GhostflameInferno","hexamod:EmpoweringStance"],"picked":"hexamod:HexaLevel","floor":33.0},{"not_picked":["hexamod:GhostLash","hexamod:GhostShield"],"picked":"hexamod:Again+1","floor":36.0},{"not_picked":["hexamod:RainOfEmbers+1","hexamod:SpectersWail","hexamod:GhostOfSpirePast+1"],"picked":"SKIP","floor":39.0},{"not_picked":["hexamod:UnleashSpirits","hexamod:GhostLash","hexamod:SpectralAdrenaline+1"],"picked":"SKIP","floor":48.0},{"not_picked":["hexamod:BacktrackSmack+1","hexamod:Firestarter+1"],"picked":"hexamod:HauntingEcho+1","floor":49.0},{"not_picked":["hexamod:HauntingEcho+1","hexamod:RadiantFlame+1","hexamod:GhostOfSpirePast"],"picked":"SKIP","floor":52.0}],"player_experience":54612,"relics_obtained":[{"floor":6.0,"key":"Whetstone"},{"floor":7.0,"key":"White Beast Statue"},{"floor":24.0,"key":"Bronze Scales"},{"floor":26.0,"key":"Pocketwatch"},{"floor":31.0,"key":"Shovel"},{"floor":38.0,"key":"WingedGreaves"},{"floor":42.0,"key":"Anchor"},{"floor":48.0,"key":"MawBank"},{"floor":52.0,"key":"Calipers"}],"event_choices":[{"damage_healed":0.0,"max_hp_gain":0.0,"max_hp_loss":0.0,"gold_gain":0.0,"cards_transformed":["hexamod:Defend"],"event_name":"Transmorgrifier","player_choice":"Transformed","floor":13.0,"gold_loss":0.0,"damage_taken":0.0,"cards_obtained":["hexamod:ShieldOfDarkness"]},{"damage_healed":0.0,"max_hp_gain":0.0,"max_hp_loss":0.0,"gold_gain":0.0,"event_name":"Mysterious Sphere","player_choice":"Fight","floor":38.0,"gold_loss":0.0,"damage_taken":0.0},{"damage_healed":0.0,"max_hp_gain":0.0,"max_hp_loss":0.0,"gold_gain":0.0,"event_name":"Upgrade Shrine","player_choice":"Upgraded","floor":46.0,"gold_loss":0.0,"damage_taken":0.0,"cards_upgraded":["hexamod:SearingWound"]}],"is_beta":false,"boss_relics":[{"not_picked":["Runic Pyramid","Fusion Hammer"],"picked":"hexamod:IceCube"},{"not_picked":["Tiny House","Philosopher\u0027s Stone"],"picked":"Cursed Key"}],"items_purged_floors":[21,39,43,45,53],"is_endless":false,"potions_floor_spawned":[5,6,11,14,15,16,19,20,21,22,23,25,26,28,29,30,31,32,33,36,38,39,48,49,52],"ascension_level":0}}