{"host":"ji1fk25fd1ga4ji1","time":1609999861,"event":{"mods":["2.2 Compatiblity","BaseMod","Colored Map","DeckTracker","Minty Spire (QoL Compilation)","Permanent Neow","Quick Restart","StSLib","SuperFastMode"],"gold_per_floor":[109,122,122,197,122,151,182,215,241,273,173,202,202,229,229,324,324,343,343,258,101,119,146,146,176,176,176,24,24,55,55,55,157,157,176,83,133,133,133,133,148,148,148,173,203,78,111,141,141,141,141,141,68,94,94],"floor_reached":56,"playtime":1239,"items_purged":["Cleave","Anger","True Grit"],"score":1642,"play_id":"6fb4cd31-803c-4a02-97e3-afc5ef5cc447","local_time":"20210107151101","daily_mods":["Draft","Heirloom","Flight","DeadlyEvents","Elite Swarm"],"is_ascension_mode":true,"campfire_choices":[{"data":"Evolve","floor":13,"key":"SMITH"},{"data":"Double Tap","floor":15,"key":"SMITH"},{"floor":24,"key":"RECALL"},{"data":"Pommel Strike","floor":27,"key":"SMITH"},{"floor":29,"key":"REST"},{"data":"Fiend Fire","floor":32,"key":"SMITH"},{"floor":40,"key":"REST"},{"floor":42,"key":"REST"},{"floor":49,"key":"REST"},{"floor":52,"key":"REST"}],"circlet_count":0,"master_deck":["Wild Strike","Wild Strike","Evolve+1","Wild Strike","Pommel Strike+1","Rampage+1","Ghostly Armor","Power Through","Shrug It Off","Shrug It Off","Wild Strike+1","Fiend Fire","Berserk","Double Tap+1","Offering","Fiend Fire","Perfected Strike","Fiend Fire+1","Offering","Trip","Disarm"],"relics":["Burning Blood","Gambling Chip","Dream Catcher","Meat on the Bone","Lizard Tail","Oddly Smooth Stone","Ice Cream","Matryoshka","Question Card","Sozu","Centennial Puzzle","Medical Kit","Bird Faced Urn","Du-Vu Doll","Omamori","Paper Frog","PreservedInsect","Pen Nib","Fusion Hammer","FossilizedHelix","Lantern","Mummified Hand","Unceasing Top","Incense Burner","Boot","White Beast Statue"],"acts_visited":["Exordium","TheCity","TheBeyond","TheEnding"],"potions_floor_usage":[],"damage_taken":[{"damage":0,"enemies":"Cultist","floor":1,"turns":2},{"damage":0,"enemies":"Small Slimes","floor":2,"turns":1},{"damage":7,"enemies":"Lagavulin","floor":6,"turns":5},{"damage":6,"enemies":"3 Sentries","floor":7,"turns":7},{"damage":0,"enemies":"Lagavulin","floor":8,"turns":5},{"damage":0,"enemies":"Gremlin Nob","floor":10,"turns":3},{"damage":2,"enemies":"3 Sentries","floor":12,"turns":5},{"damage":5,"enemies":"Gremlin Nob","floor":14,"turns":3},{"damage":36,"enemies":"The Guardian","floor":16,"turns":7},{"damage":6,"enemies":"Shell Parasite","floor":18,"turns":2},{"damage":6,"enemies":"2 Thieves","floor":22,"turns":1},{"damage":38,"enemies":"Slavers","floor":23,"turns":3},{"damage":27,"enemies":"Book of Stabbing","floor":25,"turns":4},{"damage":6,"enemies":"Gremlin Leader","floor":30,"turns":3},{"damage":9,"enemies":"Automaton","floor":33,"turns":6},{"damage":16,"enemies":"3 Shapes","floor":35,"turns":4},{"damage":6,"enemies":"Mind Bloom Boss Battle","floor":37,"turns":4},{"damage":0,"enemies":"Orb Walker","floor":41,"turns":2},{"damage":6,"enemies":"Giant Head","floor":44,"turns":3},{"damage":29,"enemies":"Reptomancer","floor":45,"turns":3},{"damage":19,"enemies":"Nemesis","floor":47,"turns":3},{"damage":6,"enemies":"Giant Head","floor":48,"turns":1},{"damage":58,"enemies":"Time Eater","floor":50,"turns":7},{"damage":6,"enemies":"Shield and Spear","floor":54,"turns":2},{"damage":75,"enemies":"The Heart","floor":55,"turns":4}],"seed_played":"-3601900472283981098","potions_obtained":[{"floor":7,"key":"Swift Potion"},{"floor":12,"key":"ElixirPotion"},{"floor":16,"key":"Explosive Potion"}],"is_trial":true,"path_per_floor":["M","M","?","?","$","E","E","E","T","E","$","E","R","E","R","B",null,"M","?","?","$","M","E","R","E","T","R","$","R","E","?","R","B",null,"M","$","?","?","?","R","M","R","T","E","E","$","E","E","R","B",null,"R","$","E","B",null],"character_chosen":"IRONCLAD","items_purchased":["Medical Kit","PreservedInsect","Trip","Disarm"],"campfire_rested":5,"item_purchase_floors":[21,28,36,53],"current_hp_per_floor":[80,80,64,53,53,52,52,58,58,64,64,68,68,69,69,51,80,80,80,80,80,80,48,48,43,43,43,43,67,71,56,56,57,85,79,79,83,81,81,81,81,81,81,81,58,58,49,53,77,41,81,81,81,81,26],"gold":94,"neow_bonus":"","is_daily":false,"chose_seed":false,"campfire_upgraded":4,"win_rate":0.0,"timestamp":1609999861,"path_taken":["M","?","?","?","$","E","E","E","T","E","$","E","R","E","R","BOSS","M","?","?","$","M","E","R","E","T","R","$","R","E","?","R","BOSS","M","$","?","?","?","R","?","R","T","E","?","?","E","E","R","BOSS","R","$","E","BOSS"],"items_purchased_type":["Relic","Relic","Card","Card"],"build_version":"2020-12-22","purchased_purges":3,"victory":true,"max_hp_per_floor":[80,80,80,80,80,80,80,80,80,80,80,80,80,80,80,80,80,80,80,80,80,80,80,80,80,80,80,80,80,80,85,85,85,85,85,85,85,81,81,81,81,81,81,81,81,81,81,81,81,81,81,81,81,81,81],"card_choices":[{"not_picked":["Armaments","Perfected Strike"],"picked":"Metallicize","floor":0},{"not_picked":["Sword Boomerang","Intimidate"],"picked":"Wild Strike","floor":0},{"not_picked":["Anger","Headbutt"],"picked":"Wild Strike","floor":0},{"not_picked":["Wild Strike","Anger"],"picked":"Evolve","floor":0},{"not_picked":["Flex","Ghostly Armor"],"picked":"Wild Strike","floor":0},{"not_picked":["Perfected Strike","Flex"],"picked":"Pommel Strike","floor":0},{"not_picked":["Anger","Body Slam"],"picked":"Rampage","floor":0},{"not_picked":["Iron Wave","Anger"],"picked":"Ghostly Armor","floor":0},{"not_picked":["Body Slam","Sword Boomerang"],"picked":"Power Through","floor":0},{"not_picked":["Twin Strike","True Grit"],"picked":"Shrug It Off","floor":0},{"not_picked":["Flex","Twin Strike"],"picked":"Cleave","floor":0},{"not_picked":["True Grit","Warcry"],"picked":"Shrug It Off","floor":0},{"not_picked":["Clothesline","Warcry"],"picked":"Cleave","floor":0},{"not_picked":["Dual Wield","Reckless Charge"],"picked":"Anger","floor":0},{"not_picked":["Flex","Reckless Charge"],"picked":"Wild Strike","floor":0},{"not_picked":["Inflame","Shrug It Off"],"picked":"True Grit","floor":1},{"not_picked":["Sword Boomerang","Flex","Body Slam"],"picked":"SKIP","floor":2},{"not_picked":["Berserk","Immolate"],"picked":"Fiend Fire","floor":6},{"not_picked":["Limit Break","Demon Form","Bludgeon"],"picked":"SKIP","floor":7},{"not_picked":["Brutality","Exhume"],"picked":"Berserk","floor":8},{"not_picked":["Corruption","Barricade","Limit Break"],"picked":"SKIP","floor":10},{"not_picked":["Demon Form","Limit Break","Bludgeon"],"picked":"SKIP","floor":12},{"not_picked":["Exhume","Reaper"],"picked":"Double Tap","floor":14},{"not_picked":["Berserk","Reaper","Barricade"],"picked":"Offering","floor":16},{"not_picked":["Twin Strike","Cleave","Flame Barrier+1","Heavy Blade"],"picked":"SKIP","floor":18},{"not_picked":["Heavy Blade","Warcry+1","Anger","Shockwave+1"],"picked":"SKIP","floor":22},{"not_picked":["Feed","Exhume","Immolate","Brutality"],"picked":"SKIP","floor":23},{"not_picked":["Immolate","Juggernaut","Demon Form","Feed"],"picked":"SKIP","floor":25},{"not_picked":["Reaper","Limit Break","Berserk"],"picked":"Fiend Fire","floor":30},{"not_picked":["Exhume","Corruption","Juggernaut"],"picked":"Offering","floor":33},{"not_picked":["Iron Wave","Sever Soul","Spot Weakness+1","Feel No Pain"],"picked":"SKIP","floor":35},{"not_picked":["Cleave+1","Armaments","Shrug It Off+1","Pummel+1"],"picked":"SKIP","floor":41},{"not_picked":["Fiend Fire","Brutality","Barricade","Limit Break"],"picked":"SKIP","floor":44},{"not_picked":["Double Tap","Juggernaut","Barricade","Offering"],"picked":"SKIP","floor":45},{"not_picked":["Limit Break","Fiend Fire","Impervious","Barricade"],"picked":"SKIP","floor":47},{"not_picked":["Feed","Demon Form","Offering","Brutality"],"picked":"SKIP","floor":48},{"not_picked":["Demon Form","Brutality","Immolate","Exhume"],"picked":"SKIP","floor":54}],"player_experience":809468,"relics_obtained":[{"floor":6,"key":"Dream Catcher"},{"floor":7,"key":"Meat on the Bone"},{"floor":8,"key":"Lizard Tail"},{"floor":9,"key":"Oddly Smooth Stone"},{"floor":10,"key":"Ice Cream"},{"floor":12,"key":"Matryoshka"},{"floor":14,"key":"Question Card"},{"floor":23,"key":"Bird Faced Urn"},{"floor":25,"key":"Du-Vu Doll"},{"floor":26,"key":"Omamori"},{"floor":26,"key":"Paper Frog"},{"floor":30,"key":"Pen Nib"},{"floor":37,"key":"FossilizedHelix"},{"floor":43,"key":"Lantern"},{"floor":44,"key":"Mummified Hand"},{"floor":45,"key":"Unceasing Top"},{"floor":47,"key":"Incense Burner"},{"floor":48,"key":"Boot"},{"floor":54,"key":"White Beast Statue"}],"event_choices":[{"damage_healed":0,"gold_gain":0,"player_choice":"Entered Light","damage_taken":16,"max_hp_gain":0,"max_hp_loss":0,"event_name":"Shining Light","floor":3,"gold_loss":0,"cards_upgraded":["Rampage","Wild Strike"]},{"damage_healed":0,"gold_gain":75,"player_choice":"Gather Gold","damage_taken":11,"max_hp_gain":0,"max_hp_loss":0,"event_name":"World of Goop","floor":4,"gold_loss":0},{"damage_healed":0,"gold_gain":0,"cards_transformed":["Metallicize","Cleave"],"player_choice":"Became Test Subject","damage_taken":0,"max_hp_gain":0,"max_hp_loss":0,"event_name":"Drug Dealer","floor":19,"gold_loss":0,"cards_obtained":["Fiend Fire","Perfected Strike"]},{"damage_healed":0,"gold_gain":0,"player_choice":"Obtained Relic","damage_taken":0,"relics_obtained":["Centennial Puzzle"],"max_hp_gain":0,"max_hp_loss":0,"event_name":"Addict","floor":20,"gold_loss":85},{"damage_healed":0,"gold_gain":0,"player_choice":"Shed Blood","damage_taken":20,"max_hp_gain":5,"max_hp_loss":0,"event_name":"Forgotten Altar","floor":31,"gold_loss":0},{"damage_healed":0,"gold_gain":0,"player_choice":"Fight","damage_taken":0,"max_hp_gain":0,"max_hp_loss":0,"event_name":"MindBloom","floor":37,"gold_loss":0},{"damage_healed":0,"gold_gain":0,"player_choice":"Max HP","damage_taken":0,"max_hp_gain":0,"max_hp_loss":4,"event_name":"Winding Halls","floor":38,"gold_loss":0},{"damage_healed":0,"gold_gain":0,"player_choice":"Ignored","damage_taken":0,"max_hp_gain":0,"max_hp_loss":0,"event_name":"Tomb of Lord Red Mask","floor":39,"gold_loss":0}],"is_beta":false,"boss_relics":[{"not_picked":["Black Star","Philosopher\u0027s Stone"],"picked":"Sozu"},{"not_picked":["Velvet Choker","Runic Cube"],"picked":"Fusion Hammer"}],"items_purged_floors":[5,11,46],"is_endless":false,"potions_floor_spawned":[7,12,16,22,23,41,44,45,54],"ascension_level":1}}