{"host":"u9xtr94typ21duox","time":1609992460,"event":{"mods":["BaseMod","Key Reminder","KinomotoSakuraMod(木之本樱)","LagranYue(拉格朗・月)","Marisa（F雨　魔理沙）","Minty Spire (QoL Compilation)","Reimu（博丽灵梦）","Remilia（蕾米莉亚）","Replay The Spire","StSLib","Td1madao Mod","The Administrix","The Bladedancer","The Bug Knight","The Construct","The Cursed","The Gatherer","The Runesmith","The Servant 0.9.4","WarShipGirlsR/战舰少女R mod","Youmu（魂魄妖梦）","vexMod"],"gold_per_floor":[109,109,121,8,18,45,56,84,84,119,51,70,70,87,87,87,87],"floor_reached":16,"playtime":755,"items_purged":["ClowCardTheSword"],"score":154,"play_id":"fc0951ee-378f-46f9-8717-f0d48ab78dcc","local_time":"20210107120740","is_ascension_mode":true,"campfire_choices":[{"data":"ClowCardTheFlower","floor":13,"key":"SMITH"},{"floor":15,"key":"REST"}],"circlet_count":0,"master_deck":["ClowCardTheSword","ClowCardTheSword","ClowCardTheSword","ClowCardTheShield","ClowCardTheShield","ClowCardTheShield","ClowCardTheShield","SpellCardSeal","SpellCardRelease","ClowCardTheWood","ClowCardTheMist","ClowCardTheLoop","ClowCardTheEarthy","ClowCardTheSand","ClowCardTheFlower+1","ClowCardTheMaze","ClowCardTheShadow","ClowCardTheThunder"],"relics":["KSMOD_SealedBook","KSMOD_SealedWand","LagranYue:RandomDrawCardRelic","Toy Ornithopter","Potion Belt","vexMod:BarristanHead","keyreminder:keyreminder","HollowMod:LifeEnderRelic"],"acts_visited":["Exordium"],"potions_floor_usage":[5,6,10,12,16],"damage_taken":[{"damage":8,"enemies":"Jaw Worm","floor":1,"turns":5},{"damage":0,"enemies":"Cultist","floor":3,"turns":3},{"damage":0,"enemies":"Small Slimes","floor":5,"turns":3},{"damage":7,"enemies":"Gremlin Nob","floor":6,"turns":3},{"damage":6,"enemies":"Blue Slaver","floor":7,"turns":5},{"damage":0,"enemies":"Replay:BlueRogue","floor":8,"turns":6},{"damage":48,"enemies":"Gremlin Nob","floor":10,"turns":5},{"damage":0,"enemies":"Looter","floor":12,"turns":2},{"damage":3,"enemies":"Large Slime","floor":14,"turns":6},{"damage":0,"enemies":"Slime Boss","floor":16,"turns":3}],"seed_played":"8804267063916815449","potions_obtained":[{"floor":2,"key":"ZuzhouPotion:ReiMu"},{"floor":2,"key":"DistilledChaos"},{"floor":2,"key":"Explosive Potion"},{"floor":5,"key":"construct:ShiftPotion"},{"floor":10,"key":"Adrenaline Potion"},{"floor":14,"key":"GamblersBrew"}],"is_trial":false,"path_per_floor":["M","?","M","$","M","E","M","E","T","E","$","M","R","M","R","B"],"character_chosen":"KINOMOTOSAKURA","items_purchased":["ClowCardTheLoop","ClowCardTheMaze","ClowCardTheShadow"],"campfire_rested":1,"item_purchase_floors":[4,11,11],"current_hp_per_floor":[62,62,62,62,62,55,49,49,49,6,6,11,11,8,29,34,34],"gold":87,"neow_bonus":"ONE_RANDOM_RARE_CARD","is_daily":false,"chose_seed":false,"campfire_upgraded":1,"win_rate":0.0,"timestamp":1609992460,"path_taken":["M","?","M","$","M","E","M","E","T","E","$","M","R","?","R","BOSS"],"items_purchased_type":["Card","Card","Card"],"build_version":"2020-12-22","purchased_purges":1,"victory":false,"max_hp_per_floor":[70,70,70,70,70,70,70,70,70,70,70,70,70,70,70,70,70],"card_choices":[{"not_picked":["ClowCardTheArrow","ClowCardTheLock"],"picked":"ClowCardTheWood","floor":1},{"not_picked":["ClowCardTheGlow","ClowCardTheArrow"],"picked":"ClowCardTheMist","floor":3},{"not_picked":["ClowCardTheDream","ClowCardTheFloat"],"picked":"ClowCardTheEarthy","floor":5},{"not_picked":["ClowCardTheLock","ClowCardTheIllusion"],"picked":"ClowCardTheSand","floor":6},{"not_picked":["ClowCardTheLibra","ClowCardTheCloud","ClowCardThePower"],"picked":"SKIP","floor":7},{"not_picked":["ClowCardTheLock","ClowCardTheErase","ClowCardTheFreeze"],"picked":"SKIP","floor":8},{"not_picked":["ClowCardTheWatery","ClowCardTheDream"],"picked":"ClowCardTheFlower","floor":10},{"not_picked":["ClowCardTheCloud","ClowCardTheSleep","ClowCardTheFreeze"],"picked":"SKIP","floor":12},{"not_picked":["ClowCardTheShadow","ClowCardTheCloud"],"picked":"ClowCardTheThunder","floor":14}],"player_experience":283678,"relics_obtained":[{"floor":6,"key":"Toy Ornithopter"},{"floor":6,"key":"Potion Belt"},{"floor":8,"key":"vexMod:BarristanHead"},{"floor":10,"key":"HollowMod:LifeEnderRelic"}],"event_choices":[{"damage_healed":0,"gold_gain":0,"player_choice":"Got Potions","damage_taken":0,"max_hp_gain":0,"max_hp_loss":0,"event_name":"Lab","floor":2,"gold_loss":0}],"is_beta":false,"boss_relics":[],"items_purged_floors":[4],"is_endless":false,"potions_floor_spawned":[5,10,14],"killed_by":"Slime Boss","ascension_level":1}}