{"host":"ty2cix8xj6r3ad26","time":1609978560,"event":{"mods":["AchievementEnabler","BaseMod","BetterRewards","Minty Spire (QoL Compilation)","Replay The Spire","StSLib","SuperFastMode"],"gold_per_floor":[126,142,171,71,71,71,110,134,161,182,217,240,240,271,271,375,375,390,330,432,162,162,162,186,213,262,284,383,417,417,434,434,550,550,562,577,629,178,195,236,236,272,272,299,299,330,0,42,42,46,46,46,13,62,62],"floor_reached":56,"playtime":6436,"items_purged":["Strike_P","Strike_P","Injury","Injury","CrushJoints+1"],"score":2041,"play_id":"43159927-c8f8-44a4-94bd-be62e9051763","local_time":"20210107021600","is_ascension_mode":true,"campfire_choices":[{"data":"SignatureMove","floor":6,"key":"SMITH"},{"data":"Eruption","floor":13,"key":"SMITH"},{"floor":15,"key":"REST"},{"data":"Judgement","floor":23,"key":"SMITH"},{"data":"Vigilance","floor":30,"key":"SMITH"},{"data":"Protect","floor":32,"key":"SMITH"},{"data":"Vault","floor":41,"key":"SMITH"},{"floor":49,"key":"RECALL"}],"circlet_count":0,"master_deck":["Defend_P+1","Eruption+1","Vigilance+1","Establishment+1","SignatureMove+1","Protect+1","Wireheading+1","Nirvana+1","Judgement+1","Devotion+1","Adaptation+1","Halt+1","MentalFortress+1","Vault+1","Indignation+1","ClearTheMind+1","Wallop+1","EmptyBody+1"],"relics":["PureWater","Replay:Bandana","PreservedInsect","Frozen Egg 2","Replay:Rubber Ducky","ReplayTheSpireMod:TigerMarble","Replay:Mystery Machine","Happy Flower","Kintsugi","CeramicFish","MealTicket","Replay:Bottled Eggs","Coffee Dripper","Prayer Wheel","ClockworkSouvenir","Akabeko","Oddly Smooth Stone","Quantum Egg","Chameleon Ring","Lantern","Pen Nib"],"acts_visited":["Exordium","TheCity","TheBeyond","TheEnding"],"potions_floor_usage":[1,7,7,7,14,24,25,29,33,37,39,50,54,55,55],"damage_taken":[{"damage":0,"enemies":"Cultist","floor":1,"turns":2},{"damage":0,"enemies":"Jaw Worm","floor":2,"turns":5},{"damage":0,"enemies":"Small Slimes","floor":3,"turns":3},{"damage":0,"enemies":"3 Sentries","floor":7,"turns":4},{"damage":3,"enemies":"3 Louse","floor":8,"turns":4},{"damage":1,"enemies":"Exordium Wildlife","floor":10,"turns":5},{"damage":0,"enemies":"Lagavulin","floor":11,"turns":5},{"damage":23,"enemies":"Lots of Slimes","floor":12,"turns":5},{"damage":0,"enemies":"3 Sentries","floor":14,"turns":4},{"damage":0,"enemies":"The Guardian","floor":16,"turns":6},{"damage":8,"enemies":"Shell Parasite","floor":18,"turns":4},{"damage":3,"enemies":"3 Byrds","floor":24,"turns":3},{"damage":0,"enemies":"Cultist and Chosen","floor":25,"turns":4},{"damage":6,"enemies":"Chosen and Byrds","floor":27,"turns":4},{"damage":1,"enemies":"Slavers","floor":29,"turns":4},{"damage":0,"enemies":"Sentry and Sphere","floor":31,"turns":3},{"damage":2,"enemies":"Automaton","floor":33,"turns":8},{"damage":0,"enemies":"3 Shapes","floor":35,"turns":4},{"damage":0,"enemies":"Orb Walker","floor":36,"turns":3},{"damage":0,"enemies":"Mind Bloom Boss Battle","floor":37,"turns":6},{"damage":0,"enemies":"Jaw Worm Horde","floor":39,"turns":3},{"damage":0,"enemies":"R_Hoarder","floor":40,"turns":7},{"damage":0,"enemies":"Giant Head","floor":42,"turns":6},{"damage":0,"enemies":"3 Darklings","floor":44,"turns":4},{"damage":0,"enemies":"Sphere and 2 Shapes","floor":46,"turns":4},{"damage":0,"enemies":"Maw","floor":48,"turns":4},{"damage":0,"enemies":"Donu and Deca","floor":50,"turns":6},{"damage":0,"enemies":"Shield and Spear","floor":54,"turns":3},{"damage":9,"enemies":"The Heart","floor":55,"turns":12}],"seed_played":"-7242906231825531973","potions_obtained":[{"floor":12,"key":"SpeedPotion"},{"floor":16,"key":"FearPotion"},{"floor":18,"key":"Block Potion"},{"floor":25,"key":"ColorlessPotion"},{"floor":27,"key":"FairyPotion"},{"floor":31,"key":"Energy Potion"},{"floor":37,"key":"ColorlessPotion"},{"floor":40,"key":"CultistPotion"},{"floor":44,"key":"Block Potion"},{"floor":52,"key":"ColorlessPotion"},{"floor":54,"key":"LifebloodPotion"}],"is_trial":false,"path_per_floor":["M","M","M","$","?","R","E","M","T","M","E","M","R","E","R","B",null,"M","?","?","$","?","R","M","M","T","M","?","E","R","M","R","B",null,"M","M","?","$","M","E","R","E","T","M","?","M","$","M","R","B",null,"R","$","E","B",null],"character_chosen":"WATCHER","items_purchased":["Replay:Bandana","PreservedInsect","EntropicBrew","Frozen Egg 2","Establishment+1","Replay:Rubber Ducky","SignatureMove","Protect","MentalFortress+1","Regen Potion","ClockworkSouvenir","Akabeko","Lantern","Elixir"],"campfire_rested":1,"item_purchase_floors":[0,0,0,0,0,0,0,0,21,21,38,38,47,53],"current_hp_per_floor":[34,34,34,34,34,34,46,43,43,42,42,19,19,19,40,40,72,64,64,46,46,46,46,52,52,52,46,46,45,45,45,45,43,72,72,72,72,72,72,72,72,72,72,72,72,72,72,72,72,72,72,72,72,72,67],"gold":62,"neow_bonus":"","is_daily":false,"chose_seed":false,"campfire_upgraded":6,"win_rate":0.0,"timestamp":1609978560,"path_taken":["M","M","?","?","?","R","E","M","T","M","E","?","R","E","R","BOSS","M","?","?","$","?","R","?","?","T","M","?","E","R","M","R","BOSS","M","M","?","$","M","E","R","E","T","M","?","M","$","M","R","BOSS","R","$","E","BOSS"],"items_purchased_type":["Relic","Relic","Potion","Relic","Card","Relic","Card","Card","Card","Potion","Relic","Relic","Relic","Potion"],"build_version":"2020-12-22","purchased_purges":5,"victory":true,"max_hp_per_floor":[72,72,72,72,72,72,72,72,72,72,72,72,72,72,72,72,72,72,72,72,72,72,72,72,72,72,72,72,72,72,72,72,72,72,72,72,72,72,72,72,72,72,72,72,72,72,72,72,72,72,72,72,72,72,72],"card_choices":[{"not_picked":["FlurryOfBlows","EmptyBody","SashWhip"],"picked":"SKIP","floor":1},{"not_picked":["Fasting2+1","FollowUp","Evaluate"],"picked":"SKIP","floor":2},{"not_picked":["Replay:Battleflow","BowlingBash"],"picked":"Wireheading+1","floor":3},{"not_picked":["Omniscience","Replay:AtTheReady"],"picked":"Nirvana+1","floor":7},{"not_picked":["FlurryOfBlows","Consecrate","CarveReality"],"picked":"SKIP","floor":8},{"not_picked":["Protect","FlyingSleeves","Perseverance"],"picked":"SKIP","floor":10},{"not_picked":["Wish","SashWhip"],"picked":"Judgement","floor":11},{"not_picked":["WaveOfTheHand","Replay:AtTheReady","FollowUp"],"picked":"SKIP","floor":12},{"not_picked":["SashWhip","PathToVictory","Crescendo"],"picked":"SKIP","floor":14},{"not_picked":["Judgement","Wish"],"picked":"Devotion+1","floor":16},{"not_picked":["EmptyBody","WreathOfFlame+1","Replay:DivineShield"],"picked":"SKIP","floor":18},{"not_picked":["Evaluate","Halt"],"picked":"Adaptation+1","floor":20},{"not_picked":["Replay:AtTheReady","Replay:Vibes"],"picked":"Halt","floor":20},{"not_picked":["LikeWater+1","SashWhip","Replay:AtTheReady"],"picked":"SKIP","floor":24},{"not_picked":["Protect+1","Study+1"],"picked":"ClearTheMind","floor":25},{"not_picked":["CarveReality","FlurryOfBlows","LessonLearned"],"picked":"SKIP","floor":27},{"not_picked":["Consecrate+1","Study+1","Protect"],"picked":"SKIP","floor":29},{"not_picked":["CutThroughFate","JustLucky","Replay:BluntJabs"],"picked":"SKIP","floor":31},{"not_picked":["Wish","Replay:AllIn"],"picked":"Vault","floor":33},{"not_picked":["CrushJoints+1","Prostrate+1","Replay:ManipulateFuture+1"],"picked":"SKIP","floor":35},{"not_picked":["JustLucky","Vengeance+1","Consecrate+1"],"picked":"SKIP","floor":36},{"not_picked":["Omniscience","SignatureMove","FlyingSleeves"],"picked":"SKIP","floor":39},{"not_picked":["FollowUp","Weave+1","Tantrum+1"],"picked":"SKIP","floor":39},{"not_picked":["Replay:Battleflow","WheelKick"],"picked":"CrushJoints+1","floor":40},{"not_picked":["Tantrum","JustLucky+1","Collect+1"],"picked":"SKIP","floor":42},{"not_picked":["CrushJoints+1","EmptyBody","Replay:Cycle+1"],"picked":"SKIP","floor":44},{"not_picked":["Study+1","Nirvana+1","Perseverance"],"picked":"SKIP","floor":44},{"not_picked":["DeceiveReality+1","Replay:ManipulateFuture+1"],"picked":"Indignation+1","floor":46},{"not_picked":["BattleHymn+1","Sanctity+1","Replay:AtTheReady"],"picked":"SKIP","floor":46},{"not_picked":["Replay:LoomingThreat+1","Evaluate+1"],"picked":"ClearTheMind+1","floor":48},{"not_picked":["Replay:ManipulateFuture","BattleHymn+1","Wallop+1"],"picked":"SKIP","floor":48},{"not_picked":["Replay:ManipulateFuture","BattleHymn+1","Wallop+1"],"picked":"SKIP","floor":48},{"not_picked":["Replay:ManipulateFuture","BattleHymn+1"],"picked":"Wallop+1","floor":48},{"not_picked":["WindmillStrike","Meditate"],"picked":"EmptyBody+1","floor":54}],"player_experience":436494,"relics_obtained":[{"floor":7,"key":"ReplayTheSpireMod:TigerMarble"},{"floor":11,"key":"Replay:Mystery Machine"},{"floor":14,"key":"Happy Flower"},{"floor":20,"key":"CeramicFish"},{"floor":26,"key":"MealTicket"},{"floor":29,"key":"Replay:Bottled Eggs"},{"floor":37,"key":"Prayer Wheel"},{"floor":40,"key":"Oddly Smooth Stone"},{"floor":42,"key":"Quantum Egg"},{"floor":43,"key":"Chameleon Ring"},{"floor":54,"key":"Pen Nib"}],"event_choices":[{"damage_healed":0,"gold_gain":0,"player_choice":"Bought 0 Potions","damage_taken":0,"max_hp_gain":0,"max_hp_loss":0,"event_name":"The Woman in Blue","floor":5,"gold_loss":0},{"damage_healed":0,"gold_gain":0,"player_choice":"Ignored","damage_taken":0,"max_hp_gain":0,"max_hp_loss":0,"event_name":"Ghosts","floor":22,"gold_loss":0},{"damage_healed":0,"gold_gain":99,"player_choice":"Stole From Cult","damage_taken":0,"max_hp_gain":0,"max_hp_loss":0,"event_name":"Nest","floor":28,"gold_loss":0},{"damage_healed":0,"gold_gain":0,"player_choice":"Fight","damage_taken":0,"max_hp_gain":0,"max_hp_loss":0,"event_name":"MindBloom","floor":37,"gold_loss":0},{"cards_removed":["ClearTheMind"],"damage_healed":0,"gold_gain":0,"player_choice":"Removed Skill","damage_taken":0,"max_hp_gain":0,"max_hp_loss":0,"event_name":"Falling","floor":45,"gold_loss":0}],"is_beta":false,"boss_relics":[{"not_picked":["ReplayTheSpireMod:DimensionalGlitch","ChewingGum"],"picked":"Kintsugi"},{"not_picked":["Pandora\u0027s Box","Snecko Heart"],"picked":"Coffee Dripper"}],"items_purged_floors":[0,4,21,38,47],"is_endless":false,"potions_floor_spawned":[1,3,12,16,18,25,27,31,37,40,44,46,54],"ascension_level":3}}