{"host":"ig7tc0uedzltt2sr","time":1609992588,"event":{"mods":["BaseMod","Better Twitch Integration","Block Reminder","Colored Map","Colored Powertips","Communication Mod","Current Relic Mod","GifTheSpireLib","HexUI Lib","Minty Spire (QoL Compilation)","Quick Restart","Random Character Button","Rare Cards Sparkle","Relic Sorter","Relic Stats","Slay the Relics Exporter","StSLib","SuperFastMode","Synergy Search","Twitch Decklist","Twitch Utils","everything is the same but u backflip on backflip","slay the spire mod where everything is the same but ironclad has a cowboy hat"],"gold_per_floor":[119,84,101,114,131,131,131,6,6,6,6],"floor_reached":10,"playtime":40,"items_purged":[],"score":58,"play_id":"f3547de7-e668-4bb1-b8ba-6e5d9b942081","local_time":"20210106200948","is_ascension_mode":false,"campfire_choices":[{"floor":6,"key":"REST"}],"circlet_count":0,"master_deck":["Strike_R","Strike_R","Strike_R","Strike_R","Strike_R","Defend_R","Defend_R","Defend_R","Defend_R","Bash","Metallicize","Dark Embrace","Evolve","Inflame"],"relics":["Burning Blood","NeowsBlessing","Smiling Mask"],"acts_visited":["Exordium"],"potions_floor_usage":[],"damage_taken":[{"damage":0,"enemies":"Jaw Worm","floor":1,"turns":1},{"damage":0,"enemies":"2 Louse","floor":3,"turns":1},{"damage":0,"enemies":"Small Slimes","floor":4,"turns":2},{"damage":68,"enemies":"Exordium Thugs","floor":5,"turns":10},{"damage":56,"enemies":"Gremlin Nob","floor":10,"turns":5}],"seed_played":"7486094289289924422","potions_obtained":[{"floor":1,"key":"BlessingOfTheForge"},{"floor":3,"key":"Strength Potion"},{"floor":4,"key":"Explosive Potion"}],"is_trial":false,"path_per_floor":["M","?","M","M","M","R","?","$","T","E"],"character_chosen":"IRONCLAD","items_purchased":["Inflame","BlessingOfTheForge"],"campfire_rested":1,"item_purchase_floors":[8,8],"current_hp_per_floor":[80,80,80,80,18,42,42,42,42,0,0],"gold":6,"neow_bonus":"THREE_ENEMY_KILL","is_daily":false,"chose_seed":false,"campfire_upgraded":0,"win_rate":0.0,"timestamp":1609992588,"path_taken":["M","?","M","M","M","R","?","$","T","E"],"items_purchased_type":["Card","Potion"],"build_version":"2020-12-22","purchased_purges":0,"victory":false,"max_hp_per_floor":[80,80,80,80,80,80,80,80,80,80,80],"relic_stats":{"counters":[5,19],"Smiling Mask":0,"obtain_stats":[{"NeowsBlessing":0,"Smiling Mask":9,"Burning Blood":0},{"NeowsBlessing":0,"Smiling Mask":4,"Burning Blood":0},{"NeowsBlessing":0,"Smiling Mask":14,"Burning Blood":0}],"Burning Blood":6},"card_choices":[{"not_picked":["Infernal Blade","True Grit"],"picked":"Metallicize","floor":1},{"not_picked":["Pommel Strike","Disarm"],"picked":"Combust","floor":3},{"not_picked":["Pommel Strike","Thunderclap"],"picked":"Dark Embrace","floor":4},{"not_picked":["Headbutt","True Grit"],"picked":"Evolve","floor":5}],"player_experience":1444982,"relics_obtained":[{"floor":9,"key":"Smiling Mask"}],"event_choices":[{"damage_healed":0,"gold_gain":0,"player_choice":"Left Gold","damage_taken":0,"max_hp_gain":0,"max_hp_loss":0,"event_name":"World of Goop","floor":2,"gold_loss":35},{"cards_removed":["Combust"],"damage_healed":0,"gold_gain":0,"player_choice":"Forget","damage_taken":0,"max_hp_gain":0,"max_hp_loss":0,"event_name":"Living Wall","floor":7,"gold_loss":0}],"is_beta":false,"boss_relics":[],"items_purged_floors":[],"is_endless":false,"potions_floor_spawned":[1,3,4],"killed_by":"Gremlin Nob","ascension_level":0}}