{"host":"3twtdwjpiqhvvn5s","time":1609981274,"event":{"mods":["AchievementEnabler","Act Like it!","BaseMod","BetterRewards","Colored Map","Colored Powertips","Downfall","Duelist Mod","Friendly Minions","GifTheSpireLib","Hallownest","Hermit","Hubris","Infinite Spire","Jorbs\u0027s Wanderer Trilogy","Koishi","KomeijiMod","Marisa????????","Minty Spire (QoL Compilation)","Random Character Mod","Rare Cards Sparkle","Replay The Spire","Shop Mod","StSLib","Td1madao Mod","The Administrix","The Animator","The Bug Knight","The Caster","The Cursed","The Disciple","The Hierophant","The Necromancer","The Poker Player","The Runesmith","The Servant 0.9.4","TheFirefly"],"gold_per_floor":[220,268,301,361,400,400,499,505,505,505,505],"floor_reached":10,"playtime":45902,"items_purged":[],"score":72,"play_id":"4c968c48-2bdf-42f6-bd28-1d16004cac09","local_time":"20210106190114","daily_mods":["Midas"],"is_ascension_mode":false,"campfire_choices":[{"floor":6,"key":"REST"}],"circlet_count":0,"master_deck":["Strike_Remiria","Strike_Remiria","Strike_Remiria","Strike_Remiria","Defend_Remirira","Defend_Remirira","Defend_Remirira","Defend_Remirira","Absorbed","Scratch","ServantFlier","Feint","Guardian:Gem_Lightblue","TricksterDevil","Warpath","Guardian:Gem_Yellow"],"relics":["ThirstyCrossSpe","HollowMod:PaleOreRelic","hubris:FunFungus"],"acts_visited":["Exordium"],"potions_floor_usage":[],"damage_taken":[{"damage":0,"enemies":"Cultist","floor":1,"turns":5},{"damage":0,"enemies":"Small Slimes","floor":2,"turns":3},{"damage":0,"enemies":"2 Louse","floor":3,"turns":2},{"damage":4,"enemies":"Large Slime","floor":4,"turns":5},{"damage":4,"enemies":"Gremlin Gang","floor":5,"turns":5},{"damage":79,"enemies":"Gremlin Nob","floor":7,"turns":6},{"damage":7,"enemies":"Exordium Thugs","floor":8,"turns":4},{"damage":17,"enemies":"3 Sentries","floor":10,"turns":4}],"seed_played":"-2602622671196446688","potions_obtained":[{"floor":1,"key":"Energy Potion"},{"floor":4,"key":"GamblersBrew"},{"floor":5,"key":"Guardian:BlockOnCardUsePotion"}],"is_trial":true,"path_per_floor":["M","M","M","M","M","R","E","M","T","E"],"character_chosen":"RemiriaScarlet","items_purchased":[],"campfire_rested":1,"item_purchase_floors":[],"current_hp_per_floor":[100,100,100,96,92,100,21,14,14,0,0],"gold":505,"neow_bonus":"","is_daily":false,"chose_seed":false,"campfire_upgraded":0,"win_rate":0.0,"timestamp":1609981274,"path_taken":["M","M","M","M","M","R","E","M","T","E"],"items_purchased_type":[],"build_version":"2020-12-22","purchased_purges":0,"victory":false,"max_hp_per_floor":[100,100,100,100,100,100,100,100,100,100,100],"card_choices":[{"not_picked":["FastHealing","TrickFate"],"picked":"ServantFlier","floor":1},{"not_picked":["Guardian:Harden","FateCollect"],"picked":"Feint","floor":2},{"not_picked":["Guardian:TemporalStrike","Guardian:PrismaticBarrier","Cripple"],"picked":"SKIP","floor":3},{"not_picked":["ServantFlier","YoungDemonLord"],"picked":"Guardian:Gem_Lightblue","floor":4},{"not_picked":["Guardian:Incinerate","FateCollect"],"picked":"TricksterDevil","floor":5},{"not_picked":["Impregnable","Guardian:Incinerate"],"picked":"Warpath","floor":7},{"not_picked":["DamonLordCradle_Remiria","BloodCleaner"],"picked":"Guardian:Gem_Yellow","floor":8}],"player_experience":1253558,"relics_obtained":[{"floor":7,"key":"HollowMod:PaleOreRelic"},{"floor":9,"key":"hubris:FunFungus"}],"event_choices":[],"is_beta":false,"boss_relics":[],"items_purged_floors":[],"is_endless":false,"potions_floor_spawned":[1,4,5],"killed_by":"3 Sentries","ascension_level":0}}