{"host":"gzrx8rm2nhta4pjr","time":1609990447,"event":{"mods":["2.2 Compatiblity","Act Like it!","AlwaysNeverKeys","BaseMod","Better Altar","Better Sensory Stone","Better Silent Start","Block Reminder","Curses Come First","Defuse TimeMaze Blight","Disable Question Mark Monsters","Emptier Cage","GifTheSpireLib","Infinite Spire","Marked Mod","Minty Spire (QoL Compilation)","Potionbrewer","Rare Cards Sparkle","Remove Card Discount Mod","Reorder Act Four","SCP261 Mod","Shop Mod","StSLib","Stuff the Spire","Swap Starting Deck Mod","The Bug Knight","The Senshi","The Servant 0.9.4","Transform Curses"],"gold_per_floor":[110,129,129,129,194,220,220,238,238,248,0,31,31,28,28,126,126,139,139,153,166,184,215,234,234,258,258,276,276,307,324,324,420,420,438,438,151,151,164,164,179,209,233,233,508,524,538,538,538,635,635,649,649,649,660,670,670,698,698,698,706,706,722,732,403,403,470,520,520,79,86,86,90,90,100,100,125,125,125,125],"floor_reached":79,"playtime":3941,"items_purged":["Rage"],"score":1494,"play_id":"cd57e1d5-4ffa-483b-9018-8f2cb89ba9e6","local_time":"20210106223407","is_ascension_mode":true,"campfire_choices":[{"floor":7.0,"key":"REST"},{"data":"infinitespire:OneForAll","floor":13.0,"key":"SMITH"},{"data":"Demon Form","floor":15.0,"key":"SMITH"},{"floor":25.0,"key":"REST"},{"data":"Fire Breathing","floor":32.0,"key":"SMITH"},{"data":"Barricade","floor":40.0,"key":"SMITH"},{"floor":49.0,"key":"REST"},{"data":"infinitespire:Gouge","floor":57.0,"key":"SMITH"},{"data":"infinitespire:Oblivion","floor":59.0,"key":"SMITH"},{"data":"Bandage Up","floor":66.0,"key":"SMITH"},{"data":"infinitespire:Execution","floor":74.0,"key":"SMITH"}],"circlet_count":0,"master_deck":["Reckless Charge","Reckless Charge","Reckless Charge","Reckless Charge+1","Wild Strike","Power Through","Power Through","Power Through","Power Through","Fire Breathing+1","Flex","Flex","infinitespire:OneForAll+1","Flex","Pummel","Demon Form+1","Reaper","Sword Boomerang","Fire Breathing+1","Bandage Up+1","Exhume","Ghostly Armor","Fire Breathing+1","Metallicize","Regret","infinitespire:Oblivion+1","Anger","infinitespire:Gouge+1","Sword Boomerang","Brutality","Reckless Charge","Metallicize","Decay","Barricade+1","Heavy Blade+1","Intimidate","Dramatic Entrance","Secret Weapon","Regret","Whirlwind+1","Battle Trance+1","Juggernaut","Armaments","Perfected Strike","Metallicize","Battle Trance","Body Slam","Armaments","Ghostly Armor","Disarm","StuffTheSpire:FreeRealEstate","Berserk","infinitespire:Execution+1","StuffTheSpire:Pyroclast+1","Evolve","Sword Boomerang+1","Inflame"],"relics":["Black Blood","swapstartingdeckmod:Bellows","potionbrewer:AlchemistFlask","MerchantsRug","potionbrewer:Keyblade","Black Star","infinitespire:Beetle Shell","Charon\u0027s Ashes","Oddly Smooth Stone","Toy Ornithopter","Mark of Pain","theSenshi:SailorFukuRelic","infinitespire:Bottled Soul","Darkstone Periapt","theSenshi:FeatherClipsRelic","OrangePellets","Juzu Bracelet","Omamori","infinitespire:Midas Blood","StuffTheSpire:Barrel"],"acts_visited":["TheCity","TheBeyond","Exordium","TheCity"],"potions_floor_usage":[],"damage_taken":[{"damage":0.0,"enemies":"Cultist","floor":1.0,"turns":3.0},{"damage":0.0,"enemies":"Jaw Worm","floor":2.0,"turns":3.0},{"damage":30.0,"enemies":"Gremlin Nob","floor":6.0,"turns":5.0},{"damage":0.0,"enemies":"2 Louse","floor":8.0,"turns":2.0},{"damage":8.0,"enemies":"Blue Slaver","floor":10.0,"turns":4.0},{"damage":0.0,"enemies":"Lagavulin","floor":12.0,"turns":4.0},{"damage":35.0,"enemies":"Slime Boss","floor":16.0,"turns":7.0},{"damage":12.0,"enemies":"Shell Parasite","floor":18.0,"turns":3.0},{"damage":18.0,"enemies":"Chosen","floor":20.0,"turns":5.0},{"damage":0.0,"enemies":"Snecko","floor":21.0,"turns":3.0},{"damage":6.0,"enemies":"Cultist and Chosen","floor":22.0,"turns":4.0},{"damage":35.0,"enemies":"Book of Stabbing","floor":23.0,"turns":4.0},{"damage":32.0,"enemies":"Shelled Parasite and Fungi","floor":24.0,"turns":4.0},{"damage":31.0,"enemies":"Centurion and Healer","floor":28.0,"turns":4.0},{"damage":19.0,"enemies":"Nightmare","floor":30.0,"turns":8.0},{"damage":0.0,"enemies":"3 Cultists","floor":31.0,"turns":3.0},{"damage":23.0,"enemies":"Automaton","floor":33.0,"turns":6.0},{"damage":2.0,"enemies":"3 Darklings","floor":35.0,"turns":3.0},{"damage":0.0,"enemies":"Orb Walker","floor":39.0,"turns":2.0},{"damage":28.0,"enemies":"Jaw Worm Horde","floor":41.0,"turns":4.0},{"damage":33.0,"enemies":"Nemesis","floor":42.0,"turns":5.0},{"damage":0.0,"enemies":"4 Shapes","floor":46.0,"turns":2.0},{"damage":21.0,"enemies":"3 Darklings","floor":47.0,"turns":3.0},{"damage":62.0,"enemies":"infinitespire:MassOfShapes","floor":50.0,"turns":9.0},{"damage":6.0,"enemies":"Jaw Worm","floor":52.0,"turns":2.0},{"damage":0.0,"enemies":"infinitespire:Voidling","floor":55.0,"turns":2.0},{"damage":0.0,"enemies":"2 Louse","floor":56.0,"turns":1.0},{"damage":0.0,"enemies":"3 Sentries","floor":58.0,"turns":1.0},{"damage":0.0,"enemies":"Blue Slaver","floor":61.0,"turns":1.0},{"damage":0.0,"enemies":"Looter","floor":62.0,"turns":2.0},{"damage":30.0,"enemies":"Lagavulin","floor":63.0,"turns":3.0},{"damage":0.0,"enemies":"2 Fungi Beasts","floor":64.0,"turns":1.0},{"damage":37.0,"enemies":"The Guardian","floor":67.0,"turns":7.0},{"damage":25.0,"enemies":"3 Byrds","floor":69.0,"turns":2.0},{"damage":8.0,"enemies":"Chosen","floor":71.0,"turns":3.0},{"damage":0.0,"enemies":"Shelled Parasite and Fungi","floor":73.0,"turns":2.0},{"damage":83.0,"enemies":"Book of Stabbing","floor":75.0,"turns":5.0},{"damage":52,"enemies":"Gremlin Leader","floor":79,"turns":2}],"seed_played":"6242759976361532845","potions_obtained":[{"floor":1.0,"key":"potionbrewer:CleansingPotion"},{"floor":10.0,"key":"BlessingOfTheForge"},{"floor":12.0,"key":"BlessingOfTheForge"},{"floor":18.0,"key":"potionbrewer:BlacksmithPotion"},{"floor":21.0,"key":"potionbrewer:ToxicPotion"},{"floor":22.0,"key":"potionbrewer:AcidPotion"},{"floor":33.0,"key":"Weak Potion"},{"floor":35.0,"key":"Energy Potion"},{"floor":39.0,"key":"potionbrewer:CleansingPotion"},{"floor":46.0,"key":"SkillPotion"},{"floor":55.0,"key":"BloodPotion"},{"floor":68.0,"key":"SCP261:DietGhostPotion"}],"is_trial":false,"path_per_floor":["M","M","?","?","?","E","R","M","T","M","$","E","R","$","R","B",null,"M","?","M","M","M","E","M","R","T","?","M","AVR","NM","M","R","B",null,"M","?","$","?","M","R","M","E","T","?","?","M","M","?","R","B",null,"M","?","?","M","M","R","E","R","T","M","M","E","M","$","R","B",null,"M","$","M","$","M","R","E","?","T","?","E"],"character_chosen":"IRONCLAD","items_purchased":["MerchantsRug","potionbrewer:Keyblade","Demon Form","Charon\u0027s Ashes","potionbrewer:CleansingPotion","Block Potion","Metallicize","HeartOfIron","Molten Egg 2","StuffTheSpire:FreeRealEstate","Darkstone Periapt","theSenshi:FeatherClipsRelic","OrangePellets"],"campfire_rested":3,"item_purchase_floors":[11,11,14,37,37,37,37,65,65,65,70,70,70],"current_hp_per_floor":[80,80,80,80,80,56,80,80,80,78,78,80,80,80,80,51,80,79,79,68,80,80,51,43,67,67,67,56,56,51,80,80,63,80,80,80,80,80,80,80,72,51,51,51,51,63,56,56,80,39,80,80,80,80,80,80,80,80,80,80,80,80,72,84,90,90,74,95,99,99,103,103,103,103,44,44,44,44,0,0],"gold":125,"neow_bonus":"","is_daily":false,"chose_seed":false,"campfire_upgraded":8,"win_rate":0.0,"timestamp":1609990447,"path_taken":["M","?","?","?","?","E","R","M","T","M","$","E","R","?","R","BOSS","M","?","M","?","M","E","M","R","T","?","M","AVR","NM","M","R","BOSS","M","?","$","?","?","R","M","E","T","?","?","?","M","?","R","BOSS","M","?","?","M","?","R","E","R","T","M","M","E","M","$","R","BOSS","M","$","?","$","M","R","E","?","T","?","E"],"items_purchased_type":["Relic","Relic","Card","Relic","Potion","Potion","Card","Potion","Relic","Card","Relic","Relic","Relic"],"build_version":"2020-12-22","purchased_purges":1,"victory":false,"max_hp_per_floor":[80,80,80,80,80,80,80,80,80,80,80,80,80,80,80,80,80,80,80,80,80,80,80,80,80,80,80,80,80,80,80,80,80,80,80,80,80,80,80,80,80,80,80,80,80,80,80,80,80,80,80,80,80,80,80,80,80,80,80,80,80,80,90,90,90,90,90,95,103,103,103,103,103,103,103,103,103,103,103,103],"card_choices":[{"not_picked":["Perfected Strike","Carnage"],"picked":"Flex","floor":1.0},{"not_picked":["Headbutt","Evolve"],"picked":"Flex","floor":2.0},{"not_picked":["Iron Wave","Flame Barrier"],"picked":"infinitespire:OneForAll","floor":6.0},{"not_picked":["Perfected Strike","Headbutt"],"picked":"Rage","floor":8.0},{"not_picked":["Clothesline","Thunderclap"],"picked":"Flex","floor":10.0},{"not_picked":["Second Wind","Evolve"],"picked":"Pummel","floor":12.0},{"not_picked":["Exhume","Impervious"],"picked":"Reaper","floor":16.0},{"not_picked":["Hemokinesis","StuffTheSpire:Incineration"],"picked":"Sword Boomerang","floor":18.0},{"not_picked":["Dropkick+1","Burning Pact","Perfected Strike"],"picked":"SKIP","floor":20.0},{"not_picked":["Carnage+1","Sever Soul+1"],"picked":"Ghostly Armor","floor":21.0},{"not_picked":["Metallicize","Pummel"],"picked":"Fire Breathing+1","floor":22.0},{"not_picked":["Reckless Charge","Flex"],"picked":"Metallicize","floor":23.0},{"not_picked":["Shrug It Off","Perfected Strike","Uppercut"],"picked":"SKIP","floor":24.0},{"not_picked":["infinitespire:DeathsTouch","infinitespire:UltimateForm"],"picked":"infinitespire:Oblivion","floor":27.0},{"not_picked":["Clothesline","Thunderclap+1"],"picked":"Anger","floor":28.0},{"not_picked":["Thunderclap+1","Uppercut+1","Pommel Strike"],"picked":"SKIP","floor":30.0},{"not_picked":["Clash+1","Clothesline"],"picked":"Sword Boomerang","floor":31.0},{"not_picked":["Feed","Impervious"],"picked":"Brutality","floor":33.0},{"not_picked":["Armaments","Clothesline+1"],"picked":"Reckless Charge","floor":35.0},{"not_picked":["StuffTheSpire:RagingBull","Bloodletting"],"picked":"Barricade","floor":39.0},{"not_picked":["Hemokinesis+1","Iron Wave+1"],"picked":"Heavy Blade+1","floor":41.0},{"not_picked":["Thunderclap","Impervious"],"picked":"Intimidate","floor":42.0},{"not_picked":["Flash of Steel","The Bomb"],"picked":"Dramatic Entrance","floor":44.0},{"not_picked":["Blind","Mind Blast"],"picked":"Secret Weapon","floor":44.0},{"not_picked":["Sword Boomerang","Hemokinesis"],"picked":"Whirlwind+1","floor":46.0},{"not_picked":["Iron Wave","Thunderclap+1"],"picked":"Battle Trance","floor":47.0},{"not_picked":["Barricade","Berserk"],"picked":"Juggernaut","floor":50.0},{"not_picked":["Thunderclap","infinitespire:OneForAll"],"picked":"Armaments","floor":52.0},{"not_picked":["Searing Blow","Fire Breathing"],"picked":"Metallicize","floor":55.0},{"not_picked":["StuffTheSpire:RockThrow","Sword Boomerang"],"picked":"Battle Trance","floor":56.0},{"not_picked":["Ghostly Armor","Burning Pact"],"picked":"Body Slam","floor":58.0},{"not_picked":["Pommel Strike","Clash"],"picked":"Armaments","floor":61.0},{"not_picked":["Sever Soul","StuffTheSpire:RockThrow","Armaments"],"picked":"SKIP","floor":62.0},{"not_picked":["Brutality","Rage"],"picked":"Ghostly Armor","floor":63.0},{"not_picked":["Havoc","Thunderclap"],"picked":"Disarm","floor":64.0},{"not_picked":["Barricade","Double Tap"],"picked":"Berserk","floor":67.0},{"not_picked":["infinitespire:DeathsTouch","infinitespire:SealOfDarkness+"],"picked":"infinitespire:Execution","floor":67.0},{"not_picked":["Twin Strike+1","Carnage+1"],"picked":"StuffTheSpire:Pyroclast+1","floor":68.0},{"not_picked":["Entrench","Flame Barrier"],"picked":"Evolve","floor":69.0},{"not_picked":["Twin Strike","Searing Blow"],"picked":"Sword Boomerang+1","floor":71.0},{"not_picked":["StuffTheSpire:Incineration","Cleave","infinitespire:OneForAll"],"picked":"SKIP","floor":73.0},{"not_picked":["Rampage","Clash"],"picked":"Inflame","floor":75.0}],"player_experience":1377580,"relics_obtained":[{"floor":6.0,"key":"potionbrewer:DrinkingBird"},{"floor":9.0,"key":"potionbrewer:AlchemistFlask"},{"floor":12.0,"key":"infinitespire:PuzzleCube"},{"floor":23.0,"key":"infinitespire:Beetle Shell"},{"floor":23.0,"key":"Art of War"},{"floor":26.0,"key":"Bag of Preparation"},{"floor":30.0,"key":"potionbrewer:Torch"},{"floor":30.0,"key":"StuffTheSpire:SapphireSignet"},{"floor":42.0,"key":"Oddly Smooth Stone"},{"floor":42.0,"key":"Smiling Mask"},{"floor":43.0,"key":"Toy Ornithopter"},{"floor":58.0,"key":"theSenshi:SailorFukuRelic"},{"floor":58.0,"key":"Red Skull"},{"floor":60.0,"key":"StuffTheSpire:PointBlank"},{"floor":63.0,"key":"Pear"},{"floor":63.0,"key":"infinitespire:Bottled Soul"},{"floor":75.0,"key":"Juzu Bracelet"},{"floor":75.0,"key":"Omamori"},{"floor":77,"key":"StuffTheSpire:Barrel"}],"event_choices":[{"damage_healed":0.0,"max_hp_gain":0.0,"max_hp_loss":0.0,"gold_gain":0.0,"event_name":"Living Wall","player_choice":"Grow","floor":3.0,"gold_loss":0.0,"damage_taken":0.0,"cards_upgraded":["Fire Breathing"]},{"damage_healed":0.0,"max_hp_gain":0.0,"max_hp_loss":0.0,"gold_gain":65.0,"event_name":"Golden Wing","player_choice":"Gained Gold","floor":5.0,"gold_loss":0.0,"damage_taken":0.0},{"damage_healed":0.0,"max_hp_gain":0.0,"max_hp_loss":0.0,"gold_gain":0.0,"event_name":"Match and Keep!","player_choice":"3 cards matched","floor":19.0,"gold_loss":0.0,"damage_taken":0.0,"cards_obtained":["Fire Breathing","Bandage Up","Exhume"]},{"damage_healed":0.0,"max_hp_gain":0.0,"max_hp_loss":0.0,"gold_gain":0.0,"event_name":"Wheel of Change","player_choice":"Cursed","floor":38.0,"gold_loss":0.0,"damage_taken":0.0,"cards_obtained":["Decay"]},{"damage_healed":0.0,"max_hp_gain":0.0,"max_hp_loss":0.0,"gold_gain":3.0,"event_name":"betterStone:BetterStone","player_choice":"1","floor":44.0,"gold_loss":0.0,"damage_taken":0.0},{"damage_healed":0.0,"max_hp_gain":0.0,"max_hp_loss":0.0,"gold_gain":275.0,"event_name":"Golden Shrine","player_choice":"Desecrate","floor":45.0,"gold_loss":0.0,"damage_taken":0.0,"cards_obtained":["Regret"]},{"damage_healed":0.0,"max_hp_gain":0.0,"max_hp_loss":0.0,"gold_gain":0.0,"event_name":"SecretPortal","player_choice":"Ignored","floor":48.0,"gold_loss":0.0,"damage_taken":0.0},{"damage_healed":0.0,"max_hp_gain":0.0,"max_hp_loss":0.0,"gold_gain":0.0,"event_name":"The Cleric","player_choice":"Leave","floor":53.0,"gold_loss":0.0,"damage_taken":0.0},{"damage_healed":0.0,"max_hp_gain":0.0,"max_hp_loss":0.0,"gold_gain":0.0,"cards_transformed":["Injury"],"event_name":"Transmorgrifier","player_choice":"Transformed","floor":54.0,"gold_loss":0.0,"damage_taken":0.0,"cards_obtained":["Perfected Strike"]},{"damage_healed":0,"gold_gain":0,"player_choice":"Stole Relic","damage_taken":0,"relics_obtained":["infinitespire:Midas Blood"],"max_hp_gain":0,"max_hp_loss":0,"event_name":"Addict","floor":76,"gold_loss":0,"cards_obtained":["Shame"]}],"is_beta":false,"boss_relics":[{"not_picked":["Runic Pyramid","Calling Bell"],"picked":"Black Star"},{"not_picked":["Philosopher\u0027s Stone","infinitespire:Cupcake"],"picked":"Black Blood"},{"not_picked":["Busted Crown","Runic Cube"],"picked":"Mark of Pain"},{"not_picked":["StuffTheSpire:ModemDavis","Sozu"],"picked":"Tiny House"}],"items_purged_floors":[14],"is_endless":true,"potions_floor_spawned":[1,10,12,18,21,22,33,35,39,46,55,56,73],"killed_by":"Gremlin Leader","ascension_level":3}}