{"host":"pvf7uj918he10jir","time":1609999377,"event":{"mods":["AchievementEnabler","BaseMod","Colored Map","Colored Powertips","Highlight Path","Minty Spire (QoL Compilation)","Relic Stats","Slay the Relics Exporter","everything is the same but u backflip on backflip"],"gold_per_floor":[119,194,45,45,45,75,75,0,45,75,95,106,141,158,158,254,254,271,282,282,35,35,35,54,54,54,54,54,153,179,192,192,292,292,306,306,306,306,356,356,407,438,438,484,484,120,136,136,136,136,136,136,136,166,166,166],"floor_reached":55,"playtime":2330,"items_purged":["Regret","Strike_R","Strike_R"],"score":931,"play_id":"4b5c8418-a3f7-4416-ac11-3aa649cc525d","local_time":"20210107010257","is_ascension_mode":true,"campfire_choices":[{"data":"Whirlwind","floor":7.0,"key":"SMITH"},{"data":"Inflame","floor":15.0,"key":"SMITH"},{"data":"Inflame","floor":23.0,"key":"SMITH"},{"data":"Inflame","floor":27.0,"key":"SMITH"},{"floor":32.0,"key":"REST"},{"data":"Heavy Blade","floor":40.0,"key":"SMITH"},{"floor":45.0,"key":"REST"},{"floor":49.0,"key":"RECALL"},{"data":"Battle Trance","floor":52,"key":"SMITH"}],"circlet_count":0,"master_deck":["Strike_R","Strike_R","Defend_R","Defend_R","Defend_R+1","Defend_R+1","Bash","Inflame+1","Inflame+1","Whirlwind+1","Battle Trance+1","Dual Wield","Heavy Blade+1","Inflame+1","Double Tap","Spot Weakness"],"relics":["Burning Blood","Orrery","Potion Belt","Self Forming Clay","Red Skull","Orichalcum","Tiny Chest","Busted Crown","Juzu Bracelet","War Paint","Nloth\u0027s Gift","Ice Cream","Kunai","Red Mask","Sozu","Champion Belt","StoneCalendar","Centennial Puzzle","Gremlin Horn","Nunchaku","Mummified Hand","Strawberry"],"acts_visited":["Exordium","TheCity","TheBeyond","TheEnding"],"potions_floor_usage":[50,50],"damage_taken":[{"damage":0.0,"enemies":"Jaw Worm","floor":1.0,"turns":1.0},{"damage":0.0,"enemies":"Gremlin Nob","floor":6.0,"turns":1.0},{"damage":0.0,"enemies":"3 Sentries","floor":10.0,"turns":1.0},{"damage":15.0,"enemies":"Small Slimes","floor":11.0,"turns":3.0},{"damage":1.0,"enemies":"Cultist","floor":12.0,"turns":3.0},{"damage":31.0,"enemies":"Lagavulin","floor":13.0,"turns":6.0},{"damage":10.0,"enemies":"Lots of Slimes","floor":14.0,"turns":2.0},{"damage":46.0,"enemies":"The Guardian","floor":16.0,"turns":13.0},{"damage":1.0,"enemies":"3 Byrds","floor":18.0,"turns":4.0},{"damage":25.0,"enemies":"Spheric Guardian","floor":19.0,"turns":4.0},{"damage":23.0,"enemies":"Snecko","floor":24.0,"turns":4.0},{"damage":19.0,"enemies":"Masked Bandits","floor":30.0,"turns":3.0},{"damage":16.0,"enemies":"Centurion and Healer","floor":31.0,"turns":3.0},{"damage":41.0,"enemies":"Collector","floor":33.0,"turns":5.0},{"damage":0.0,"enemies":"Orb Walker","floor":35.0,"turns":2.0},{"damage":11.0,"enemies":"Mind Bloom Boss Battle","floor":39.0,"turns":4.0},{"damage":49.0,"enemies":"2 Orb Walkers","floor":41.0,"turns":4.0},{"damage":0.0,"enemies":"Reptomancer","floor":42.0,"turns":3.0},{"damage":2.0,"enemies":"3 Shapes","floor":47.0,"turns":3.0},{"damage":56,"enemies":"Awakened One","floor":50,"turns":6},{"damage":75,"enemies":"Shield and Spear","floor":54,"turns":3},{"damage":15,"enemies":"The Heart","floor":55,"turns":2}],"seed_played":"7322931248052495541","potions_obtained":[{"floor":6.0,"key":"EssenceOfSteel"},{"floor":10.0,"key":"FearPotion"},{"floor":11.0,"key":"PowerPotion"},{"floor":16.0,"key":"EssenceOfSteel"},{"floor":19.0,"key":"BlessingOfTheForge"}],"is_trial":false,"path_per_floor":["M","?","$","?","$","E","R","$","T","E","M","M","E","M","R","B",null,"M","M","?","$","?","R","M","?","T","R","T","?","?","M","R","B",null,"M","?","T","?","?","R","?","E","T","T","R","$","M","$","R","B",null,"R","$","E","B"],"character_chosen":"IRONCLAD","items_purchased":["Orrery","War Paint","Mummified Hand"],"campfire_rested":2,"item_purchase_floors":[3,21,46],"current_hp_per_floor":[80,69,69,69,69,75,75,75,75,80,71,76,51,47,47,7,80,80,61,61,61,61,61,44,44,44,44,44,44,31,21,45,10,80,80,80,80,76,71,71,28,34,34,34,56,56,60,60,60,10,76,76,76,14,0,0],"gold":166,"neow_bonus":"THREE_ENEMY_KILL","is_daily":false,"chose_seed":false,"campfire_upgraded":6,"win_rate":0.0,"timestamp":1609999377,"path_taken":["M","?","$","?","?","E","R","$","T","E","M","M","E","M","R","BOSS","M","M","?","$","?","R","M","?","T","R","?","?","?","M","R","BOSS","M","?","?","?","?","R","?","E","T","?","R","?","M","$","R","BOSS","R","$","E","BOSS"],"items_purchased_type":["Relic","Relic","Relic"],"build_version":"2020-12-22","purchased_purges":3,"victory":false,"max_hp_per_floor":[80,80,80,80,80,80,80,80,80,80,80,80,80,80,80,80,80,80,80,80,80,80,80,80,80,80,80,80,80,80,80,80,80,80,80,80,80,76,76,76,76,76,76,76,76,76,76,76,76,76,76,76,76,83,83,83],"relic_stats":{"Gremlin Horn":[1,5],"counters":[22,80],"Self Forming Clay":[150],"StoneCalendar":[0],"Juzu Bracelet":3,"Orichalcum":[108],"War Paint":["Defend_R","Defend_R"],"Burning Blood":108,"Sozu":4,"Centennial Puzzle":[9],"Nunchaku":[2],"Busted Crown":24,"Mummified Hand":[15],"Tiny Chest":3,"Nloth\u0027s Gift":0,"Kunai":[5],"Champion Belt":[3],"obtain_stats":[{"Potion Belt":4,"Ice Cream":26,"NeowsBlessing":0,"Gremlin Horn":43,"Self Forming Clay":6,"StoneCalendar":41,"Juzu Bracelet":20,"Orichalcum":10,"War Paint":21,"Burning Blood":0,"Sozu":34,"Centennial Puzzle":42,"Nunchaku":44,"Busted Crown":17,"Mummified Hand":46,"Strawberry":54,"Orrery":3,"Tiny Chest":13,"Nloth\u0027s Gift":22,"Red Mask":30,"Kunai":28,"Champion Belt":39,"Red Skull":9},{"Potion Belt":1,"Ice Cream":11,"NeowsBlessing":0,"Gremlin Horn":18,"Self Forming Clay":2,"StoneCalendar":17,"Juzu Bracelet":10,"Orichalcum":3,"War Paint":10,"Burning Blood":0,"Sozu":14,"Centennial Puzzle":18,"Nunchaku":18,"Busted Crown":8,"Mummified Hand":18,"Strawberry":21,"Orrery":1,"Tiny Chest":6,"Nloth\u0027s Gift":10,"Red Mask":12,"Kunai":11,"Champion Belt":16,"Red Skull":2},{"Potion Belt":1,"Ice Cream":42,"NeowsBlessing":0,"Gremlin Horn":66,"Self Forming Clay":2,"StoneCalendar":63,"Juzu Bracelet":38,"Orichalcum":3,"War Paint":38,"Burning Blood":0,"Sozu":53,"Centennial Puzzle":66,"Nunchaku":66,"Busted Crown":30,"Mummified Hand":66,"Strawberry":78,"Orrery":1,"Tiny Chest":15,"Nloth\u0027s Gift":38,"Red Mask":45,"Kunai":42,"Champion Belt":59,"Red Skull":2}]},"card_choices":[{"not_picked":["Warcry","Clash","Anger"],"picked":"SKIP","floor":1.0},{"not_picked":["Body Slam","Rampage"],"picked":"Inflame","floor":3.0},{"not_picked":["Thunderclap","Cleave"],"picked":"Inflame","floor":3.0},{"not_picked":["Clothesline","Carnage"],"picked":"Whirlwind","floor":3.0},{"not_picked":["Barricade","Anger"],"picked":"Battle Trance","floor":3.0},{"not_picked":["Evolve","Anger"],"picked":"Dual Wield","floor":3.0},{"not_picked":["Perfected Strike","Barricade","Metallicize"],"picked":"SKIP","floor":6.0},{"not_picked":["Uppercut","Twin Strike"],"picked":"Heavy Blade","floor":10.0},{"not_picked":["Shrug It Off","Blood for Blood","Heavy Blade"],"picked":"SKIP","floor":11.0},{"not_picked":["Pommel Strike","Power Through"],"picked":"Inflame","floor":12.0},{"not_picked":["Shrug It Off","Clothesline","Perfected Strike"],"picked":"SKIP","floor":13.0},{"not_picked":["Armaments","Heavy Blade","Feel No Pain"],"picked":"SKIP","floor":14.0},{"not_picked":["Exhume","Berserk"],"picked":"Double Tap","floor":16.0},{"not_picked":["Armaments+1"],"picked":"SKIP","floor":18.0},{"not_picked":["Warcry"],"picked":"SKIP","floor":19.0},{"not_picked":["Cleave"],"picked":"SKIP","floor":24.0},{"not_picked":["Clash+1"],"picked":"SKIP","floor":31.0},{"not_picked":["Ghostly Armor"],"picked":"SKIP","floor":35.0},{"not_picked":[],"picked":"Spot Weakness","floor":41.0},{"not_picked":["Rampage+1"],"picked":"SKIP","floor":42.0},{"not_picked":["Heavy Blade+1"],"picked":"SKIP","floor":47.0},{"not_picked":["Shrug It Off+1"],"picked":"SKIP","floor":54}],"player_experience":128047,"relics_obtained":[{"floor":6.0,"key":"Self Forming Clay"},{"floor":9.0,"key":"Red Skull"},{"floor":10.0,"key":"Orichalcum"},{"floor":13.0,"key":"Tiny Chest"},{"floor":26.0,"key":"Ice Cream"},{"floor":28.0,"key":"Kunai"},{"floor":30.0,"key":"Red Mask"},{"floor":39.0,"key":"Champion Belt"},{"floor":41.0,"key":"StoneCalendar"},{"floor":42.0,"key":"Centennial Puzzle"},{"floor":43.0,"key":"Gremlin Horn"},{"floor":44.0,"key":"Nunchaku"},{"floor":54,"key":"Strawberry"}],"event_choices":[{"damage_healed":0.0,"max_hp_gain":0.0,"max_hp_loss":0.0,"gold_gain":75.0,"event_name":"World of Goop","player_choice":"Gather Gold","floor":2.0,"gold_loss":0.0,"damage_taken":11.0},{"damage_healed":0.0,"max_hp_gain":0.0,"max_hp_loss":0.0,"gold_gain":0.0,"event_name":"Big Fish","player_choice":"Box","floor":4.0,"gold_loss":0.0,"damage_taken":0.0,"relics_obtained":["Potion Belt"],"cards_obtained":["Regret"]},{"damage_healed":0.0,"max_hp_gain":0.0,"max_hp_loss":0.0,"gold_gain":0.0,"event_name":"WeMeetAgain","player_choice":"Gave Potion","floor":20.0,"gold_loss":0.0,"damage_taken":0.0,"relics_obtained":["Juzu Bracelet"]},{"damage_healed":0.0,"max_hp_gain":0.0,"max_hp_loss":0.0,"gold_gain":0.0,"event_name":"N\u0027loth","player_choice":"Traded Relic","floor":22.0,"relics_lost":["NeowsBlessing"],"gold_loss":0.0,"damage_taken":0.0,"relics_obtained":["Nloth\u0027s Gift"]},{"cards_removed":["Strike_R"],"damage_healed":0.0,"max_hp_gain":0.0,"max_hp_loss":0.0,"gold_gain":0.0,"event_name":"Back to Basics","player_choice":"Elegance","floor":25.0,"gold_loss":0.0,"damage_taken":0.0},{"damage_healed":0.0,"max_hp_gain":0.0,"max_hp_loss":0.0,"gold_gain":99.0,"event_name":"Nest","player_choice":"Stole From Cult","floor":29.0,"gold_loss":0.0,"damage_taken":0.0},{"damage_healed":0.0,"max_hp_gain":0.0,"max_hp_loss":0.0,"gold_gain":0.0,"event_name":"Masked Bandits","player_choice":"Fought Bandits","floor":30.0,"gold_loss":0.0,"damage_taken":0.0},{"damage_healed":0.0,"max_hp_gain":0.0,"max_hp_loss":0.0,"gold_gain":0.0,"event_name":"The Woman in Blue","player_choice":"Bought 0 Potions","floor":36.0,"gold_loss":0.0,"damage_taken":0.0},{"damage_healed":0.0,"max_hp_gain":0.0,"max_hp_loss":4.0,"gold_gain":0.0,"event_name":"Winding Halls","player_choice":"Max HP","floor":38.0,"gold_loss":0.0,"damage_taken":0.0},{"damage_healed":0.0,"max_hp_gain":0.0,"max_hp_loss":0.0,"gold_gain":0.0,"event_name":"MindBloom","player_choice":"Fight","floor":39.0,"gold_loss":0.0,"damage_taken":0.0},{"damage_healed":0.0,"max_hp_gain":0.0,"max_hp_loss":0.0,"gold_gain":0.0,"event_name":"Mysterious Sphere","player_choice":"Fight","floor":41.0,"gold_loss":0.0,"damage_taken":0.0}],"is_beta":false,"boss_relics":[{"not_picked":["SacredBark","Empty Cage"],"picked":"Busted Crown"},{"not_picked":["Astrolabe","Mark of Pain"],"picked":"Sozu"}],"items_purged_floors":[8,21,46],"is_endless":false,"potions_floor_spawned":[6,10,11,16,19,41,42,47,54],"killed_by":"The Heart","ascension_level":4}}