{"host":"szp1d6dso4pv7ddl","time":1609985139,"event":{"mods":["AchievementEnabler","Alarm Clock","BaseMod","Bestiary","Block Reminder","Colored Map","Colored Powertips","Curses Come First","Displayed Cursed Tome","Highlight Path","Minty Spire (QoL Compilation)","Permanent Neow","Quick Restart","Relic Sorter","Relic Stats","StSLib","Synergy Search"],"gold_per_floor":[112,127,138,138,161,161,161],"floor_reached":6,"playtime":200,"items_purged":[],"score":61,"play_id":"1d0e41b2-c8f6-485f-827f-6ebb2f9d7ae1","local_time":"20210106180539","is_ascension_mode":true,"campfire_choices":[],"circlet_count":0,"master_deck":["AscendersBane","Strike_R","Strike_R","Strike_R","Strike_R","Strike_R","Defend_R","Defend_R","Defend_R","Defend_R","Bash","Immolate"],"relics":["Burning Blood","Nunchaku"],"acts_visited":["Exordium"],"potions_floor_usage":[6,6],"damage_taken":[{"damage":6,"enemies":"Cultist","floor":1,"turns":3},{"damage":2,"enemies":"Jaw Worm","floor":2,"turns":3},{"damage":7,"enemies":"2 Louse","floor":3,"turns":2},{"damage":75,"enemies":"Lagavulin","floor":6,"turns":6}],"seed_played":"4383851825399066989","potions_obtained":[{"floor":1,"key":"AttackPotion"},{"floor":3,"key":"Regen Potion"}],"is_trial":false,"path_per_floor":["M","M","M","?","T","E"],"character_chosen":"IRONCLAD","items_purchased":[],"campfire_rested":0,"item_purchase_floors":[],"current_hp_per_floor":[50,54,53,58,58,0,0],"gold":161,"neow_bonus":"THREE_RARE_CARDS","is_daily":false,"chose_seed":false,"campfire_upgraded":0,"win_rate":0.0,"timestamp":1609985139,"path_taken":["M","M","M","?","?","E"],"items_purchased_type":[],"build_version":"2020-12-22","purchased_purges":0,"victory":false,"max_hp_per_floor":[75,75,75,80,80,80,80],"relic_stats":{"Nunchaku":[1],"counters":[4,14],"obtain_stats":[{"Nunchaku":5,"Burning Blood":0},{"Nunchaku":3,"Burning Blood":0},{"Nunchaku":8,"Burning Blood":0}],"Burning Blood":18},"card_choices":[{"not_picked":["Offering","Brutality"],"picked":"Immolate","floor":0},{"not_picked":["Rage","Clothesline","Clash"],"picked":"SKIP","floor":1},{"not_picked":["Anger","Warcry","Wild Strike"],"picked":"SKIP","floor":2},{"not_picked":["Pummel","Anger","Iron Wave"],"picked":"SKIP","floor":3}],"player_experience":1136339,"relics_obtained":[{"floor":5,"key":"Nunchaku"}],"event_choices":[{"damage_healed":0,"gold_gain":0,"player_choice":"Donut","damage_taken":0,"max_hp_gain":5,"max_hp_loss":0,"event_name":"Big Fish","floor":4,"gold_loss":0}],"is_beta":false,"boss_relics":[],"items_purged_floors":[],"is_endless":false,"potions_floor_spawned":[1,3],"killed_by":"Lagavulin","ascension_level":14}}