{"host":"agbyy69nq62afhwx","time":1609980673,"event":{"mods":["BaseMod","Colored Map","DeckTracker","Highlight Path","Keyboard Shortcuts","Minty Spire (QoL Compilation)","Quick Restart","StSLib","SuperFastMode","everything is the same but u backflip on backflip"],"gold_per_floor":[110,123,48,64,64,64,80,104,158,169,185,200,200,220,220,298,298,317,242,260,185,185,185,197,216,240,240,259,54,68,68,68],"floor_reached":31,"playtime":755,"items_purged":["Strike_G"],"score":431,"play_id":"c7cf3c4c-6b9e-40c2-9534-b2644358033b","local_time":"20210107095113","is_ascension_mode":true,"campfire_choices":[{"data":"Backflip","floor":6.0,"key":"SMITH"},{"data":"Skewer","floor":13.0,"key":"SMITH"},{"floor":15.0,"key":"REST"},{"data":"Bouncing Flask","floor":23.0,"key":"SMITH"},{"floor":27.0,"key":"REST"}],"circlet_count":0,"master_deck":["AscendersBane","Strike_G","Strike_G","Strike_G","Defend_G","Defend_G","Defend_G","Survivor","Neutralize","Poisoned Stab","Backflip+1","Dodge and Roll","Bane","Deadly Poison","Footwork","Skewer+1","Dagger Spray","Quick Slash","Corpse Explosion","Quick Slash","Bouncing Flask+1","Bane+1","Deadly Poison+1","Panache"],"relics":["Velvet Choker","Happy Flower","Vajra","SacredBark","Strawberry"],"acts_visited":["Exordium","TheCity"],"potions_floor_usage":[],"damage_taken":[{"damage":1.0,"enemies":"Cultist","floor":1.0,"turns":5.0},{"damage":0.0,"enemies":"Small Slimes","floor":2.0,"turns":3.0},{"damage":0.0,"enemies":"Jaw Worm","floor":4.0,"turns":4.0},{"damage":11.0,"enemies":"Lots of Slimes","floor":7.0,"turns":5.0},{"damage":6.0,"enemies":"Looter","floor":10.0,"turns":3.0},{"damage":0.0,"enemies":"3 Louse","floor":11.0,"turns":3.0},{"damage":10.0,"enemies":"Exordium Thugs","floor":12.0,"turns":3.0},{"damage":8.0,"enemies":"Gremlin Gang","floor":14.0,"turns":2.0},{"damage":13.0,"enemies":"Slime Boss","floor":16.0,"turns":8.0},{"damage":11.0,"enemies":"Spheric Guardian","floor":18.0,"turns":3.0},{"damage":0.0,"enemies":"3 Byrds","floor":20.0,"turns":3.0},{"damage":0.0,"enemies":"Centurion and Healer","floor":24.0,"turns":3.0},{"damage":14.0,"enemies":"Snecko","floor":25.0,"turns":5.0},{"damage":15.0,"enemies":"Shelled Parasite and Fungi","floor":28.0,"turns":3.0},{"damage":17.0,"enemies":"Cultist and Chosen","floor":30.0,"turns":5.0},{"damage":0,"enemies":"Chosen and Byrds","floor":31,"turns":1}],"seed_played":"1670286945924834153","potions_obtained":[{"floor":7.0,"key":"Block Potion"},{"floor":10.0,"key":"AttackPotion"},{"floor":25.0,"key":"Block Potion"}],"is_trial":false,"path_per_floor":["M","M","?","M","?","R","M","T","T","M","M","M","R","M","R","B",null,"M","?","M","$","?","R","M","M","T","R","M","$","M","M"],"character_chosen":"THE_SILENT","items_purchased":["Panache"],"campfire_rested":2,"item_purchase_floors":[29],"current_hp_per_floor":[58,58,58,58,58,58,47,47,47,41,41,31,31,23,42,29,57,46,46,46,46,46,46,46,32,39,60,45,45,28,28,28],"gold":68,"neow_bonus":"BOSS_RELIC","is_daily":false,"chose_seed":false,"campfire_upgraded":3,"win_rate":0.0,"timestamp":1609980673,"path_taken":["M","M","?","M","?","R","M","?","T","?","M","M","R","M","R","BOSS","M","?","M","$","?","R","M","M","T","R","M","$","M","M"],"items_purchased_type":["Card"],"build_version":"2020-12-22","purchased_purges":1,"victory":false,"max_hp_per_floor":[66,66,66,66,66,66,66,66,66,66,66,66,66,66,66,66,66,66,66,66,66,66,66,66,66,73,73,73,73,73,73,73],"card_choices":[{"not_picked":["Slice","Tactician"],"picked":"Poisoned Stab","floor":1.0},{"not_picked":["Calculated Gamble","Reflex"],"picked":"Backflip","floor":2.0},{"not_picked":["Concentrate","Reflex"],"picked":"Dodge and Roll","floor":4.0},{"not_picked":["Infinite Blades","All Out Attack"],"picked":"Deadly Poison","floor":7.0},{"not_picked":["Bullet Time","Setup"],"picked":"Footwork","floor":10.0},{"not_picked":["Choke","Acrobatics"],"picked":"Skewer","floor":11.0},{"not_picked":["Poisoned Stab","Underhanded Strike"],"picked":"Dagger Spray","floor":12.0},{"not_picked":["Cloak And Dagger","Calculated Gamble"],"picked":"Quick Slash","floor":14.0},{"not_picked":["Malaise","Envenom"],"picked":"Corpse Explosion","floor":16.0},{"not_picked":["Prepared","Acrobatics","Dagger Spray"],"picked":"SKIP","floor":18.0},{"not_picked":["Dagger Throw","Die Die Die"],"picked":"Quick Slash","floor":20.0},{"not_picked":["Blade Dance","Slice","Poisoned Stab"],"picked":"SKIP","floor":24.0},{"not_picked":["Dagger Throw","Envenom"],"picked":"Bane+1","floor":25.0},{"not_picked":["Dagger Spray","Reflex"],"picked":"Deadly Poison+1","floor":28.0},{"not_picked":["Heel Hook","Dodge and Roll","Terror"],"picked":"SKIP","floor":30.0}],"player_experience":399457,"relics_obtained":[{"floor":8.0,"key":"Happy Flower"},{"floor":9.0,"key":"Vajra"},{"floor":26.0,"key":"Strawberry"}],"event_choices":[{"cards_removed":["Strike_G"],"damage_healed":0.0,"max_hp_gain":0.0,"max_hp_loss":0.0,"gold_gain":0.0,"event_name":"The Cleric","player_choice":"Card Removal","floor":3.0,"gold_loss":75.0,"damage_taken":0.0},{"damage_healed":0.0,"max_hp_gain":0.0,"max_hp_loss":0.0,"gold_gain":0.0,"cards_transformed":["Defend_G"],"event_name":"Living Wall","player_choice":"Change","floor":5.0,"gold_loss":0.0,"damage_taken":0.0,"cards_obtained":["Bane"]},{"cards_removed":["Defend_G"],"damage_healed":0.0,"max_hp_gain":0.0,"max_hp_loss":0.0,"gold_gain":0.0,"event_name":"Beggar","player_choice":"Gave Gold","floor":19.0,"gold_loss":75.0,"damage_taken":0.0},{"damage_healed":0.0,"max_hp_gain":0.0,"max_hp_loss":0.0,"gold_gain":0.0,"event_name":"The Library","player_choice":"Read","floor":22.0,"gold_loss":0.0,"damage_taken":0.0,"cards_obtained":["Bouncing Flask"]}],"is_beta":false,"boss_relics":[{"not_picked":["Philosopher\u0027s Stone","Snecko Eye"],"picked":"SacredBark"}],"items_purged_floors":[21],"is_endless":false,"potions_floor_spawned":[7,10,11,14,16,18,25],"killed_by":"Chosen and Byrds","ascension_level":17}}