{"host":"doxo6v3vhswwfk80","time":1609996509,"event":{"mods":["2.2 Compatiblity","AchievementEnabler","Act Like it!","BaseMod","Better Altar","Better Match","Better Note","Better Sensory Stone","Better Skull","Better Third Choice","Curses Come First","Hermit","Minty Spire (QoL Compilation)","Quick Restart","Relic Stats","Shade Mod","StSLib","The Hierophant","The Runesmith","The Servant 0.9.4"],"gold_per_floor":[112,112,112,111,111,169,198,198,198,205,185,211,237,248,248,257,257,246,252,212,236,118,118],"floor_reached":22,"playtime":1849,"items_purged":[],"score":246,"play_id":"b63fcdd3-281a-48cf-aff7-b0eda2e0e71f","local_time":"20210106231509","is_ascension_mode":false,"campfire_choices":[{"data":"hierophant:RustyCrate","floor":8,"key":"SMITH"},{"floor":15,"key":"REST"}],"circlet_count":0,"master_deck":["hierophant:Strike_Hierophant","hierophant:Strike_Hierophant","hierophant:Strike_Hierophant","hierophant:Strike_Hierophant","hierophant:Defend_Hierophant","hierophant:Defend_Hierophant","hierophant:Defend_Hierophant","hierophant:Defend_Hierophant","hierophant:ChurchCoffers","hierophant:AuricBeam","hierophant:SolarFlare","hierophant:RustyCrate+1","hierophant:Doubloon","hierophant:Doubloon","Bandage Up","hierophant:Doubloon","hierophant:Remorse","hierophant:AuricBeam","hierophant:SecretStash","hierophant:Doubloon","hierophant:CoinFling","hierophant:RustyCrate","hierophant:Doubloon","hierophant:Doubloon","hierophant:OrnateBuckler","hierophant:Alms","hierophant:BulkyChest+1","hierophant:Doubloon","hierophant:RecallFunds+1"],"relics":["hierophant:PropheticMaskRelic","NeowsBlessing","White Beast Statue","Regal Pillow","Tiny Chest","Odd Mushroom","Runic Pyramid","Blood Vial"],"acts_visited":["Exordium","TheCity"],"potions_floor_usage":[7,10,11,11,12,13,14,14,16,16,18,19,22],"damage_taken":[{"damage":0,"enemies":"Jaw Worm","floor":1,"turns":1},{"damage":0,"enemies":"2 Louse","floor":4,"turns":1},{"damage":0,"enemies":"Lagavulin","floor":6,"turns":1},{"damage":0,"enemies":"Small Slimes","floor":7,"turns":5},{"damage":20,"enemies":"Exordium Thugs","floor":10,"turns":5},{"damage":18,"enemies":"3 Sentries","floor":11,"turns":8},{"damage":11,"enemies":"Exordium Wildlife","floor":12,"turns":4},{"damage":19,"enemies":"The Mushroom Lair","floor":13,"turns":5},{"damage":0,"enemies":"Large Slime","floor":14,"turns":2},{"damage":60,"enemies":"Hexaghost","floor":16,"turns":11},{"damage":22,"enemies":"2 Thieves","floor":18,"turns":4},{"damage":54,"enemies":"Shell Parasite","floor":19,"turns":7},{"damage":55,"enemies":"Snecko","floor":22,"turns":7}],"seed_played":"-7852766385152628539","potions_obtained":[{"floor":1,"key":"Block Potion"},{"floor":4,"key":"Energy Potion"},{"floor":7,"key":"DuplicationPotion"},{"floor":10,"key":"DistilledChaos"},{"floor":11,"key":"Explosive Potion"},{"floor":12,"key":"Weak Potion"},{"floor":13,"key":"EntropicBrew"},{"floor":14,"key":"FairyPotion"},{"floor":16,"key":"SteroidPotion"},{"floor":18,"key":"SkillPotion"},{"floor":19,"key":"Dexterity Potion"}],"is_trial":false,"path_per_floor":["M","?","?","M","?","E","M","R","T","M","E","M","?","M","R","B",null,"M","M","?","T","M"],"character_chosen":"HIEROPHANT","items_purchased":[],"campfire_rested":1,"item_purchase_floors":[],"current_hp_per_floor":[75,75,80,80,80,80,80,80,80,64,50,43,28,32,71,15,80,62,12,12,12,0,0],"gold":118,"neow_bonus":"THREE_ENEMY_KILL","is_daily":false,"chose_seed":false,"campfire_upgraded":1,"win_rate":0.0,"timestamp":1609996509,"path_taken":["M","?","?","M","?","E","M","R","T","M","E","?","?","M","R","BOSS","M","M","?","?","M"],"items_purchased_type":[],"build_version":"2020-12-22","purchased_purges":0,"victory":false,"max_hp_per_floor":[75,75,80,80,80,80,80,80,80,80,80,80,80,80,80,80,80,80,80,80,80,80,80],"relic_stats":{"Blood Vial":2,"Regal Pillow":15,"counters":[13,61],"Tiny Chest":1,"obtain_stats":[{"Blood Vial":21,"Regal Pillow":9,"NeowsBlessing":0,"hierophant:PropheticMaskRelic":0,"Tiny Chest":11,"Odd Mushroom":13,"White Beast Statue":6,"Runic Pyramid":17},{"Blood Vial":12,"Regal Pillow":4,"NeowsBlessing":0,"hierophant:PropheticMaskRelic":0,"Tiny Chest":6,"Odd Mushroom":8,"White Beast Statue":3,"Runic Pyramid":10},{"Blood Vial":54,"Regal Pillow":8,"NeowsBlessing":0,"hierophant:PropheticMaskRelic":0,"Tiny Chest":21,"Odd Mushroom":30,"White Beast Statue":3,"Runic Pyramid":43}]},"card_choices":[{"not_picked":["hierophant:Glossolalia","hierophant:FaithHealing"],"picked":"hierophant:AuricBeam","floor":1},{"not_picked":["hierophant:Shelter","hierophant:MirrorShield"],"picked":"hierophant:RustyCrate","floor":4},{"not_picked":["Dark Shackles","PanicButton"],"picked":"Bandage Up","floor":5},{"not_picked":["hierophant:FieryStrike","hierophant:WrathOfGod"],"picked":"hierophant:Remorse","floor":6},{"not_picked":["hierophant:PassingBell","hierophant:Repentance"],"picked":"hierophant:AuricBeam","floor":7},{"not_picked":["hierophant:AuricBeam","hierophant:Endure"],"picked":"hierophant:SecretStash","floor":10},{"not_picked":["hierophant:Remorse","hierophant:Rebuild"],"picked":"hierophant:CoinFling","floor":11},{"not_picked":["hierophant:SolarFlare","hierophant:Patience"],"picked":"hierophant:RustyCrate","floor":12},{"not_picked":["hierophant:Remorse","hierophant:Zeal"],"picked":"hierophant:OrnateBuckler","floor":13},{"not_picked":["hierophant:Doubloon","hierophant:MorningPrayer"],"picked":"hierophant:Alms","floor":14},{"not_picked":["hierophant:Levitation","hierophant:Kindle"],"picked":"hierophant:BulkyChest","floor":16},{"not_picked":["hierophant:OrnateBuckler","hierophant:Blessing+1"],"picked":"hierophant:RecallFunds+1","floor":18},{"not_picked":["hierophant:FieryStrike","hierophant:Shelter","hierophant:Sermon"],"picked":"SKIP","floor":19}],"player_experience":121210,"relics_obtained":[{"floor":6,"key":"White Beast Statue"},{"floor":9,"key":"Regal Pillow"},{"floor":11,"key":"Tiny Chest"},{"floor":13,"key":"Odd Mushroom"},{"floor":21,"key":"Blood Vial"}],"event_choices":[{"damage_healed":0,"gold_gain":0,"cards_transformed":["hierophant:Punish"],"player_choice":"Change","damage_taken":0,"max_hp_gain":0,"max_hp_loss":0,"event_name":"Living Wall","floor":2,"gold_loss":0,"cards_obtained":["hierophant:SolarFlare"]},{"damage_healed":0,"gold_gain":0,"player_choice":"Donut","damage_taken":0,"max_hp_gain":5,"max_hp_loss":0,"event_name":"Big Fish","floor":3,"gold_loss":0},{"damage_healed":0,"gold_gain":1,"player_choice":"1","damage_taken":0,"max_hp_gain":0,"max_hp_loss":0,"event_name":"betterStone:BetterStone","floor":5,"gold_loss":0},{"damage_healed":0,"gold_gain":0,"player_choice":"Fought Mushrooms","damage_taken":0,"max_hp_gain":0,"max_hp_loss":0,"event_name":"Mushrooms","floor":13,"gold_loss":0},{"damage_healed":0,"gold_gain":0,"player_choice":"Upgrade","damage_taken":0,"max_hp_gain":0,"max_hp_loss":0,"event_name":"Designer","floor":20,"gold_loss":40,"cards_upgraded":["hierophant:BulkyChest"]}],"is_beta":false,"boss_relics":[{"not_picked":["Coffee Dripper","Black Star"],"picked":"Runic Pyramid"}],"items_purged_floors":[],"is_endless":false,"potions_floor_spawned":[1,4,7,10,11,12,13,14,16,18,19],"killed_by":"Snecko","ascension_level":0}}