{"host":"ig7tc0uedzltt2sr","time":1609991568,"event":{"mods":["BaseMod","Better Twitch Integration","Block Reminder","Colored Map","Colored Powertips","Communication Mod","Current Relic Mod","GifTheSpireLib","HexUI Lib","Minty Spire (QoL Compilation)","Quick Restart","Random Character Button","Rare Cards Sparkle","Relic Sorter","Relic Stats","Slay the Relics Exporter","StSLib","SuperFastMode","Synergy Search","Twitch Decklist","Twitch Utils","everything is the same but u backflip on backflip","slay the spire mod where everything is the same but ironclad has a cowboy hat"],"gold_per_floor":[111,122,136,148,148,148,148],"floor_reached":6,"playtime":81,"items_purged":[],"score":38,"play_id":"80b671c4-0392-4b51-8f52-c06dfe1a9416","local_time":"20210106195248","is_ascension_mode":false,"campfire_choices":[],"circlet_count":0,"master_deck":["Strike_R","Strike_R","Strike_R","Strike_R","Strike_R","Defend_R","Defend_R","Defend_R","Defend_R","Bash","Flame Barrier","Battle Trance","Perfected Strike","Second Wind"],"relics":["Burning Blood"],"acts_visited":["Exordium"],"potions_floor_usage":[],"damage_taken":[{"damage":26,"enemies":"Cultist","floor":1,"turns":7},{"damage":40,"enemies":"Jaw Worm","floor":2,"turns":13},{"damage":16,"enemies":"2 Louse","floor":3,"turns":6},{"damage":11,"enemies":"Blue Slaver","floor":4,"turns":7},{"damage":29,"enemies":"Lagavulin","floor":6,"turns":6}],"seed_played":"906275921387246250","potions_obtained":[{"floor":4,"key":"Dexterity Potion"}],"is_trial":false,"path_per_floor":["M","M","M","M","$","E"],"character_chosen":"IRONCLAD","items_purchased":[],"campfire_rested":0,"item_purchase_floors":[],"current_hp_per_floor":[68,34,24,19,19,0,0],"gold":148,"neow_bonus":"TEN_PERCENT_HP_BONUS","is_daily":false,"chose_seed":false,"campfire_upgraded":0,"win_rate":0.0,"timestamp":1609991568,"path_taken":["M","M","M","M","$","E"],"items_purchased_type":[],"build_version":"2020-12-22","purchased_purges":0,"victory":false,"max_hp_per_floor":[88,88,88,88,88,88,88],"relic_stats":{"counters":[5,39],"obtain_stats":[{"Burning Blood":0},{"Burning Blood":0},{"Burning Blood":0}],"Burning Blood":24},"card_choices":[{"not_picked":["Sword Boomerang","Perfected Strike"],"picked":"Flame Barrier","floor":1},{"not_picked":["Rupture","Intimidate"],"picked":"Battle Trance","floor":2},{"not_picked":["Wild Strike","Iron Wave"],"picked":"Perfected Strike","floor":3},{"not_picked":["Twin Strike","Clash"],"picked":"Second Wind","floor":4}],"player_experience":1444105,"relics_obtained":[],"event_choices":[],"is_beta":false,"boss_relics":[],"items_purged_floors":[],"is_endless":false,"potions_floor_spawned":[4],"killed_by":"Lagavulin","ascension_level":0}}