{"host":"bxn2em57qlx5u4i0","time":1609979846,"event":{"mods":["BaseMod","Colored Map","Colored Powertips","Highlight Path","Minty Spire (QoL Compilation)","Random Character Button","Relic Sorter","Relic Stats","StSLib","SuperFastMode"],"gold_per_floor":[111,111,130,130,145,145,173,173,173,173,192,227,15,58,58,156,156,179,94,94,94,113,113,132,172,198,238,238,252,293,313,313,411,411,434,434,10,34,0,38,69,69,96,96,96,7,7,20,20,20,20,20,20,20,59,59,59],"floor_reached":56,"playtime":2000,"items_purged":["Reflex","Defend_G"],"score":2023,"play_id":"db95b1ce-655e-4a1b-973c-0d0d5dfae088","local_time":"20210106193726","is_ascension_mode":true,"campfire_choices":[{"data":"Blade Dance","floor":6,"key":"SMITH"},{"data":"Dash","floor":10,"key":"SMITH"},{"data":"Accuracy","floor":15,"key":"SMITH"},{"data":"Blade Dance","floor":23,"key":"SMITH"},{"data":"After Image","floor":32,"key":"SMITH"},{"data":"Malaise","floor":42,"key":"SMITH"},{"data":"Malaise","floor":45,"key":"SMITH"},{"data":"Malaise","floor":47,"key":"SMITH"},{"floor":49,"key":"RECALL"},{"data":"Cloak And Dagger","floor":53,"key":"SMITH"}],"circlet_count":0,"master_deck":["AscendersBane","Defend_G","Defend_G+1","Defend_G+1","Defend_G","Survivor","Neutralize","Masterful Stab+1","Blade Dance+1","Dash+1","Accuracy+1","Blade Dance+1","Adrenaline","Terror","After Image+1","Adrenaline","Noxious Fumes+1","Leg Sweep+1","Cloak And Dagger+1","Malaise+1","Malaise+1","Blade Dance+1","Malaise+1","Blade Dance+1","Dagger Spray+1","Finisher+1","Accuracy+1","Backflip","Accuracy+1","Infinite Blades+1"],"relics":["Ring of the Snake","Bird Faced Urn","Golden Idol","The Specimen","Turnip","Coffee Dripper","Frozen Egg 2","MealTicket","War Paint","Dream Catcher","Nloth\u0027s Gift","Molten Egg 2","Astrolabe","InkBottle","Membership Card","Bottled Lightning","Blood Vial","Red Mask","TungstenRod","Torii","Oddly Smooth Stone"],"acts_visited":["Exordium","TheCity","TheBeyond","TheEnding"],"potions_floor_usage":[3,14,14,16,25,25,30,35,35,56],"damage_taken":[{"damage":0.0,"enemies":"2 Louse","floor":1.0,"turns":4.0},{"damage":1,"enemies":"Jaw Worm","floor":3,"turns":5},{"damage":0,"enemies":"Cultist","floor":5,"turns":3},{"damage":24,"enemies":"Lagavulin","floor":7,"turns":6},{"damage":1,"enemies":"Large Slime","floor":11,"turns":5},{"damage":5,"enemies":"3 Sentries","floor":12,"turns":5},{"damage":0,"enemies":"Lagavulin","floor":14,"turns":3},{"damage":12,"enemies":"Hexaghost","floor":16,"turns":9},{"damage":0,"enemies":"2 Thieves","floor":18,"turns":4},{"damage":0,"enemies":"Chosen","floor":22,"turns":3},{"damage":0,"enemies":"3 Cultists","floor":24,"turns":4},{"damage":8,"enemies":"Slavers","floor":25,"turns":3},{"damage":24,"enemies":"Book of Stabbing","floor":27,"turns":7},{"damage":4,"enemies":"Sentry and Sphere","floor":29,"turns":5},{"damage":1,"enemies":"Slavers","floor":30,"turns":7},{"damage":0,"enemies":"Shelled Parasite and Fungi","floor":31,"turns":4},{"damage":5,"enemies":"Champ","floor":33,"turns":14},{"damage":11,"enemies":"3 Darklings","floor":35,"turns":6},{"damage":0,"enemies":"3 Shapes","floor":38,"turns":3},{"damage":6,"enemies":"Giant Head","floor":40,"turns":6},{"damage":0,"enemies":"Mind Bloom Boss Battle","floor":41,"turns":5},{"damage":10,"enemies":"Writhing Mass","floor":48,"turns":8},{"damage":0,"enemies":"Donu and Deca","floor":50,"turns":6},{"damage":45,"enemies":"Awakened One","floor":51,"turns":14},{"damage":52,"enemies":"Shield and Spear","floor":55,"turns":5},{"damage":47,"enemies":"The Heart","floor":56,"turns":2}],"seed_played":"7614459829294033613","potions_obtained":[{"floor":1.0,"key":"Block Potion"},{"floor":12,"key":"Energy Potion"},{"floor":14,"key":"SpeedPotion"},{"floor":16,"key":"SkillPotion"},{"floor":18,"key":"Swift Potion"},{"floor":27,"key":"Weak Potion"},{"floor":30,"key":"GamblersBrew"},{"floor":31,"key":"ColorlessPotion"},{"floor":35,"key":"SteroidPotion"},{"floor":38,"key":"SteroidPotion"},{"floor":55,"key":"AttackPotion"}],"is_trial":false,"path_per_floor":["M","?","M","?","M","R","E","?","T","R","M","E","$","E","R","B",null,"M","?","?","?","M","R","M","E","T","E","?","M","E","M","R","B",null,"M","T","$","M","?","E","?","R","T","?","R","$","R","M","R","B","B",null,"R","$","E","B"],"character_chosen":"THE_SILENT","items_purchased":["Adrenaline","SteroidPotion","Membership Card","Bottled Lightning","Blood Vial","Accuracy+1"],"campfire_rested":0,"item_purchase_floors":[13,13,37,37,37,46],"current_hp_per_floor":[56,78,77,77,77,77,53,53,53,53,52,49,49,51,51,41,64,68,68,68,68,71,71,71,63,63,45,45,47,52,58,58,59,68,64,64,71,71,71,65,71,71,71,71,71,71,71,67,67,71,34,62,62,71,21,0,0],"gold":59,"neow_bonus":"TWENTY_PERCENT_HP_BONUS","is_daily":false,"chose_seed":false,"campfire_upgraded":9,"win_rate":0.0,"timestamp":1609979846,"path_taken":["M","?","M","?","M","R","E","?","T","R","?","E","?","E","R","BOSS","M","?","?","?","M","R","M","E","T","E","?","M","E","?","R","BOSS","M","?","$","M","?","E","?","R","T","?","R","$","R","M","R","BOSS","BOSS","R","$","E","BOSS"],"items_purchased_type":["Card","Potion","Relic","Relic","Relic","Card"],"build_version":"2020-12-22","purchased_purges":2,"victory":false,"max_hp_per_floor":[78,78,78,78,78,78,78,71,71,71,71,71,71,71,71,71,71,71,71,71,71,71,71,71,71,71,71,71,71,71,71,71,71,71,71,71,71,71,71,71,71,71,71,71,71,71,71,71,71,71,71,71,71,71,71,71,71],"relic_stats":{"Torii":7,"counters":[26,146],"Golden Idol":177,"Astrolabe":["Blade Dance","Dagger Spray","Finisher"],"War Paint":["Defend_G","Defend_G"],"Blood Vial":6,"Dream Catcher":0,"Bird Faced Urn":[80],"MealTicket":16,"Turnip":[15],"Nloth\u0027s Gift":2,"obtain_stats":[{"The Specimen":9,"Torii":41,"Golden Idol":8,"Astrolabe":34,"Oddly Smooth Stone":55,"Tingsha":14,"Frozen Egg 2":19,"War Paint":26,"Blood Vial":37,"Dream Catcher":27,"Bird Faced Urn":7,"MealTicket":25,"Molten Egg 2":30,"Turnip":12,"Coffee Dripper":17,"Nloth\u0027s Gift":28,"Red Mask":39,"Membership Card":37,"Bottled Lightning":37,"InkBottle":36,"TungstenRod":40,"Ring of the Snake":0},{"The Specimen":4,"Torii":21,"Golden Idol":4,"Astrolabe":17,"Oddly Smooth Stone":25,"Tingsha":7,"Frozen Egg 2":9,"War Paint":12,"Blood Vial":18,"Dream Catcher":13,"Bird Faced Urn":4,"MealTicket":12,"Molten Egg 2":15,"Turnip":6,"Coffee Dripper":8,"Nloth\u0027s Gift":13,"Red Mask":19,"Membership Card":18,"Bottled Lightning":18,"InkBottle":18,"TungstenRod":20,"Ring of the Snake":0},{"The Specimen":18,"Torii":111,"Golden Idol":18,"Astrolabe":91,"Oddly Smooth Stone":144,"Tingsha":31,"Frozen Egg 2":44,"War Paint":54,"Blood Vial":97,"Dream Catcher":61,"Bird Faced Urn":18,"MealTicket":54,"Molten Egg 2":73,"Turnip":28,"Coffee Dripper":40,"Nloth\u0027s Gift":61,"Red Mask":100,"Membership Card":97,"Bottled Lightning":97,"InkBottle":97,"TungstenRod":106,"Ring of the Snake":0}],"InkBottle":[32],"TungstenRod":35,"Ring of the Snake":[52]},"card_choices":[{"not_picked":["Prepared","Deflect"],"picked":"Reflex","floor":1.0},{"not_picked":["Deflect","Expertise"],"picked":"Masterful Stab","floor":3},{"not_picked":["Accuracy","Backflip"],"picked":"Blade Dance","floor":5},{"not_picked":["Malaise","Escape Plan"],"picked":"Dash","floor":7},{"not_picked":["Dagger Throw","Slice"],"picked":"Accuracy","floor":11},{"not_picked":["Underhanded Strike","Bane"],"picked":"Blade Dance","floor":12},{"not_picked":["Envenom","Well Laid Plans"],"picked":"Terror","floor":14},{"not_picked":["Night Terror","Storm of Steel"],"picked":"After Image","floor":16},{"not_picked":["Dodge and Roll","Flying Knee","Sucker Punch"],"picked":"SKIP","floor":18},{"not_picked":["Dagger Spray","Predator"],"picked":"Noxious Fumes+1","floor":22},{"not_picked":["Finisher+1","Storm of Steel","PiercingWail"],"picked":"SKIP","floor":24},{"not_picked":["Sucker Punch","Dagger Throw"],"picked":"Leg Sweep+1","floor":25},{"not_picked":["Slice","PiercingWail"],"picked":"Cloak And Dagger","floor":27},{"not_picked":["Acrobatics","Bane"],"picked":"Malaise","floor":29},{"not_picked":["Dagger Spray+1","Flying Knee+1"],"picked":"Malaise","floor":30},{"not_picked":["Deadly Poison","Backstab+1"],"picked":"Blade Dance+1","floor":31},{"not_picked":["Venomology","Grand Finale+1"],"picked":"Malaise","floor":33},{"not_picked":["Bane+1","Blade Dance+1","Sucker Punch+1"],"picked":"SKIP","floor":35},{"not_picked":["Terror","Masterful Stab+1","Quick Slash+1"],"picked":"SKIP","floor":38},{"not_picked":["Blade Dance","Well Laid Plans+1"],"picked":"Accuracy+1","floor":40},{"not_picked":["Deflect","Underhanded Strike+1"],"picked":"Backflip","floor":41},{"not_picked":["Cloak And Dagger","Sucker Punch+1"],"picked":"Infinite Blades+1","floor":48},{"not_picked":["Masterful Stab+1","All Out Attack+1","Phantasmal Killer"],"picked":"SKIP","floor":55}],"player_experience":2858469,"relics_obtained":[{"floor":7,"key":"Bird Faced Urn"},{"floor":9,"key":"The Specimen"},{"floor":12,"key":"Turnip"},{"floor":14,"key":"Tingsha"},{"floor":25,"key":"MealTicket"},{"floor":26,"key":"War Paint"},{"floor":27,"key":"Dream Catcher"},{"floor":30,"key":"Molten Egg 2"},{"floor":36,"key":"InkBottle"},{"floor":40,"key":"TungstenRod"},{"floor":41,"key":"Torii"},{"floor":55,"key":"Oddly Smooth Stone"}],"event_choices":[{"damage_healed":26.0,"max_hp_gain":0.0,"max_hp_loss":0.0,"gold_gain":0.0,"event_name":"Big Fish","player_choice":"Banana","floor":2.0,"gold_loss":0.0,"damage_taken":0.0},{"damage_healed":0,"gold_gain":0,"player_choice":"Grow","damage_taken":0,"max_hp_gain":0,"max_hp_loss":0,"event_name":"Living Wall","floor":4,"gold_loss":0,"cards_upgraded":["Masterful Stab"]},{"damage_healed":0,"gold_gain":0,"player_choice":"Lose Max HP","damage_taken":0,"relics_obtained":["Golden Idol"],"max_hp_gain":0,"max_hp_loss":7,"event_name":"Golden Idol","floor":8,"gold_loss":0},{"damage_healed":0,"gold_gain":0,"player_choice":"Obtained Relic","damage_taken":0,"relics_obtained":["Frozen Egg 2"],"max_hp_gain":0,"max_hp_loss":0,"event_name":"Addict","floor":19,"gold_loss":85},{"damage_healed":0,"gold_gain":0,"player_choice":"Ignored","damage_taken":0,"max_hp_gain":0,"max_hp_loss":0,"event_name":"The Mausoleum","floor":20,"gold_loss":0},{"damage_healed":0,"gold_gain":0,"cards_transformed":["Strike_G","Strike_G"],"player_choice":"Became Test Subject","damage_taken":0,"max_hp_gain":0,"max_hp_loss":0,"event_name":"Drug Dealer","floor":21,"gold_loss":0,"cards_obtained":["All Out Attack","Adrenaline"]},{"damage_healed":0,"gold_gain":0,"player_choice":"Traded Relic","damage_taken":0,"relics_obtained":["Nloth\u0027s Gift"],"max_hp_gain":0,"max_hp_loss":0,"event_name":"N\u0027loth","floor":28,"relics_lost":["Tingsha"],"gold_loss":0},{"damage_healed":0,"gold_gain":0,"player_choice":"Paid","damage_taken":0,"relics_obtained":["Red Mask"],"max_hp_gain":0,"max_hp_loss":0,"event_name":"Tomb of Lord Red Mask","floor":39,"gold_loss":34},{"damage_healed":0,"gold_gain":0,"player_choice":"Fight","damage_taken":0,"max_hp_gain":0,"max_hp_loss":0,"event_name":"MindBloom","floor":41,"gold_loss":0},{"cards_removed":["All Out Attack"],"damage_healed":0,"gold_gain":0,"player_choice":"Removed Attack","damage_taken":0,"max_hp_gain":0,"max_hp_loss":0,"event_name":"Falling","floor":44,"gold_loss":0}],"is_beta":false,"boss_relics":[{"not_picked":["Runic Dome","SlaversCollar"],"picked":"Coffee Dripper"},{"not_picked":["Philosopher\u0027s Stone","Snecko Eye"],"picked":"Astrolabe"}],"items_purged_floors":[37,46],"is_endless":false,"potions_floor_spawned":[1,12,14,16,18,27,30,31,35,38,41,55],"killed_by":"The Heart","ascension_level":20}}