{"host":"l60rmjjsfi0fipmi","time":1609985377,"event":{"mods":["BaseMod","Colored Map","DeckTracker","Highlight Path","Minty Spire (QoL Compilation)"],"gold_per_floor":[118,3,18,0,0,33,33,61,88,88,88,99,114,133,133,230,230,242,259,94,112,112,112],"floor_reached":22,"playtime":1333,"items_purged":["Creative AI"],"score":196,"play_id":"c3dccfc5-5f9f-45fe-96fe-6fdef51326af","local_time":"20210106210937","is_ascension_mode":false,"campfire_choices":[{"data":"Zap","floor":7,"key":"SMITH"},{"floor":10,"key":"REST"},{"data":"Streamline","floor":15,"key":"SMITH"}],"circlet_count":0,"master_deck":["Strike_B","Strike_B","Defend_B","Defend_B","Defend_B","Zap+1","Dualcast","Sunder","Sweeping Beam","Static Discharge","Gash","Self Repair","Conserve Battery+1","Decay","Genetic Algorithm+1","Hologram+1","Streamline+1","Consume+1","Creative AI+1","Biased Cognition+1","Hologram+1","Turbo+1","Dark Shackles+1","Recycle+1"],"relics":["SlaversCollar","Bag of Marbles","Mango","Toxic Egg 2","Astrolabe"],"acts_visited":["Exordium","TheCity"],"potions_floor_usage":[16,21,22,22],"damage_taken":[{"damage":2,"enemies":"Cultist","floor":1,"turns":5},{"damage":5,"enemies":"Jaw Worm","floor":3,"turns":5},{"damage":17,"enemies":"3 Sentries","floor":6,"turns":6},{"damage":36,"enemies":"Lagavulin","floor":8,"turns":6},{"damage":0,"enemies":"Small Slimes","floor":12,"turns":3},{"damage":7,"enemies":"2 Fungi Beasts","floor":13,"turns":4},{"damage":16,"enemies":"Exordium Thugs","floor":14,"turns":5},{"damage":42,"enemies":"Hexaghost","floor":16,"turns":9},{"damage":23,"enemies":"Chosen","floor":18,"turns":7},{"damage":41,"enemies":"Shell Parasite","floor":19,"turns":7},{"damage":37,"enemies":"3 Cultists","floor":21,"turns":6},{"damage":17,"enemies":"Shelled Parasite and Fungi","floor":22,"turns":4}],"seed_played":"2550175365759145584","potions_obtained":[{"floor":1,"key":"SkillPotion"},{"floor":12,"key":"Strength Potion"},{"floor":16,"key":"Explosive Potion"},{"floor":19,"key":"Swift Potion"}],"is_trial":false,"path_per_floor":["M","$","M","?","?","E","R","E","T","R","?","M","M","M","R","B",null,"M","M","$","M","M"],"character_chosen":"DEFECT","items_purchased":["Sweeping Beam","Static Discharge","Dark Shackles+1"],"campfire_rested":1,"item_purchase_floors":[2,2,20],"current_hp_per_floor":[73,73,68,68,65,62,62,33,33,59,59,66,66,57,57,22,89,73,39,39,9,0,0],"gold":112,"neow_bonus":"BOSS_RELIC","is_daily":false,"chose_seed":false,"campfire_upgraded":2,"win_rate":0.0,"timestamp":1609985377,"path_taken":["M","$","?","?","?","E","R","E","T","R","?","M","?","M","R","BOSS","M","M","$","M","M"],"items_purchased_type":["Card","Card","Card"],"build_version":"2020-12-22","purchased_purges":1,"victory":false,"max_hp_per_floor":[75,75,75,75,75,89,89,89,89,89,89,89,89,89,89,89,89,89,89,89,89,89,89],"card_choices":[{"not_picked":["Double Energy","Skim"],"picked":"Sunder","floor":1},{"not_picked":["Hologram","Steam"],"picked":"Gash","floor":3},{"not_picked":["Stack","Auto Shields"],"picked":"Self Repair","floor":6},{"not_picked":["Turbo+1","Gash"],"picked":"Conserve Battery+1","floor":8},{"not_picked":["Steam+1","Gash"],"picked":"Genetic Algorithm+1","floor":12},{"not_picked":["Stack+1","Go for the Eyes"],"picked":"Hologram+1","floor":13},{"not_picked":["Hello World","Glacier+1"],"picked":"Streamline","floor":14},{"not_picked":["Core Surge","Thunder Strike"],"picked":"Creative AI","floor":16},{"not_picked":["Cold Snap+1","Storm"],"picked":"Hologram+1","floor":18},{"not_picked":["Loop","Coolheaded+1"],"picked":"Turbo+1","floor":19},{"not_picked":["Gash","Coolheaded+1"],"picked":"Recycle+1","floor":21}],"player_experience":257937,"relics_obtained":[{"floor":6,"key":"Mango"},{"floor":8,"key":"Toxic Egg 2"}],"event_choices":[{"damage_healed":0,"gold_gain":0,"player_choice":"Left Gold","damage_taken":0,"max_hp_gain":0,"max_hp_loss":0,"event_name":"World of Goop","floor":4,"gold_loss":18},{"damage_healed":0,"gold_gain":0,"player_choice":"Success","damage_taken":3,"relics_obtained":["Bag of Marbles"],"max_hp_gain":0,"max_hp_loss":0,"event_name":"Scrap Ooze","floor":5,"gold_loss":0},{"damage_healed":0,"gold_gain":0,"player_choice":"Cursed","damage_taken":0,"max_hp_gain":0,"max_hp_loss":0,"event_name":"Wheel of Change","floor":11,"gold_loss":0,"cards_obtained":["Decay"]}],"is_beta":false,"boss_relics":[{"not_picked":["Busted Crown","Coffee Dripper"],"picked":"Astrolabe"}],"items_purged_floors":[20],"is_endless":false,"potions_floor_spawned":[1,12,16,19],"killed_by":"Shelled Parasite and Fungi","ascension_level":0}}