{"host":"fhwr1fuluf6086fh","time":1609993400,"event":{"mods":["2.2 Compatiblity","Act Like it!","BaseMod","Elementarium","Hermit","Minty Spire (QoL Compilation)","Robot Space Explorer","StSLib","The Blue Laboratory","The Caster","The Dragon Tamer","The Factory","The Hierophant","TheLocksmith"],"gold_per_floor":[110,127,43,63,81,106,106,133,156,171,187,187,187,199,199,270,270,270,270,270,270,270,270,32,32,32,32,32,32,32,32,32,32,32,32,32,32,32,32,32,32,32,32,32,32,32,32,32,32,32],"floor_reached":51,"playtime":6304,"items_purged":[],"score":1292,"play_id":"70b1b912-f6bc-41c0-989b-08d797e19c36","local_time":"20210106232320","is_ascension_mode":true,"campfire_choices":[{"data":"Armaments","floor":7.0,"key":"SMITH"},{"floor":13.0,"key":"REST"},{"floor":15.0,"key":"REST"},{"floor":23,"key":"REST"},{"data":"Disarm","floor":27,"key":"SMITH"},{"floor":32,"key":"REST"},{"floor":44,"key":"REST"},{"floor":46,"key":"RECALL"},{"floor":49,"key":"REST"}],"circlet_count":0,"master_deck":["AscendersBane","Strike_R+1","Strike_R+1","Defend_R+1","Defend_R+1","Defend_R+1","Defend_R+1","Bash","Hemokinesis","Power Through","Evolve","Armaments+1","Bloodletting","Shockwave","Disarm+1","Fire Breathing","Reckless Charge","Ghostly Armor","Flame Barrier","Corruption","Uppercut","RitualDagger","Carnage","Feel No Pain","Infernal Blade","Barricade+1","Thunderclap","Rupture+1","Entrench","Combust+1","Impervious","Clash","Armaments+1","Flame Barrier+1","Havoc+1","Iron Wave+1","Pommel Strike+1","Parasite","Headbutt+1"],"relics":["Burning Blood","Bag of Preparation","Odd Mushroom","Juzu Bracelet","White Beast Statue","Ectoplasm","Frozen Egg 2","Lantern","Toy Ornithopter","TungstenRod","Fusion Hammer","Matryoshka","Magic Flower","Champion Belt","Boot","Shuriken","Eternal Feather","Pantograph"],"acts_visited":["Exordium","TheCity","TheBeyond"],"potions_floor_usage":[28,30,30,31,33,35,40,42,50,50],"damage_taken":[{"damage":5.0,"enemies":"Cultist","floor":1.0,"turns":5.0},{"damage":7.0,"enemies":"2 Louse","floor":2.0,"turns":3.0},{"damage":14.0,"enemies":"Jaw Worm","floor":4.0,"turns":3.0},{"damage":17.0,"enemies":"Lots of Slimes","floor":5.0,"turns":7.0},{"damage":22.0,"enemies":"3 Sentries","floor":6.0,"turns":10.0},{"damage":24.0,"enemies":"The Mushroom Lair","floor":8.0,"turns":5.0},{"damage":10.0,"enemies":"Large Slime","floor":10.0,"turns":8.0},{"damage":9.0,"enemies":"3 Louse","floor":11.0,"turns":5.0},{"damage":33.0,"enemies":"Gremlin Gang","floor":14.0,"turns":8.0},{"damage":21.0,"enemies":"The Guardian","floor":16.0,"turns":12.0},{"damage":23,"enemies":"Spheric Guardian","floor":18,"turns":5},{"damage":0,"enemies":"Chosen","floor":21,"turns":5},{"damage":18,"enemies":"Centurion and Healer","floor":22,"turns":7},{"damage":28,"enemies":"Gremlin Leader","floor":28,"turns":10},{"damage":2,"enemies":"Snecko","floor":29,"turns":7},{"damage":37,"enemies":"Slavers","floor":30,"turns":6},{"damage":12,"enemies":"Snake Plant","floor":31,"turns":6},{"damage":17,"enemies":"Champ","floor":33,"turns":12},{"damage":14,"enemies":"3 Darklings","floor":35,"turns":9},{"damage":8,"enemies":"Mind Bloom Boss Battle","floor":37,"turns":7},{"damage":24,"enemies":"2 Orb Walkers","floor":38,"turns":5},{"damage":25,"enemies":"Giant Head","floor":40,"turns":10},{"damage":8,"enemies":"3 Shapes","floor":41,"turns":4},{"damage":0,"enemies":"Nemesis","floor":42,"turns":8},{"damage":6,"enemies":"3 Darklings","floor":45,"turns":9},{"damage":25,"enemies":"Writhing Mass","floor":47,"turns":10},{"damage":19,"enemies":"Sphere and 2 Shapes","floor":48,"turns":6},{"damage":27,"enemies":"Time Eater","floor":50,"turns":13}],"seed_played":"-8193950885077023248","potions_obtained":[{"floor":1.0,"key":"blueLaboratory:BottleOfRum"},{"floor":2.0,"key":"Strength Potion"},{"floor":5.0,"key":"Fire Potion"},{"floor":14.0,"key":"ColorlessPotion"},{"floor":16.0,"key":"Energy Potion"},{"floor":18,"key":"BloodPotion"},{"floor":28,"key":"blueLaboratory:PhilterOfMotion"},{"floor":30,"key":"BlessingOfTheForge"},{"floor":31,"key":"ColorlessPotion"},{"floor":33,"key":"blueLaboratory:BubblePotion"},{"floor":35,"key":"blueLaboratory:EnragingPotion"},{"floor":37,"key":"SmokeBomb"},{"floor":38,"key":"blueLaboratory:EnragingPotion"},{"floor":40,"key":"blueLaboratory:ForbiddenFruitJuice"},{"floor":41,"key":"blueLaboratory:FrostheartPotion"},{"floor":42,"key":"SpeedPotion"},{"floor":45,"key":"Fire Potion"},{"floor":47,"key":"Dexterity Potion"}],"is_trial":false,"path_per_floor":["M","M","$","M","M","E","R","?","T","M","M","T","R","M","R","B",null,"M","?","?","M","M","R","$","?","T","R","E","M","E","M","R","B",null,"M","?","?","?","?","E","M","E","T","R","M","R","M","M","R","B",null],"character_chosen":"IRONCLAD","items_purchased":["Evolve","Armaments","Frozen Egg 2"],"campfire_rested":6,"item_purchase_floors":[3,3,24],"current_hp_per_floor":[76,75,75,67,56,40,40,22,22,18,15,15,39,12,36,21,67,50,50,44,50,38,62,62,62,62,62,61,65,44,43,67,61,77,74,74,72,57,57,49,50,67,67,82,82,82,66,56,82,72],"gold":32,"neow_bonus":"TEN_PERCENT_HP_BONUS","is_daily":false,"chose_seed":false,"campfire_upgraded":2,"win_rate":0.0,"timestamp":1609993400,"path_taken":["M","M","$","M","?","E","R","?","T","M","M","?","R","M","R","BOSS","M","?","?","M","M","R","$","?","T","R","E","M","E","M","R","BOSS","M","?","?","?","?","E","M","E","T","R","M","R","M","M","R","BOSS"],"items_purchased_type":["Card","Card","Relic"],"build_version":"2020-12-22","purchased_purges":0,"victory":true,"max_hp_per_floor":[82,82,82,82,82,82,82,82,82,82,82,82,82,82,82,82,82,82,82,82,82,82,82,82,82,82,82,82,82,82,82,82,82,82,82,82,82,82,82,82,82,82,82,82,82,82,82,82,82,82],"card_choices":[{"not_picked":["Dual Wield","Rupture"],"picked":"Hemokinesis","floor":1.0},{"not_picked":["Twin Strike","Reckless Charge"],"picked":"Power Through","floor":2.0},{"not_picked":["Iron Wave","Anger"],"picked":"Bloodletting","floor":4.0},{"not_picked":["Pommel Strike","Body Slam"],"picked":"Shockwave","floor":5.0},{"not_picked":["Pommel Strike","Bloodletting"],"picked":"Disarm","floor":6.0},{"not_picked":["Rupture","Burning Pact"],"picked":"Fire Breathing","floor":8.0},{"not_picked":["Twin Strike","Clash"],"picked":"Reckless Charge","floor":10.0},{"not_picked":["Rage","Combust"],"picked":"Ghostly Armor","floor":11.0},{"not_picked":["True Grit","Body Slam"],"picked":"Flame Barrier","floor":14.0},{"not_picked":["Bludgeon","Demon Form"],"picked":"Corruption","floor":16.0},{"not_picked":["Perfected Strike","Bloodletting"],"picked":"Uppercut","floor":18},{"not_picked":["Anger","Second Wind"],"picked":"Carnage","floor":21},{"not_picked":["True Grit","Combust"],"picked":"Feel No Pain","floor":22},{"not_picked":["Clothesline","Flex"],"picked":"Thunderclap","floor":28},{"not_picked":["Body Slam","Armaments"],"picked":"Rupture+1","floor":29},{"not_picked":["Sever Soul","Hemokinesis"],"picked":"Entrench","floor":30},{"not_picked":["Immolate","Bloodletting"],"picked":"Combust+1","floor":31},{"not_picked":["Bludgeon","Limit Break"],"picked":"Impervious","floor":33},{"not_picked":["Warcry","Body Slam"],"picked":"Clash","floor":35},{"not_picked":["Pommel Strike","Havoc+1"],"picked":"Armaments+1","floor":37},{"not_picked":["Clothesline","Uppercut"],"picked":"Flame Barrier+1","floor":38},{"not_picked":["Sentinel","Sever Soul"],"picked":"Havoc+1","floor":40},{"not_picked":["Searing Blow","True Grit","Uppercut"],"picked":"SKIP","floor":41},{"not_picked":["Rampage","Flex"],"picked":"Iron Wave+1","floor":42},{"not_picked":["Wild Strike","Sword Boomerang"],"picked":"Pommel Strike+1","floor":45},{"not_picked":["Havoc","Cleave"],"picked":"Headbutt+1","floor":47},{"not_picked":["Limit Break","Flex","Iron Wave"],"picked":"SKIP","floor":48}],"player_experience":1111589,"relics_obtained":[{"floor":6.0,"key":"Bag of Preparation"},{"floor":8.0,"key":"Odd Mushroom"},{"floor":9.0,"key":"Juzu Bracelet"},{"floor":12.0,"key":"White Beast Statue"},{"floor":26,"key":"Lantern"},{"floor":28,"key":"Toy Ornithopter"},{"floor":30,"key":"TungstenRod"},{"floor":37,"key":"Magic Flower"},{"floor":38,"key":"Champion Belt"},{"floor":40,"key":"Boot"},{"floor":42,"key":"Shuriken"},{"floor":43,"key":"Eternal Feather"},{"floor":43,"key":"Pantograph"}],"event_choices":[{"damage_healed":0.0,"max_hp_gain":0.0,"max_hp_loss":0.0,"gold_gain":0.0,"event_name":"Mushrooms","player_choice":"Fought Mushrooms","floor":8.0,"gold_loss":0.0,"damage_taken":0.0},{"damage_healed":0,"gold_gain":0,"player_choice":"Simplicity","damage_taken":0,"max_hp_gain":0,"max_hp_loss":0,"event_name":"Back to Basics","floor":19,"gold_loss":0,"cards_upgraded":["Strike_R","Strike_R","Strike_R","Strike_R","Strike_R","Defend_R","Defend_R","Defend_R","Defend_R"]},{"damage_healed":0,"gold_gain":0,"player_choice":"Joined the Cult","damage_taken":6,"max_hp_gain":0,"max_hp_loss":0,"event_name":"Nest","floor":20,"gold_loss":0,"cards_obtained":["RitualDagger"]},{"damage_healed":0,"gold_gain":0,"cards_transformed":["Strike_R","Strike_R"],"player_choice":"Became Test Subject","damage_taken":0,"max_hp_gain":0,"max_hp_loss":0,"event_name":"Drug Dealer","floor":25,"gold_loss":0,"cards_obtained":["Infernal Blade","Barricade"]},{"damage_healed":0,"gold_gain":0,"player_choice":"Gave Potion","damage_taken":0,"relics_obtained":["Matryoshka"],"max_hp_gain":0,"max_hp_loss":0,"event_name":"WeMeetAgain","floor":36,"gold_loss":0},{"damage_healed":0,"gold_gain":0,"player_choice":"Fight","damage_taken":0,"max_hp_gain":0,"max_hp_loss":0,"event_name":"MindBloom","floor":37,"gold_loss":0},{"damage_healed":0,"gold_gain":0,"player_choice":"Fight","damage_taken":0,"max_hp_gain":0,"max_hp_loss":0,"event_name":"Mysterious Sphere","floor":38,"gold_loss":0},{"cards_removed":["Strike_R"],"damage_healed":0,"gold_gain":0,"player_choice":"Removed Attack","damage_taken":0,"max_hp_gain":0,"max_hp_loss":0,"event_name":"Falling","floor":39,"gold_loss":0}],"is_beta":false,"boss_relics":[{"not_picked":["Astrolabe","Black Blood"],"picked":"Ectoplasm"},{"not_picked":["Velvet Choker","Snecko Eye"],"picked":"Fusion Hammer"}],"items_purged_floors":[],"is_endless":false,"potions_floor_spawned":[1,2,5,14,16,18,21,22,28,29,30,31,33,35,37,38,40,41,42,45,47,48],"ascension_level":15}}