{"host":"t0r9wuv4zaiwets7","time":1609979707,"event":{"mods":["AchievementEnabler","BaseMod","Bestiary","Colored Map","Colored Powertips","Highlight Path","Minty Spire (QoL Compilation)","StSLib"],"gold_per_floor":[119,130,156,166,166,166,185,217,244,244,278,278,22,32,32,133,133,143,143,157,183,183,63,77,77,159,249,274,274,310,333,333,441,441,468,95,117,43,57,57,98,116,141,154,183,225,225,244,244,244],"floor_reached":51,"playtime":3095,"items_purged":["Shame","Writhe","Strike_B"],"score":917,"play_id":"f5cf25bb-3c8c-428a-a1b2-10ebac1066ce","local_time":"20210106163507","is_ascension_mode":true,"campfire_choices":[{"data":"Dualcast","floor":6.0,"key":"SMITH"},{"data":"Zap","floor":10.0,"key":"SMITH"},{"floor":12.0,"key":"REST"},{"floor":15.0,"key":"REST"},{"data":"Apotheosis","floor":25.0,"key":"SMITH"},{"data":"Machine Learning","floor":29.0,"key":"SMITH"},{"data":"All For One","floor":32.0,"key":"SMITH"},{"floor":40.0,"key":"RECALL"},{"floor":47,"key":"REST"},{"floor":49,"key":"REST"}],"circlet_count":0,"master_deck":["Strike_B","Strike_B","Defend_B","Defend_B","Defend_B","Defend_B","Zap+1","Dualcast+1","Finesse","Self Repair","Rebound","Conserve Battery","Undo","Machine Learning+1","BootSequence","Apotheosis+1","Flash of Steel","Beam Cell","All For One+1","BootSequence+1","Cold Snap","Loop","Reinforced Body","Good Instincts+1","Trip+1","Seek+1","Recycle+1","Hologram+1","Echo Form","Conserve Battery+1","All For One+1","Panacea+1","Go for the Eyes","Beam Cell","Defragment","Reprogram+1","Consume+1","Gash+1","Gash+1","Go for the Eyes+1","Tempest+1"],"relics":["Cracked Core","Toy Ornithopter","Pantograph","Smiling Mask","Thread and Needle","Runic Dome","Pear","Anchor","Omamori","Toxic Egg 2","Oddly Smooth Stone","CeramicFish","Fusion Hammer","DollysMirror","Regal Pillow","Bronze Scales","Meat on the Bone"],"acts_visited":["Exordium","TheCity","TheBeyond"],"potions_floor_usage":[46,50,50,50],"damage_taken":[{"damage":1.0,"enemies":"Cultist","floor":1.0,"turns":3.0},{"damage":7.0,"enemies":"Jaw Worm","floor":2.0,"turns":3.0},{"damage":10.0,"enemies":"Small Slimes","floor":4.0,"turns":3.0},{"damage":8.0,"enemies":"3 Louse","floor":7.0,"turns":4.0},{"damage":36.0,"enemies":"Gremlin Nob","floor":8.0,"turns":4.0},{"damage":39.0,"enemies":"3 Sentries","floor":11.0,"turns":12.0},{"damage":6.0,"enemies":"Gremlin Gang","floor":14.0,"turns":5.0},{"damage":3.0,"enemies":"The Guardian","floor":16.0,"turns":10.0},{"damage":18.0,"enemies":"Spheric Guardian","floor":18.0,"turns":4.0},{"damage":1.0,"enemies":"Shell Parasite","floor":20.0,"turns":5.0},{"damage":0.0,"enemies":"Shelled Parasite and Fungi","floor":24.0,"turns":6.0},{"damage":4.0,"enemies":"Book of Stabbing","floor":28.0,"turns":6.0},{"damage":1.0,"enemies":"Slavers","floor":30.0,"turns":6.0},{"damage":3.0,"enemies":"Centurion and Healer","floor":31.0,"turns":6.0},{"damage":48.0,"enemies":"Champ","floor":33.0,"turns":16.0},{"damage":0.0,"enemies":"Orb Walker","floor":35.0,"turns":4.0},{"damage":0.0,"enemies":"3 Shapes","floor":37.0,"turns":4.0},{"damage":25.0,"enemies":"Spire Growth","floor":39.0,"turns":6.0},{"damage":5.0,"enemies":"Nemesis","floor":41.0,"turns":7.0},{"damage":13.0,"enemies":"Transient","floor":42.0,"turns":5.0},{"damage":9,"enemies":"Maw","floor":44,"turns":7},{"damage":4,"enemies":"Sphere and 2 Shapes","floor":45,"turns":5},{"damage":18,"enemies":"Giant Head","floor":46,"turns":7},{"damage":0,"enemies":"Spire Growth","floor":48,"turns":4},{"damage":12,"enemies":"Awakened One","floor":50,"turns":10}],"seed_played":"-4044933057763714738","potions_obtained":[{"floor":2.0,"key":"FearPotion"},{"floor":14.0,"key":"AttackPotion"},{"floor":16.0,"key":"Regen Potion"},{"floor":28.0,"key":"PotionOfCapacity"},{"floor":41.0,"key":"FocusPotion"},{"floor":46,"key":"ColorlessPotion"}],"is_trial":false,"path_per_floor":["M","M","T","M","?","R","M","E","T","R","E","R","$","M","R","B",null,"M","?","M","T","?","$","M","R","T","?","E","R","E","M","R","B",null,"M","$","M","$","M","R","E","M","T","M","M","E","R","M","R","B",null],"character_chosen":"DEFECT","items_purchased":["Apotheosis","Flash of Steel","Loop","DollysMirror","Panacea+1","Go for the Eyes","Beam Cell","Defragment","Consume+1"],"campfire_rested":4,"item_purchase_floors":[13,13,23,36,36,36,36,36,38],"current_hp_per_floor":[74,74,74,71,71,71,70,46,46,46,14,36,36,37,59,75,75,67,77,83,83,83,83,85,85,85,54,60,60,66,73,73,37,85,85,85,85,85,80,80,85,72,72,73,79,76,85,85,85,85],"gold":244,"neow_bonus":"RANDOM_COLORLESS","is_daily":false,"chose_seed":false,"campfire_upgraded":5,"win_rate":0.0,"timestamp":1609979707,"path_taken":["M","M","?","M","?","R","M","E","T","R","E","R","$","M","R","BOSS","M","?","M","?","?","$","M","R","T","?","E","R","E","M","R","BOSS","M","$","M","$","?","R","E","M","T","M","M","E","R","M","R","BOSS"],"items_purchased_type":["Card","Card","Card","Relic","Card","Card","Card","Card","Card"],"build_version":"2020-12-22","purchased_purges":3,"victory":true,"max_hp_per_floor":[75,75,75,75,75,75,75,75,75,75,75,75,75,75,75,75,75,75,85,85,85,85,85,85,85,85,85,85,85,85,85,85,85,85,85,85,85,85,85,85,85,85,85,85,85,85,85,85,85,85],"card_choices":[{"not_picked":["Deep Breath","Forethought"],"picked":"Finesse","floor":0.0},{"not_picked":["Stack","Streamline"],"picked":"Self Repair","floor":1.0},{"not_picked":["Gash","Turbo"],"picked":"Rebound","floor":2.0},{"not_picked":["Compile Driver","Storm"],"picked":"Conserve Battery","floor":4.0},{"not_picked":["Reprogram","Gash"],"picked":"Undo","floor":7.0},{"not_picked":["Skim","Self Repair"],"picked":"Machine Learning","floor":8.0},{"not_picked":["Gash","Coolheaded"],"picked":"BootSequence","floor":11.0},{"not_picked":["Steam","Heatsinks"],"picked":"Beam Cell","floor":14.0},{"not_picked":["Amplify","Seek"],"picked":"All For One","floor":16.0},{"not_picked":["Barrage+1","Rebound"],"picked":"BootSequence+1","floor":18.0},{"not_picked":["Rebound","Stack"],"picked":"Cold Snap","floor":20.0},{"not_picked":["Rebound","Redo"],"picked":"Reinforced Body","floor":24.0},{"not_picked":["Rebound","Go for the Eyes+1"],"picked":"Seek+1","floor":28.0},{"not_picked":["Cold Snap","Stack+1"],"picked":"Recycle+1","floor":30.0},{"not_picked":["Compile Driver","White Noise+1"],"picked":"Hologram+1","floor":31.0},{"not_picked":["Hyperbeam","Core Surge"],"picked":"Echo Form","floor":33.0},{"not_picked":["Compile Driver","Leap+1"],"picked":"Conserve Battery+1","floor":35.0},{"not_picked":["Beam Cell","Self Repair"],"picked":"Reprogram+1","floor":37.0},{"not_picked":["Compile Driver+1","Turbo+1","Beam Cell+1"],"picked":"SKIP","floor":39.0},{"not_picked":["Stack+1","Hologram+1"],"picked":"Gash+1","floor":41.0},{"not_picked":["Compile Driver+1","Leap+1","Turbo+1"],"picked":"SKIP","floor":42.0},{"not_picked":["Hello World","Capacitor","Redo+1"],"picked":"SKIP","floor":44},{"not_picked":["BootSequence+1","Meteor Strike"],"picked":"Gash+1","floor":45},{"not_picked":["Turbo+1","White Noise+1"],"picked":"Go for the Eyes+1","floor":46},{"not_picked":["Sweeping Beam+1","Darkness+1"],"picked":"Tempest+1","floor":48}],"player_experience":147754,"relics_obtained":[{"floor":3.0,"key":"Toy Ornithopter"},{"floor":8.0,"key":"Pantograph"},{"floor":9.0,"key":"Smiling Mask"},{"floor":11.0,"key":"Thread and Needle"},{"floor":21.0,"key":"Anchor"},{"floor":26.0,"key":"Toxic Egg 2"},{"floor":28.0,"key":"Oddly Smooth Stone"},{"floor":30.0,"key":"CeramicFish"},{"floor":41.0,"key":"Regal Pillow"},{"floor":43.0,"key":"Bronze Scales"},{"floor":46,"key":"Meat on the Bone"}],"event_choices":[{"cards_removed":["Strike_B"],"damage_healed":0.0,"max_hp_gain":0.0,"max_hp_loss":0.0,"gold_gain":0.0,"event_name":"Wheel of Change","player_choice":"Card Removal","floor":5.0,"gold_loss":0.0,"damage_taken":0.0},{"damage_healed":0.0,"max_hp_gain":0.0,"max_hp_loss":0.0,"gold_gain":0.0,"event_name":"Addict","player_choice":"Stole Relic","floor":19.0,"gold_loss":0.0,"damage_taken":0.0,"relics_obtained":["Pear"],"cards_obtained":["Shame"]},{"damage_healed":0.0,"max_hp_gain":0.0,"max_hp_loss":0.0,"gold_gain":0.0,"event_name":"The Mausoleum","player_choice":"Opened","floor":22.0,"gold_loss":0.0,"damage_taken":0.0,"relics_obtained":["Omamori"],"cards_obtained":["Writhe"]},{"damage_healed":0.0,"max_hp_gain":0.0,"max_hp_loss":0.0,"gold_gain":90.0,"event_name":"Knowing Skull","player_choice":"POTION GOLD CARD CARD ","floor":27.0,"potions_obtained":["SkillPotion"],"gold_loss":0.0,"damage_taken":31.0,"cards_obtained":["Good Instincts","Trip"]}],"is_beta":false,"boss_relics":[{"not_picked":["SlaversCollar","Coffee Dripper"],"picked":"Runic Dome"},{"not_picked":["Busted Crown","Calling Bell"],"picked":"Fusion Hammer"}],"items_purged_floors":[23,36,38],"is_endless":false,"potions_floor_spawned":[2,14,16,28,33,37,41,46],"ascension_level":3}}