{"host":"ng8aq1q5gznbd93k","time":1609989553,"event":{"mods":["AchievementEnabler","BaseMod","Downfall","Minty Spire (QoL Compilation)","StSLib","SuperFastMode","The Bug Knight"],"gold_per_floor":[112,128,303,303,53,82,102,102,128,146,160,174,187,205,205,205,205],"floor_reached":16,"playtime":465,"items_purged":[],"score":131,"play_id":"b67e0465-4c06-45cb-b842-ada7cd5b8486","local_time":"20210106211913","is_ascension_mode":false,"campfire_choices":[{"floor":15,"key":"REST"}],"circlet_count":0,"master_deck":["Strike_B","Strike_B","Strike_B","Strike_B","Defend_B","Defend_B","Defend_B","Defend_B","Zap+1","Dualcast","Redo","Redo","Doubt","Thunder Strike","Defragment","Barrage","Steam Power","Ball Lightning","Rip and Tear","Lockon","Gash","Ball Lightning","Redo"],"relics":["Cracked Core","NeowsBlessing","Smiling Mask","Pen Nib","Ancient Tea Set"],"acts_visited":["Exordium"],"potions_floor_usage":[16],"damage_taken":[{"damage":0,"enemies":"Jaw Worm","floor":1,"turns":1},{"damage":0,"enemies":"Small Slimes","floor":2,"turns":1},{"damage":0,"enemies":"Lagavulin","floor":6,"turns":1},{"damage":6,"enemies":"Cultist","floor":7,"turns":4},{"damage":14,"enemies":"Blue Slaver","floor":10,"turns":3},{"damage":16,"enemies":"Large Slime","floor":11,"turns":3},{"damage":2,"enemies":"3 Louse","floor":12,"turns":2},{"damage":10,"enemies":"Looter","floor":13,"turns":2},{"damage":11,"enemies":"Large Slime","floor":14,"turns":3},{"damage":39,"enemies":"The Guardian","floor":16,"turns":5}],"seed_played":"2158089881001053643","potions_obtained":[{"floor":2,"key":"Swift Potion"},{"floor":10,"key":"Fire Potion"},{"floor":12,"key":"SmokeBomb"},{"floor":14,"key":"SmokeBomb"}],"is_trial":false,"path_per_floor":["M","M","?","?","$","E","M","?","T","M","M","M","M","M","R","B"],"character_chosen":"DEFECT","items_purchased":["Thunder Strike","Defragment","Barrage"],"campfire_rested":1,"item_purchase_floors":[5,5,5],"current_hp_per_floor":[75,75,75,75,75,75,69,69,69,55,39,37,27,16,38,0,0],"gold":205,"neow_bonus":"THREE_ENEMY_KILL","is_daily":false,"chose_seed":false,"campfire_upgraded":0,"win_rate":0.0,"timestamp":1609989553,"path_taken":["M","M","?","?","?","E","M","?","T","M","M","M","M","?","R","BOSS"],"items_purchased_type":["Card","Card","Card"],"build_version":"2020-12-22","purchased_purges":0,"victory":false,"max_hp_per_floor":[75,75,75,75,75,75,75,75,75,75,75,75,75,75,75,75,75],"card_choices":[{"not_picked":["Scrape","Heatsinks"],"picked":"Redo","floor":1},{"not_picked":["Blizzard","Compile Driver"],"picked":"Redo","floor":2},{"not_picked":["Stack","FTL"],"picked":"Steam Power","floor":6},{"not_picked":["Double Energy","Rip and Tear"],"picked":"Ball Lightning","floor":7},{"not_picked":["Gash","Recycle"],"picked":"Rip and Tear","floor":10},{"not_picked":["Doom and Gloom","Cold Snap"],"picked":"Lockon","floor":11},{"not_picked":["Cold Snap","Self Repair"],"picked":"Gash","floor":12},{"not_picked":["Beam Cell","Stack"],"picked":"Ball Lightning","floor":13},{"not_picked":["Steam","Doom and Gloom"],"picked":"Redo","floor":14}],"player_experience":117219,"relics_obtained":[{"floor":6,"key":"Smiling Mask"},{"floor":9,"key":"Ancient Tea Set"}],"event_choices":[{"damage_healed":0,"gold_gain":175,"player_choice":"AGREE","damage_taken":0,"max_hp_gain":0,"max_hp_loss":0,"event_name":"Liars Game","floor":3,"gold_loss":0,"cards_obtained":["Doubt"]},{"damage_healed":0,"gold_gain":0,"player_choice":"Grow","damage_taken":0,"max_hp_gain":0,"max_hp_loss":0,"event_name":"Living Wall","floor":4,"gold_loss":0,"cards_upgraded":["Zap"]},{"damage_healed":0,"gold_gain":0,"player_choice":"Gave Potion","damage_taken":0,"relics_obtained":["Pen Nib"],"max_hp_gain":0,"max_hp_loss":0,"event_name":"WeMeetAgain","floor":8,"gold_loss":0}],"is_beta":false,"boss_relics":[],"items_purged_floors":[],"is_endless":false,"potions_floor_spawned":[2,10,12,14],"killed_by":"The Guardian","ascension_level":0}}