{"host":"dnd25fcf5l5puhl9","time":1609979640,"event":{"mods":["AchievementEnabler","Act Like it!","BaseMod","BetterRewards","Colored Map","Colored Powertips","Downfall","Gensokyo","Hubris","Infinite Spire","Lobotomy","Minty Spire (QoL Compilation)","Replay The Spire","Shop Mod","StSLib","SuperFastMode","The Animator"],"gold_per_floor":[111,131,144,144,159,185,197,232,232,21,36,36,36,361,386,493,618,638,638,638,638,663,663,723,723,772,784,804,864,824,840,840,943,968,982,1007,1107,1138,1162,1174,1211,1240,1252,1264,1300,1312,1355,1379,1391,1461,1473,1485,1497,1509,866,916,983,1080,914,60,60,60],"floor_reached":61,"playtime":10697,"items_purged":["animator:Aqua","animator:Entoma+2"],"score":1056,"play_id":"5948feb3-d932-4b08-aabd-218118737955","local_time":"20210106223400","is_ascension_mode":false,"campfire_choices":[{"floor":13,"key":"REST"},{"floor":15,"key":"DIG"},{"data":"animator:Kaijin","floor":23,"key":"SMITH"},{"floor":25,"key":"RECALL"},{"floor":32,"key":"REST"},{"data":"animator:Kaijin","floor":40,"key":"SMITH"},{"floor":49,"key":"REST"},{"floor":51,"key":"REST"},{"data":"Gensokyo:UnhurriedMind","floor":54,"key":"SMITH"}],"circlet_count":0,"master_deck":["animator:Strike_Konosuba+1","animator:Strike+1","animator:Strike","animator:Defend","animator:Defend+1","animator:Defend+1","animator:EmiyaShirou+1","animator:Millim+2","animator:Shuna+1","animator:Greed","animator:Kaijin+1","animator:Gilgamesh+11","animator:Benimaru+1","animator:Kyubey+1","animator:ShinjiMatou","J.A.X.","Bludgeon+1","animator:Archer+1","animator:GazelDwargon+1","animator:MadokaKaname","animator:Lancer+1","animator:Kaijin+1","Gensokyo:UnhurriedMind+1","animator:Darkness","animator:NagisaMomoe+1"],"relics":["animator:TheEgnaroPiece","animator:LivingPicture","animator:TheMissingPiece","animator:AncientMedallion"],"acts_visited":["Exordium","TheCity","Gensokyo:Gensokyoest","TheEnding","EYB:TheUnnamedReign"],"potions_floor_usage":[6,6,8,29,33,33,39,39,46,61,61],"damage_taken":[{"damage":2,"enemies":"Cultist","floor":1,"turns":6},{"damage":0,"enemies":"2 Louse","floor":2,"turns":6},{"damage":2,"enemies":"Small Slimes","floor":3,"turns":6},{"damage":12,"enemies":"3 Louse","floor":5,"turns":4},{"damage":16,"enemies":"Gremlin Nob","floor":6,"turns":5},{"damage":1,"enemies":"Blue Slaver","floor":7,"turns":7},{"damage":35,"enemies":"3 Sentries","floor":8,"turns":15},{"damage":0,"enemies":"Red Slaver","floor":11,"turns":6},{"damage":8,"enemies":"Hexaghost","floor":16,"turns":10},{"damage":0,"enemies":"3 Byrds","floor":18,"turns":6},{"damage":1,"enemies":"Replay:Snechameleon","floor":24,"turns":4},{"damage":1,"enemies":"Spheric Guardian","floor":27,"turns":4},{"damage":0,"enemies":"Snake Plant","floor":28,"turns":4},{"damage":16,"enemies":"Slavers","floor":29,"turns":5},{"damage":1,"enemies":"Sentry and Sphere","floor":31,"turns":4},{"damage":8,"enemies":"Collector","floor":33,"turns":8},{"damage":0,"enemies":"Gensokyo:3_Boulders","floor":35,"turns":7},{"damage":0,"enemies":"Gensokyo:AncientGuardian","floor":38,"turns":6},{"damage":14,"enemies":"Gensokyo:Sharpion","floor":39,"turns":5},{"damage":0,"enemies":"Gensokyo:Dusk_and_Dawn","floor":42,"turns":2},{"damage":57,"enemies":"Gensokyo:Dusk_and_Dawn","floor":46,"turns":10},{"damage":0,"enemies":"Gensokyo:4_Bats","floor":47,"turns":2},{"damage":47,"enemies":"Gensokyo:Rafflesia","floor":48,"turns":6},{"damage":33,"enemies":"Nightmare","floor":50,"turns":8},{"damage":0,"enemies":"Gensokyo:Yuyuko","floor":52,"turns":7},{"damage":39,"enemies":"animator:TRIPLE_SHAPES_WEAK","floor":56,"turns":12},{"damage":14,"enemies":"animator:UNNAMED_CULTIST_1","floor":57,"turns":10},{"damage":71,"enemies":"animator:LARGE_WISP","floor":61,"turns":4}],"seed_played":"-855725042554455054","potions_obtained":[{"floor":1,"key":"Weak Potion"},{"floor":2,"key":"animator:GrowthPotion"},{"floor":6,"key":"Elixir"},{"floor":11,"key":"Swift Potion"},{"floor":16,"key":"sneckomod:MuddlingPotion"},{"floor":28,"key":"ColorlessPotion"},{"floor":29,"key":"Adrenaline Potion"},{"floor":33,"key":"PowerPotion"},{"floor":38,"key":"SpeedPotion"},{"floor":47,"key":"animator:GrowthPotion"},{"floor":56,"key":"animator:FalseLifePotion"},{"floor":57,"key":"animator:FalseLifePotion"}],"is_trial":false,"path_per_floor":["M","M","M","?","M","E","M","E","T","$","M","?","R","?","R_BF","B",null,"M","$","?","?","AVR","R","E","R","T","M","M","E","?","M","R","B",null,"M","?","AVR","M","M","R","?","M","PTL","PTL","T","?","M","M","R","NM","R","B",null,"R","??","M","M","T","?","$","M"],"character_chosen":"THE_ANIMATOR","items_purchased":["animator:EmiyaShirou","animator:Gilgamesh","animator:AncientMedallion","animator:AncientMedallion","animator:AncientMedallion"],"campfire_rested":4,"item_purchase_floors":[0,10,60,60,60],"current_hp_per_floor":[64,66,64,64,54,38,39,6,6,6,6,6,25,25,25,17,66,66,66,66,50,50,50,49,49,49,48,48,32,32,31,50,43,67,69,69,69,69,61,61,61,61,61,61,61,61,61,20,40,13,33,33,69,69,86,47,36,36,36,36,0,0],"gold":60,"neow_bonus":"","is_daily":false,"chose_seed":false,"campfire_upgraded":3,"win_rate":0.0,"timestamp":1609979640,"path_taken":["M","M","?","?","M","E","M","E","T","?","?","?","R","?","R_BF","BOSS","M","$","?","?","AVR","R","E","R","T","M","M","E","?","?","R","BOSS","M","?","AVR","M","M","R","?","M","PTL","PTL","T","?","M","?","R","NM","R","BOSS","R","??","M","M","T","?","$","M"],"items_purchased_type":["Card","Card","Relic","Relic","Relic"],"build_version":"2020-12-22","purchased_purges":2,"victory":false,"max_hp_per_floor":[66,66,66,66,66,66,66,66,66,66,66,66,66,66,66,66,66,66,66,66,66,66,66,66,66,66,66,66,66,66,66,66,67,67,69,69,69,69,69,69,69,69,69,69,69,69,69,69,69,69,69,69,69,69,86,86,86,86,86,86,86,86],"card_choices":[{"not_picked":["animator:Benimaru","animator:Spearman"],"picked":"animator:Millim","floor":1},{"not_picked":["animator:YachiyoNanami","animator:ShinjiMatou","animator:Mitsurugi"],"picked":"SKIP","floor":2},{"not_picked":["animator:Sloth","animator:KyokoSakura","animator:Spearman"],"picked":"SKIP","floor":3},{"not_picked":["animator:Shion","animator:Souei"],"picked":"animator:Shuna","floor":5},{"not_picked":["animator:OrikoMikuni","animator:Darkness"],"picked":"animator:Greed","floor":6},{"not_picked":["animator:Mitsurugi","animator:Sebas"],"picked":"animator:Kaijin","floor":7},{"not_picked":["animator:SakuraMatou","animator:Mitsurugi","animator:Illya"],"picked":"SKIP","floor":8},{"not_picked":["animator:Kaijin","animator:Vesta"],"picked":"animator:Benimaru","floor":11},{"not_picked":["animator:MadokaKaname","animator:Father"],"picked":"animator:Kyubey","floor":16},{"not_picked":["animator:Millim","animator:Aqua+1"],"picked":"animator:ShinjiMatou","floor":18},{"not_picked":["infinitespire:SealOfDarkness+","infinitespire:FutureSight"],"picked":"infinitespire:DeathsTouch","floor":21},{"not_picked":["animator:ElricEdward","animator:ElricAlphonse","animator:YunYun"],"picked":"SKIP","floor":24},{"not_picked":["animator:NarberalGamma+1","animator:RoyMustang","animator:GazelDwargon"],"picked":"SKIP","floor":27},{"not_picked":["animator:Assassin","animator:Rider"],"picked":"animator:Archer","floor":28},{"not_picked":["animator:CowGirl","animator:Darkness+1"],"picked":"animator:GazelDwargon+1","floor":29},{"not_picked":["animator:NarberalGamma","animator:Illya+1"],"picked":"animator:Entoma","floor":31},{"not_picked":["animator:Kyubey","animator:Greed"],"picked":"animator:MadokaKaname","floor":33},{"not_picked":["animator:Assassin","animator:OrikoMikuni"],"picked":"animator:Lancer+1","floor":35},{"not_picked":["animator:Souei","animator:Shion"],"picked":"animator:Kaijin","floor":38},{"not_picked":["animator:YuiTsuruno","animator:EmiyaShirou","animator:Evileye+1"],"picked":"SKIP","floor":39},{"not_picked":["animator:ElricEdward+1","animator:Verdia","animator:GoblinSlayer"],"picked":"SKIP","floor":42},{"not_picked":["Gensokyo:HouraiInAPot","Gensokyo:MorningStar"],"picked":"Gensokyo:UnhurriedMind","floor":46},{"not_picked":["animator:Verdia","animator:Mitsurugi"],"picked":"animator:Darkness","floor":47},{"not_picked":["animator:YuiTsuruno+1","animator:IrohaTamaki","animator:Priestess+1"],"picked":"SKIP","floor":48},{"not_picked":["animator:Vanir+1","animator:NarberalGamma","animator:WinryRockbell+1"],"picked":"SKIP","floor":50},{"not_picked":["animator:KyokoSakura","animator:Alexander+1","animator:Megumin+1"],"picked":"SKIP","floor":56},{"not_picked":["animator:IrohaTamaki","animator:OrikoMikuni"],"picked":"animator:NagisaMomoe","floor":57}],"player_experience":507054,"relics_obtained":[{"floor":6,"key":"hubris:PeanutButter"},{"floor":8,"key":"Whetstone"},{"floor":9,"key":"Gremlin Food"},{"floor":15,"key":"infinitespire:Joker Card"},{"floor":24,"key":"Replay:Kaleidoscope"},{"floor":26,"key":"Anchor"},{"floor":29,"key":"hubris:MedicalManual"},{"floor":37,"key":"MawBank"},{"floor":37,"key":"Thread and Needle"},{"floor":37,"key":"hubris:BottledRain"},{"floor":50,"key":"Bronze Scales"},{"floor":55,"key":"animator:TheEgnaroPiece"},{"floor":58,"key":"animator:AncientMedallion"},{"floor":59,"key":"animator:AncientMedallion"}],"event_choices":[{"damage_healed":0,"gold_gain":0,"player_choice":"Ignored","damage_taken":0,"max_hp_gain":0,"max_hp_loss":0,"event_name":"NoteForYourself","floor":4,"gold_loss":0},{"cards_removed":["animator:Kazuma"],"damage_healed":0,"gold_gain":0,"player_choice":"Gave Card","damage_taken":0,"relics_obtained":["Old Coin"],"max_hp_gain":0,"max_hp_loss":0,"event_name":"WeMeetAgain","floor":14,"gold_loss":0},{"damage_healed":0,"gold_gain":0,"player_choice":"Obtain J.A.X.","damage_taken":0,"max_hp_gain":0,"max_hp_loss":0,"event_name":"Drug Dealer","floor":20,"gold_loss":0,"cards_obtained":["J.A.X."]},{"damage_healed":0,"gold_gain":0,"player_choice":"Upgraded Two","damage_taken":0,"max_hp_gain":0,"max_hp_loss":0,"event_name":"Designer","floor":30,"gold_loss":40,"cards_upgraded":["animator:ShinjiMatou","J.A.X."]}],"is_beta":false,"boss_relics":[{"not_picked":["hubris:CrackedHourglass","hubris:RunicObelisk"],"picked":"Replay:Wanted Poster"},{"not_picked":["Painkiller Herb","hubris:GrandSneckoEye"],"picked":"Empty Cage"}],"items_purged_floors":[10,60],"is_endless":false,"potions_floor_spawned":[1,2,6,11,16,28,29,33,38,47,57],"killed_by":"animator:LARGE_WISP","ascension_level":0}}