{"host":"Qube","time":1609994210,"event":{"mods":["AchievementEnabler","BaseMod","Colored Map","Colored Powertips","Minty Spire (QoL Compilation)","Quick Restart","Random Character Button","StSLib"],"gold_per_floor":[116,41,41,55,29,64,82,108,108,119,138,138,24,49,49,125,125,143,143,143,143,153,153,184,184,184,210,230,265,165,165,165,240,240,253,253,264,178,195,195,221,221,221,238,269,57,73,89,89,89,89,89,50,79,79,79],"floor_reached":55,"playtime":4541,"items_purged":["Pain","Strike_G","Defend_G"],"score":1763,"play_id":"17096b9a-1298-4be6-988b-381a76573fcd","local_time":"20210106203650","is_ascension_mode":true,"campfire_choices":[{"data":"Acrobatics","floor":15.0,"key":"SMITH"},{"data":"Noxious Fumes","floor":23.0,"key":"SMITH"},{"data":"Dodge and Roll","floor":25.0,"key":"SMITH"},{"data":"Malaise","floor":32.0,"key":"SMITH"},{"data":"Blur","floor":40.0,"key":"SMITH"},{"data":"Phantasmal Killer","floor":42.0,"key":"SMITH"},{"floor":49,"key":"RECALL"},{"data":"Adrenaline","floor":52,"key":"SMITH"}],"circlet_count":0,"master_deck":["AscendersBane","Defend_G","Survivor","Neutralize","Poisoned Stab","Dodge and Roll+1","Acrobatics+1","Cloak And Dagger","Cloak And Dagger","Adrenaline+1","Deflect","Noxious Fumes+1","Predator","Corpse Explosion","Accuracy+1","Tools of the Trade+1","Blade Dance+1","Tactician+1","Underhanded Strike","Backstab","Infinite Blades","Malaise+1","Calculated Gamble+1","Phantasmal Killer+1","Escape Plan+1","Blur+1","Prepared+1","Adrenaline+1","Parasite","Blur"],"relics":["Ring of the Snake","NeowsBlessing","Tiny Chest","Eternal Feather","Akabeko","Toy Ornithopter","WarpedTongs","War Paint","Astrolabe","Oddly Smooth Stone","Ornamental Fan","Bag of Preparation","Potion Belt","Dream Catcher","HoveringKite","Blue Candle","Sundial","Pantograph","InkBottle","Bronze Scales"],"acts_visited":["Exordium","TheCity","TheBeyond","TheEnding"],"potions_floor_usage":[44,50,50,50,55],"damage_taken":[{"damage":0.0,"enemies":"2 Louse","floor":1.0,"turns":1.0},{"damage":0.0,"enemies":"Jaw Worm","floor":4.0,"turns":1.0},{"damage":0.0,"enemies":"Lagavulin","floor":6.0,"turns":1.0},{"damage":1.0,"enemies":"Cultist","floor":7.0,"turns":3.0},{"damage":24.0,"enemies":"3 Sentries","floor":8.0,"turns":13.0},{"damage":0.0,"enemies":"Blue Slaver","floor":10.0,"turns":4.0},{"damage":1.0,"enemies":"3 Louse","floor":11.0,"turns":3.0},{"damage":0.0,"enemies":"Lagavulin","floor":14.0,"turns":7.0},{"damage":4.0,"enemies":"The Guardian","floor":16.0,"turns":13.0},{"damage":0.0,"enemies":"3 Byrds","floor":18.0,"turns":3.0},{"damage":3.0,"enemies":"2 Thieves","floor":22.0,"turns":4.0},{"damage":9.0,"enemies":"Book of Stabbing","floor":24.0,"turns":5.0},{"damage":2.0,"enemies":"Slavers","floor":27.0,"turns":2.0},{"damage":1.0,"enemies":"Shelled Parasite and Fungi","floor":28.0,"turns":3.0},{"damage":0.0,"enemies":"Gremlin Leader","floor":29.0,"turns":6.0},{"damage":0.0,"enemies":"Champ","floor":33.0,"turns":9.0},{"damage":2.0,"enemies":"Orb Walker","floor":35.0,"turns":3.0},{"damage":0.0,"enemies":"3 Darklings","floor":37.0,"turns":2.0},{"damage":19.0,"enemies":"Maw","floor":39.0,"turns":6.0},{"damage":0.0,"enemies":"Reptomancer","floor":41.0,"turns":6.0},{"damage":11,"enemies":"Spire Growth","floor":44,"turns":3},{"damage":0,"enemies":"Giant Head","floor":45,"turns":5},{"damage":0,"enemies":"3 Darklings","floor":47,"turns":2},{"damage":0,"enemies":"Writhing Mass","floor":48,"turns":5},{"damage":30,"enemies":"Awakened One","floor":50,"turns":10},{"damage":28,"enemies":"Shield and Spear","floor":54,"turns":5},{"damage":73,"enemies":"The Heart","floor":55,"turns":8}],"seed_played":"7565888766749299610","potions_obtained":[{"floor":8.0,"key":"AttackPotion"},{"floor":10.0,"key":"AttackPotion"},{"floor":14.0,"key":"Explosive Potion"},{"floor":16.0,"key":"Block Potion"},{"floor":22.0,"key":"LiquidMemories"},{"floor":27.0,"key":"FearPotion"},{"floor":29.0,"key":"Ancient Potion"},{"floor":33.0,"key":"Dexterity Potion"},{"floor":35.0,"key":"SpeedPotion"},{"floor":39.0,"key":"DistilledChaos"},{"floor":44,"key":"Swift Potion"},{"floor":47,"key":"Fruit Juice"},{"floor":54,"key":"DuplicationPotion"}],"is_trial":false,"path_per_floor":["M","?","?","M","$","E","M","E","T","M","M","?","$","E","R","B",null,"M","?","T","?","M","R","E","R","T","E","M","E","$","$","R","B",null,"M","T","M","?","M","R","E","R","T","M","E","$","M","M","R","B",null,"R","$","E","B"],"character_chosen":"THE_SILENT","items_purchased":["Acrobatics","Noxious Fumes","Adrenaline","Blur"],"campfire_rested":0,"item_purchase_floors":[5,13,46,53],"current_hp_per_floor":[59,59,54,54,54,54,53,29,29,29,28,28,28,38,50,46,61,66,66,66,66,63,66,57,66,66,64,65,65,65,65,66,66,66,64,64,64,64,47,62,62,66,66,55,55,55,55,55,66,42,64,71,71,43,0,0],"gold":79,"neow_bonus":"THREE_ENEMY_KILL","is_daily":false,"chose_seed":false,"campfire_upgraded":7,"win_rate":0.0,"timestamp":1609994210,"path_taken":["M","?","?","M","?","E","M","E","T","M","M","?","$","E","R","BOSS","M","?","?","?","?","R","E","R","T","E","M","E","$","?","R","BOSS","M","?","?","?","M","R","E","R","T","?","E","$","M","M","R","BOSS","R","$","E","BOSS"],"items_purchased_type":["Card","Card","Card","Card"],"build_version":"2020-12-18","purchased_purges":3,"victory":false,"max_hp_per_floor":[66,66,66,66,66,66,66,66,66,66,66,66,66,66,66,66,66,66,66,66,66,66,66,66,66,66,66,66,66,66,66,66,66,66,66,66,66,66,66,66,66,66,66,66,66,66,66,66,66,71,71,71,71,71,71,71],"card_choices":[{"not_picked":["Outmaneuver","Eviscerate"],"picked":"Poisoned Stab","floor":1.0},{"not_picked":["Cloak And Dagger","PiercingWail"],"picked":"Dodge and Roll","floor":4.0},{"not_picked":["Deadly Poison","Expertise","Caltrops"],"picked":"SKIP","floor":6.0},{"not_picked":["Bane","Flechettes"],"picked":"Cloak And Dagger","floor":7.0},{"not_picked":["Skewer","Deflect"],"picked":"Cloak And Dagger","floor":8.0},{"not_picked":["All Out Attack","Acrobatics"],"picked":"Adrenaline","floor":10.0},{"not_picked":["Slice","Dagger Spray"],"picked":"Deflect","floor":11.0},{"not_picked":["Choke","Heel Hook"],"picked":"Predator","floor":14.0},{"not_picked":["Tools of the Trade","Night Terror"],"picked":"Corpse Explosion","floor":16.0},{"not_picked":["Outmaneuver","Quick Slash"],"picked":"Tactician+1","floor":18.0},{"not_picked":["Bouncing Flask","Dagger Throw"],"picked":"Infinite Blades","floor":22.0},{"not_picked":["Deflect","Backstab"],"picked":"Malaise","floor":24.0},{"not_picked":["Deadly Poison","Prepared","Outmaneuver"],"picked":"SKIP","floor":27.0},{"not_picked":["Cloak And Dagger","Leg Sweep","Dagger Spray"],"picked":"SKIP","floor":28.0},{"not_picked":["Leg Sweep","Tactician"],"picked":"Calculated Gamble+1","floor":29.0},{"not_picked":["Die Die Die","Tools of the Trade"],"picked":"Phantasmal Killer","floor":33.0},{"not_picked":["Cloak And Dagger","Heel Hook"],"picked":"Escape Plan+1","floor":35.0},{"not_picked":["Outmaneuver","Dagger Throw","Predator"],"picked":"SKIP","floor":37.0},{"not_picked":["Dodge and Roll","Outmaneuver"],"picked":"Blur","floor":39.0},{"not_picked":["Deflect+1","Cloak And Dagger+1","Dash+1"],"picked":"SKIP","floor":41.0},{"not_picked":["Unload","Acrobatics"],"picked":"Prepared+1","floor":44},{"not_picked":["Bane","Noxious Fumes","Dodge and Roll"],"picked":"SKIP","floor":45},{"not_picked":["Quick Slash","Bane","Slice"],"picked":"SKIP","floor":47},{"not_picked":["Skewer","Dagger Spray","Poisoned Stab"],"picked":"SKIP","floor":48},{"not_picked":["Prepared+1","Dodge and Roll","Underhanded Strike"],"picked":"SKIP","floor":54}],"player_experience":838167,"relics_obtained":[{"floor":6.0,"key":"Eternal Feather"},{"floor":8.0,"key":"Akabeko"},{"floor":9.0,"key":"Toy Ornithopter"},{"floor":14.0,"key":"War Paint"},{"floor":20.0,"key":"Oddly Smooth Stone"},{"floor":24.0,"key":"Ornamental Fan"},{"floor":26.0,"key":"Bag of Preparation"},{"floor":27.0,"key":"Potion Belt"},{"floor":29.0,"key":"Dream Catcher"},{"floor":36.0,"key":"Blue Candle"},{"floor":41.0,"key":"Pantograph"},{"floor":45,"key":"InkBottle"},{"floor":54,"key":"Bronze Scales"}],"event_choices":[{"cards_removed":["Defend_G"],"damage_healed":0.0,"max_hp_gain":0.0,"max_hp_loss":0.0,"gold_gain":0.0,"event_name":"The Cleric","player_choice":"Card Removal","floor":2.0,"gold_loss":75.0,"damage_taken":0.0},{"damage_healed":0.0,"max_hp_gain":0.0,"max_hp_loss":0.0,"gold_gain":0.0,"event_name":"Scrap Ooze","player_choice":"Success","floor":3.0,"gold_loss":0.0,"damage_taken":5.0,"relics_obtained":["Tiny Chest"]},{"damage_healed":0.0,"max_hp_gain":0.0,"max_hp_loss":0.0,"gold_gain":0.0,"event_name":"Accursed Blacksmith","player_choice":"Rummage","floor":12.0,"gold_loss":0.0,"damage_taken":0.0,"relics_obtained":["WarpedTongs"],"cards_obtained":["Pain"]},{"damage_healed":0.0,"max_hp_gain":0.0,"max_hp_loss":0.0,"gold_gain":0.0,"cards_transformed":["Strike_G","Defend_G"],"event_name":"Drug Dealer","player_choice":"Became Test Subject","floor":19.0,"gold_loss":0.0,"damage_taken":0.0,"cards_obtained":["Underhanded Strike","Backstab"]},{"cards_removed":["Strike_G"],"damage_healed":0.0,"max_hp_gain":0.0,"max_hp_loss":0.0,"gold_gain":0.0,"event_name":"Purifier","player_choice":"Purged","floor":21.0,"gold_loss":0.0,"damage_taken":0.0},{"damage_healed":0.0,"max_hp_gain":0.0,"max_hp_loss":0.0,"gold_gain":0.0,"event_name":"WeMeetAgain","player_choice":"Paid Gold","floor":38.0,"gold_loss":86.0,"damage_taken":0.0,"relics_obtained":["Sundial"]}],"is_beta":true,"boss_relics":[{"not_picked":["Coffee Dripper","Tiny House"],"picked":"Astrolabe"},{"not_picked":["Runic Pyramid","Fusion Hammer"],"picked":"HoveringKite"}],"items_purged_floors":[13,30,46],"is_endless":false,"potions_floor_spawned":[8,10,14,16,22,27,29,33,35,39,44,47,54],"killed_by":"The Heart","ascension_level":17}}