{"host":"hnfelxnirsihwvcb","time":1609980589,"event":{"mods":["BaseMod","Colored Map","DeckTracker","Highlight Path","Minty Spire (QoL Compilation)","Quick Restart","Relic Sorter","Relic Stats","Shop Mod","StSLib","SuperFastMode"],"gold_per_floor":[119,136,211,211,223,254,254,273,273,273,283,283,303,318,318,414,414,424,424,339,354,354,354,354,354,354,354,354,354],"floor_reached":28,"playtime":1107,"items_purged":[],"score":298,"play_id":"732b0953-bc7e-4d96-8afd-7edc0d6296a3","local_time":"20210107014949","is_ascension_mode":true,"campfire_choices":[{"floor":7,"key":"REST"},{"floor":10,"key":"REST"},{"data":"Coolheaded","floor":12,"key":"SMITH"},{"data":"Zap","floor":15,"key":"SMITH"},{"floor":23,"key":"REST"},{"floor":25,"key":"REST"},{"data":"Creative AI","floor":27,"key":"SMITH"}],"circlet_count":0,"master_deck":["Strike_B","Strike_B","Strike_B","Defend_B","Defend_B","Defend_B","Defend_B","Zap+1","Dualcast","Glacier+1","Barrage","Barrage","Reinforced Body","Gash","Coolheaded+1","Gash","Conserve Battery","Creative AI+1","CurseOfTheBell","Gash","Ghostly","Ghostly+1","Ghostly","Ghostly","Ghostly","Steam Power"],"relics":["Cracked Core","NeowsBlessing","Potion Belt","MealTicket","Calling Bell","Art of War","Symbiotic Virus","Dead Branch","Matryoshka","Enchiridion","Tiny Chest","War Paint"],"acts_visited":["Exordium","TheCity"],"potions_floor_usage":[6,16],"damage_taken":[{"damage":0,"enemies":"Cultist","floor":1,"turns":1},{"damage":0,"enemies":"2 Louse","floor":2,"turns":1},{"damage":0,"enemies":"Small Slimes","floor":5,"turns":1},{"damage":33,"enemies":"Lagavulin","floor":6,"turns":9},{"damage":14,"enemies":"Exordium Thugs","floor":8,"turns":5},{"damage":8,"enemies":"Red Slaver","floor":11,"turns":4},{"damage":0,"enemies":"2 Fungi Beasts","floor":13,"turns":3},{"damage":0,"enemies":"Large Slime","floor":14,"turns":5},{"damage":32,"enemies":"Hexaghost","floor":16,"turns":11},{"damage":24,"enemies":"Chosen","floor":18,"turns":5},{"damage":1,"enemies":"Shell Parasite","floor":21,"turns":6},{"damage":49,"enemies":"Gremlin Leader","floor":28,"turns":9}],"seed_played":"-1592915447512969651","potions_obtained":[{"floor":5,"key":"Ancient Potion"},{"floor":13,"key":"AttackPotion"},{"floor":18,"key":"FocusPotion"}],"is_trial":false,"path_per_floor":["M","M","?","?","M","E","R","M","T","R","M","R","M","M","R","B",null,"M","?","?","M","?","R","?","R","T","R","E"],"character_chosen":"DEFECT","items_purchased":[],"campfire_rested":4,"item_purchase_floors":[],"current_hp_per_floor":[75,75,64,64,64,31,53,39,39,61,53,53,53,53,53,21,62,38,37,37,36,20,31,27,39,39,39,0,0],"gold":354,"neow_bonus":"THREE_ENEMY_KILL","is_daily":false,"chose_seed":false,"campfire_upgraded":3,"win_rate":0.0,"timestamp":1609980589,"path_taken":["M","?","?","?","M","E","R","M","T","R","M","R","?","M","R","BOSS","M","?","?","M","?","R","?","R","T","R","E"],"items_purchased_type":[],"build_version":"2020-12-22","purchased_purges":0,"victory":false,"max_hp_per_floor":[75,75,75,75,75,75,75,75,75,75,75,75,75,75,75,75,75,75,37,37,37,37,37,42,42,42,42,42,42],"relic_stats":{"counters":[12,60],"Dead Branch":[12],"MealTicket":0,"Tiny Chest":0,"Art of War":[1],"War Paint":["Ghostly","Glacier"],"obtain_stats":[{"Potion Belt":6,"Calling Bell":17,"Matryoshka":20,"NeowsBlessing":0,"Dead Branch":17,"Enchiridion":22,"MealTicket":9,"Tiny Chest":26,"Art of War":17,"War Paint":26,"Cracked Core":0,"Symbiotic Virus":17},{"Potion Belt":4,"Calling Bell":9,"Matryoshka":10,"NeowsBlessing":0,"Dead Branch":9,"Enchiridion":11,"MealTicket":5,"Tiny Chest":11,"Art of War":9,"War Paint":11,"Cracked Core":0,"Symbiotic Virus":9},{"Potion Belt":12,"Calling Bell":40,"Matryoshka":45,"NeowsBlessing":0,"Dead Branch":40,"Enchiridion":51,"MealTicket":17,"Tiny Chest":51,"Art of War":40,"War Paint":51,"Cracked Core":0,"Symbiotic Virus":40}]},"card_choices":[{"not_picked":["Rebound","Rip and Tear"],"picked":"Glacier","floor":1},{"not_picked":["Chill","Leap"],"picked":"Barrage","floor":2},{"not_picked":["Compile Driver","Go for the Eyes"],"picked":"Barrage","floor":5},{"not_picked":["Blizzard","Machine Learning"],"picked":"Reinforced Body","floor":6},{"not_picked":["Barrage","Leap"],"picked":"Gash","floor":8},{"not_picked":["Compile Driver","Conserve Battery"],"picked":"Coolheaded","floor":11},{"not_picked":["Beam Cell","Amplify"],"picked":"Gash","floor":13},{"not_picked":["Coolheaded","Leap"],"picked":"Conserve Battery","floor":14},{"not_picked":["Echo Form","Biased Cognition"],"picked":"Creative AI","floor":16},{"not_picked":["Turbo","Reinforced Body"],"picked":"Gash","floor":18},{"not_picked":["Capacitor+1","Hologram"],"picked":"Steam Power","floor":21}],"player_experience":786268,"relics_obtained":[{"floor":6,"key":"Potion Belt"},{"floor":9,"key":"MealTicket"},{"floor":17,"key":"Art of War"},{"floor":17,"key":"Symbiotic Virus"},{"floor":17,"key":"Dead Branch"},{"floor":22,"key":"Enchiridion"},{"floor":26,"key":"Tiny Chest"},{"floor":26,"key":"War Paint"}],"event_choices":[{"damage_healed":0,"gold_gain":75,"player_choice":"Gather Gold","damage_taken":11,"max_hp_gain":0,"max_hp_loss":0,"event_name":"World of Goop","floor":3,"gold_loss":0},{"cards_removed":["Strike_B"],"damage_healed":0,"gold_gain":0,"player_choice":"Purged","damage_taken":0,"max_hp_gain":0,"max_hp_loss":0,"event_name":"Purifier","floor":4,"gold_loss":0},{"damage_healed":0,"gold_gain":0,"player_choice":"Became a Ghost","damage_taken":0,"max_hp_gain":0,"max_hp_loss":38,"event_name":"Ghosts","floor":19,"gold_loss":0,"cards_obtained":["Ghostly","Ghostly","Ghostly","Ghostly","Ghostly"]},{"damage_healed":0,"gold_gain":0,"player_choice":"Obtained Relic","damage_taken":0,"relics_obtained":["Matryoshka"],"max_hp_gain":0,"max_hp_loss":0,"event_name":"Addict","floor":20,"gold_loss":85},{"damage_healed":0,"gold_gain":0,"player_choice":"Obtained Book","damage_taken":16,"max_hp_gain":0,"max_hp_loss":0,"event_name":"Cursed Tome","floor":22,"gold_loss":0},{"damage_healed":0,"gold_gain":0,"player_choice":"Shed Blood","damage_taken":9,"max_hp_gain":5,"max_hp_loss":0,"event_name":"Forgotten Altar","floor":24,"gold_loss":0}],"is_beta":false,"boss_relics":[{"not_picked":["Runic Dome","Sozu"],"picked":"Calling Bell"}],"items_purged_floors":[],"is_endless":false,"potions_floor_spawned":[5,13,18],"killed_by":"Gremlin Leader","ascension_level":5}}