{"host":"49hkj3l623wd5n00","time":1609990090,"event":{"mods":["2.2 Compatiblity","AchievementEnabler","Act Like it!","Aspiration","Astrologer","BaseMod","Better Altar","Better Match","Better Note","Better Skull","Better Third Choice","Better Vampires","Better-Laid Plans","BetterRewards","CCEM","CapriCore","Colored Map","Colored Powertips","Conspire","Displayed Cursed Tome","Downfall","Elementarium","Friendly Minions","Gensokyo","GifTheSpireLib","Hallownest","Hermit","Hubris","Ironclad Rager","Jorbs\u0027s Wanderer Trilogy","Koishi","MarisaÅiñ∂âJÅ@ñÇóùçπÅj","Menagerie","Mimic Mod","Minty Spire (QoL Compilation)","Pale of the Ancients","Permanent Neow","Quick Restart","Rare Cards Sparkle","Replay The Spire","Retaliation","Shade Mod","Spicy Shops","StSLib","Stuff the Spire","The Blackbeard","The Bug Knight","The Construct","The Cursed","The Druid","The Hierophant","The IronCluck","The Marked","The Runesmith","The Servant 0.9.4","The Vixen","The Wild Card","TheHero","Yuri Mod","slay the spire mod where everything is the same but ironclad has a cowboy hat"],"gold_per_floor":[99,116,216,236,236,236,276,296,331,343,343,356,356,356,371,387,402,502,502,502,516,529,539,550,584,608,639,120,45,45,56,76,76,86,183,183,108,120,120,120,132,164,242,259,290,215,246,246,278,268,288,288,288,315,49,49,49],"floor_reached":58,"playtime":4977,"items_purged":["champ:Strike","champ:FalseCounter+1","champ:Defend"],"score":1548,"play_id":"ea27c7d2-6351-481d-b66a-3e4b274c8f70","local_time":"20210106222810","is_ascension_mode":false,"campfire_choices":[{"floor":1.0,"key":"DIG"},{"data":"theWildCard:Metatron","floor":6.0,"key":"SMITH"},{"floor":11.0,"key":"REST"},{"floor":20.0,"key":"RECALL"},{"data":"champ:CalledShot","floor":29.0,"key":"SMITH"},{"data":"champ:StrikeOfGenius","floor":37.0,"key":"SMITH"},{"data":"champ:PerfectForm","floor":46,"key":"SMITH"},{"data":"champ:SwordThrow","floor":56,"key":"SMITH"}],"circlet_count":0,"master_deck":["champ:Strike","champ:Strike+1","champ:Defend","champ:Defend","champ:Execute","champ:Taunt","champ:Backstep","champ:Lariat","champ:GutPunch","theWildCard:Metatron+1","champ:PerfectForm+1","champ:CalledShot+1","champ:SwordThrow","champ:ShieldWall","champ:RisingSlash","champ:RapidStrikes+1","champ:Encircle","champ:StrikeOfGenius+1","champ:RapidStrikes+1","champ:BringItOn+1","champ:GladiatorStyle","champ:GladiatorStyle","sneckomod:RainOfDice","Pot Of Greed","Pot Of Greed","Pot Of Greed","champ:ArenaPreparation","champ:SwordThrow+1","champ:CrookedStrike"],"relics":["StuffTheSpire:Kangaroo","hubris:Metronome","CloakClasp","ReplayTheSpireMod:Lightbulb","hubris:64BitClover","Empty Cage","Guardian:GemstoneGun","hubris:PeanutButter","Whetstone","conspire:TopHat","Mummified Hand","Bottled Lightning","downfall:HeartBlessingRed","MutagenicStrength","WingedGreaves","construct:ClawGrip","downfall:HeartBlessingGreen","hubris:Towel","Gremlin Horn","StuffTheSpire:HeavyRock","Replay:WaspNest","downfall:HeartBlessingBlue","StuffTheSpire:ForceGauntlet","StuffTheSpire:Experiment12","Grinning Jar","Calipers"],"acts_visited":["Exordium","TheCity","TheBeyond","TheEnding"],"potions_floor_usage":[41],"damage_taken":[{"damage":0.0,"enemies":"2 Louse","floor":2.0,"turns":3.0},{"damage":71.0,"enemies":"2 Louse","floor":3.0,"turns":8.0},{"damage":5.0,"enemies":"Small Slimes","floor":4.0,"turns":2.0},{"damage":0.0,"enemies":"Jaw Worm","floor":7.0,"turns":3.0},{"damage":7.0,"enemies":"Jaw Worm","floor":8.0,"turns":3.0},{"damage":5.0,"enemies":"3 Sentries","floor":9.0,"turns":4.0},{"damage":7.0,"enemies":"Lots of Slimes","floor":10.0,"turns":2.0},{"damage":18.0,"enemies":"Exordium Wildlife","floor":12.0,"turns":5.0},{"damage":0.0,"enemies":"2 Fungi Beasts","floor":15.0,"turns":2.0},{"damage":10.0,"enemies":"3 Louse","floor":16.0,"turns":3.0},{"damage":0.0,"enemies":"2 Fungi Beasts","floor":17.0,"turns":1.0},{"damage":35.0,"enemies":"downfall:Silent","floor":18.0,"turns":8.0},{"damage":25.0,"enemies":"Spheric Guardian","floor":21.0,"turns":4.0},{"damage":5.0,"enemies":"Chosen","floor":22.0,"turns":3.0},{"damage":3.0,"enemies":"Snecko","floor":23.0,"turns":3.0},{"damage":3.0,"enemies":"3 Cultists","floor":24.0,"turns":2.0},{"damage":25.0,"enemies":"Gremlin Leader","floor":25.0,"turns":4.0},{"damage":0.0,"enemies":"conspire:SneckoGhost","floor":27.0,"turns":3.0},{"damage":4.0,"enemies":"downfall:FleeingMerchant","floor":28.0,"turns":4.0},{"damage":9.0,"enemies":"Snake Plant","floor":31.0,"turns":2.0},{"damage":0.0,"enemies":"Centurion and Healer","floor":32.0,"turns":2.0},{"damage":0.0,"enemies":"Snecko","floor":34.0,"turns":1.0},{"damage":5.0,"enemies":"downfall:Defect","floor":35.0,"turns":4.0},{"damage":0.0,"enemies":"Orb Walker","floor":38.0,"turns":2.0},{"damage":0,"enemies":"3 Darklings","floor":41,"turns":2},{"damage":1,"enemies":"Reptomancer","floor":42,"turns":2},{"damage":21,"enemies":"Maw","floor":44,"turns":3},{"damage":20,"enemies":"Giant Head","floor":45,"turns":4},{"damage":3,"enemies":"HollowMod:StalkingDevout","floor":47,"turns":4},{"damage":12,"enemies":"Giant Head","floor":49,"turns":4},{"damage":0,"enemies":"downfall:FleeingMerchant","floor":50,"turns":4},{"damage":7,"enemies":"Transient","floor":51,"turns":3},{"damage":4,"enemies":"downfall:Ironclad","floor":52,"turns":4},{"damage":58,"enemies":"downfall:CharBossMerchant","floor":54,"turns":4},{"damage":19,"enemies":"downfall:NeowBoss","floor":57,"turns":12}],"seed_played":"-2950211956678873047","potions_obtained":[{"floor":3.0,"key":"Reflective Coating"},{"floor":8.0,"key":"SpeedPotion"},{"floor":9.0,"key":"Doom Potion"},{"floor":16.0,"key":"GamblersBrew"},{"floor":17.0,"key":"Explosive Potion"},{"floor":21.0,"key":"SkillPotion"},{"floor":25.0,"key":"Toxic Potion"},{"floor":27.0,"key":"SpeedPotion"},{"floor":32.0,"key":"champ:OpenerPotion"},{"floor":35.0,"key":"champ:CounterPotion"},{"floor":42,"key":"AttackPotion"},{"floor":44,"key":"Strength Potion"},{"floor":54,"key":"Guardian:BlockOnCardUsePotion"}],"is_trial":false,"path_per_floor":["R_BF","M","?","M","?","R","MIM","M","E","M","R","M","PTL","PTL","M","M","M","B",null,"R_BF","M","M","M","M","E","T","E","$","R","?","M","M","?","M","B",null,"R","M","?","?","M","E","T","M","E","R","E","?","E","$","M","B",null,"E","$","R","B",null],"character_chosen":"THE_CHAMP","items_purchased":["Mummified Hand","champ:GladiatorStyle","Bottled Lightning","Grinning Jar","champ:ArenaPreparation","champ:CrookedStrike"],"campfire_rested":1,"item_purchase_floors":[28,28,28,50,50,55],"current_hp_per_floor":[90,90,34,35,35,35,35,32,33,33,60,46,46,46,46,36,36,25,90,90,83,83,85,87,90,90,90,90,90,90,90,90,90,90,88,90,90,90,90,90,90,90,90,81,79,89,100,100,100,100,100,100,100,85,85,85,100],"gold":49,"neow_bonus":"BOSS_RELIC","is_daily":false,"chose_seed":false,"campfire_upgraded":5,"win_rate":0.0,"timestamp":1609990090,"path_taken":["R_BF","M","?","M","?","R","MIM","M","E","M","R","M","PTL","PTL","M","M","M","BOSS","R_BF","M","M","M","M","E","T","E","$","R","?","M","?","?","M","BOSS","R","M","?","?","M","E","T","M","E","R","E","?","E","$","M","BOSS","E","$","R","BOSS"],"items_purchased_type":["Relic","Card","Relic","Relic","Card","Card"],"build_version":"2020-12-22","purchased_purges":3,"victory":true,"max_hp_per_floor":[90,90,90,90,90,90,90,90,90,90,90,90,90,90,90,90,90,90,90,90,90,90,90,90,90,90,90,90,90,90,90,90,90,90,90,90,90,90,90,90,90,90,90,90,90,100,100,100,100,100,100,100,100,100,100,100,100],"card_choices":[{"not_picked":["champ:Haymaker","champ:CrookedStrike"],"picked":"champ:Backstep","floor":2.0},{"not_picked":["champ:Circumvent","champ:Riposte"],"picked":"champ:Lariat","floor":3.0},{"not_picked":["champ:CrookedStrike","champ:Circumvent"],"picked":"champ:GutPunch","floor":4.0},{"not_picked":["champ:FalseCounter","champ:EndlessRage"],"picked":"champ:PerfectForm","floor":7.0},{"not_picked":["champ:AdrenalArmor","champ:DefensiveShout","champ:Circumvent"],"picked":"SKIP","floor":8.0},{"not_picked":["champ:Riposte","champ:ShieldWall"],"picked":"champ:CalledShot","floor":9.0},{"not_picked":["champ:Haymaker","champ:DefensiveShout"],"picked":"champ:SwordThrow","floor":10.0},{"not_picked":["champ:DefensiveShout","champ:GladiatorsShout"],"picked":"champ:ShieldWall","floor":12.0},{"not_picked":["champ:Backstep","champ:FanOfKnives"],"picked":"champ:RisingSlash","floor":15.0},{"not_picked":["champ:Riposte","champ:BerserkersShout"],"picked":"champ:RapidStrikes","floor":16.0},{"not_picked":["champ:Circumvent","champ:FocusedDefense"],"picked":"champ:Encircle","floor":17.0},{"not_picked":["champ:DancingMaster","champ:MurderStrike"],"picked":"champ:StrikeOfGenius","floor":18.0},{"not_picked":["champ:SkillfulDodge","champ:Shatter"],"picked":"champ:RapidStrikes+1","floor":21.0},{"not_picked":["champ:FanOfKnives","champ:Lariat+1"],"picked":"champ:BringItOn+1","floor":22.0},{"not_picked":["champ:PerfectedStrike","champ:Lariat","champ:FlashCut"],"picked":"SKIP","floor":23.0},{"not_picked":["champ:Circumvent+1","champ:BringItOn","champ:HeavySlash"],"picked":"SKIP","floor":24.0},{"not_picked":["champ:PerfectedStrike","champ:Haymaker+1"],"picked":"champ:FalseCounter+1","floor":25.0},{"not_picked":["champ:StanceDance","champ:DefensiveShout","champ:TornadoPunch+1"],"picked":"SKIP","floor":27.0},{"not_picked":["champ:EnragedBash","champ:GladiatorsShout","champ:Backstep"],"picked":"SKIP","floor":28.0},{"not_picked":["champ:GutPunch","champ:StanceDance","champ:TornadoPunch"],"picked":"SKIP","floor":31.0},{"not_picked":["champ:Backstep","champ:ViciousMockery+1","champ:IronFortress+1"],"picked":"SKIP","floor":32.0},{"not_picked":["champ:BerserkersShout+1","champ:BladeFlurry","champ:FocusedBerserking"],"picked":"SKIP","floor":34.0},{"not_picked":["champ:DefensiveStyle","champ:DefensiveShout+1","champ:FanOfKnives+1"],"picked":"SKIP","floor":38.0},{"not_picked":["champ:TornadoPunch+1","champ:Lariat","champ:GladiatorsShout+1"],"picked":"SKIP","floor":41},{"not_picked":["champ:Haymaker+1","champ:GutPunch+1","champ:FanOfKnives+1"],"picked":"SKIP","floor":42},{"not_picked":["champ:StanceDance+1","champ:CrookedStrike","champ:Circumvent+1"],"picked":"SKIP","floor":44},{"not_picked":["champ:GladiatorsShout","champ:RecklessLeap","champ:StanceDance+1"],"picked":"SKIP","floor":45},{"not_picked":["champ:FanOfKnives","champ:ShieldWall+1","champ:PreciseThrust"],"picked":"SKIP","floor":47},{"not_picked":["champ:FaceSlap","champ:RapidStrikes","champ:BerserkersShout+1"],"picked":"SKIP","floor":49},{"not_picked":["champ:FocusedDefense","champ:Haymaker","champ:DefensiveShout"],"picked":"SKIP","floor":50},{"not_picked":["champ:GladiatorsShout","champ:PerfectedStrike","champ:TornadoPunch+1"],"picked":"SKIP","floor":51},{"not_picked":["champ:RecklessLeap+1","champ:BladeFlurry"],"picked":"champ:SwordThrow","floor":54}],"player_experience":1076306,"relics_obtained":[{"floor":1.0,"key":"hubris:Metronome"},{"floor":3.0,"key":"CloakClasp"},{"floor":7.0,"key":"ReplayTheSpireMod:Lightbulb"},{"floor":9.0,"key":"hubris:64BitClover"},{"floor":21.0,"key":"Guardian:GemstoneGun"},{"floor":25.0,"key":"hubris:PeanutButter"},{"floor":26.0,"key":"Whetstone"},{"floor":27.0,"key":"conspire:TopHat"},{"floor":35.0,"key":"WingedGreaves"},{"floor":42,"key":"StuffTheSpire:HeavyRock"},{"floor":45,"key":"Replay:WaspNest"},{"floor":47,"key":"StuffTheSpire:ForceGauntlet"},{"floor":49,"key":"StuffTheSpire:Experiment12"},{"floor":54,"key":"Calipers"}],"event_choices":[{"cards_removed":["champ:GladiatorStyle"],"damage_healed":0.0,"max_hp_gain":0.0,"max_hp_loss":0.0,"gold_gain":0.0,"event_name":"betterNote:BetterNote","player_choice":"Take \u0026 Give","floor":30.0,"gold_loss":0.0,"damage_taken":0.0,"cards_obtained":["sneckomod:RainOfDice"]},{"damage_healed":0.0,"max_hp_gain":0.0,"max_hp_loss":0.0,"gold_gain":0.0,"event_name":"Drug Dealer","player_choice":"Inject Mutagens","floor":33.0,"gold_loss":0.0,"damage_taken":0.0,"relics_obtained":["MutagenicStrength"]}],"is_beta":false,"boss_relics":[{"not_picked":["Black Star","CCEMRelics:TransientCore"],"picked":"Empty Cage"},{"not_picked":["ChewingGum","hubris:HollowSoul"],"picked":"construct:ClawGrip"}],"items_purged_floors":[28,50,55],"is_endless":false,"potions_floor_spawned":[3,8,9,16,17,21,25,27,32,35,42,44,51,54],"ascension_level":0}}