{"host":"jn2qdns2nxijvlnt","time":1609987803,"event":{"mods":["BaseMod","Minty Spire (QoL Compilation)","Quick Restart"],"gold_per_floor":[119,119,119,132,151,151,185,264,264,278,290,343,343,358,358,454,454,470,505,505,521,30,30,59,59,59,89,89,104,121,121,121,121,121],"floor_reached":33,"playtime":1958,"items_purged":[],"score":403,"play_id":"f2548b12-aa5c-4305-89ce-27fd9d2a048c","local_time":"20210106215003","is_ascension_mode":true,"campfire_choices":[{"floor":6,"key":"REST"},{"floor":13,"key":"REST"},{"data":"Cloak And Dagger","floor":15,"key":"SMITH"},{"floor":23,"key":"REST"},{"floor":28,"key":"REST"},{"floor":32,"key":"REST"}],"circlet_count":0,"master_deck":["Strike_G","Strike_G","Strike_G","Strike_G+1","Strike_G","Defend_G","Defend_G","Defend_G+1","Defend_G","Defend_G","Survivor","Neutralize","Cloak And Dagger+1","Backstab","Masterful Stab","Dash","Backstab","Caltrops","Dagger Spray","After Image","Backflip+1","Masterful Stab","Accuracy+1","Footwork+1","Slice"],"relics":["Ring of the Snake","Vajra","Strawberry","Meat on the Bone","Lantern","SlaversCollar","Red Mask","MutagenicStrength","Omamori","Bottled Flame","Smiling Mask","Frozen Egg 2","Bottled Lightning"],"acts_visited":["Exordium","TheCity"],"potions_floor_usage":[5,16,16,16,18,24,24,24,30],"damage_taken":[{"damage":2,"enemies":"Cultist","floor":1,"turns":4},{"damage":1,"enemies":"Small Slimes","floor":4,"turns":3},{"damage":0,"enemies":"Jaw Worm","floor":5,"turns":2},{"damage":11,"enemies":"3 Sentries","floor":7,"turns":7},{"damage":0,"enemies":"Exordium Thugs","floor":10,"turns":3},{"damage":0,"enemies":"Lots of Slimes","floor":11,"turns":3},{"damage":0,"enemies":"Looter","floor":14,"turns":1},{"damage":7,"enemies":"Hexaghost","floor":16,"turns":9},{"damage":4,"enemies":"Chosen","floor":18,"turns":4},{"damage":15,"enemies":"Masked Bandits","floor":19,"turns":5},{"damage":2,"enemies":"2 Thieves","floor":21,"turns":4},{"damage":0,"enemies":"Gremlin Leader","floor":24,"turns":5},{"damage":17,"enemies":"Book of Stabbing","floor":27,"turns":4},{"damage":32,"enemies":"Snake Plant","floor":29,"turns":5},{"damage":0,"enemies":"Sentry and Sphere","floor":30,"turns":3},{"damage":77,"enemies":"Automaton","floor":33,"turns":12}],"seed_played":"7416872548570646540","potions_obtained":[{"floor":1,"key":"Swift Potion"},{"floor":5,"key":"Weak Potion"},{"floor":11,"key":"SpeedPotion"},{"floor":14,"key":"Energy Potion"},{"floor":16,"key":"DuplicationPotion"},{"floor":19,"key":"PowerPotion"},{"floor":21,"key":"Strength Potion"},{"floor":29,"key":"Explosive Potion"}],"is_trial":false,"path_per_floor":["M","?","?","M","M","R","E","T","T","M","M","?","R","M","R","B",null,"M","?","?","M","$","R","E","?","T","E","R","M","M","?","R","B"],"character_chosen":"THE_SILENT","items_purchased":["Omamori","Bottled Flame","Masterful Stab","AttackPotion"],"campfire_rested":5,"item_purchase_floors":[22,22,22,22],"current_hp_per_floor":[68,43,28,27,27,50,46,46,46,46,46,46,71,71,71,64,79,75,60,60,58,58,83,83,83,83,66,84,52,52,52,77,0,0],"gold":121,"neow_bonus":"TEN_PERCENT_HP_BONUS","is_daily":false,"chose_seed":false,"campfire_upgraded":1,"win_rate":0.0,"timestamp":1609987803,"path_taken":["M","?","?","?","M","R","E","?","T","?","M","?","R","M","R","BOSS","M","?","?","M","$","R","E","?","T","E","R","M","M","?","R","BOSS"],"items_purchased_type":["Relic","Relic","Card","Potion"],"build_version":"2020-12-22","purchased_purges":0,"victory":false,"max_hp_per_floor":[77,77,77,77,77,77,84,84,84,84,84,84,84,84,84,84,84,84,84,84,84,84,84,84,84,84,84,84,84,84,84,84,84,84],"card_choices":[{"not_picked":["Finisher","Acrobatics"],"picked":"Cloak And Dagger","floor":1},{"not_picked":["Dagger Spray","Sucker Punch"],"picked":"Backstab","floor":4},{"not_picked":["Dodge and Roll","Bane"],"picked":"Masterful Stab","floor":5},{"not_picked":["Dodge and Roll","Infinite Blades"],"picked":"Dash","floor":7},{"not_picked":["Blade Dance","Backflip"],"picked":"Backstab","floor":10},{"not_picked":["Deadly Poison","PiercingWail"],"picked":"Caltrops","floor":11},{"not_picked":["Choke","Reflex"],"picked":"Dagger Spray","floor":14},{"not_picked":["Night Terror","Corpse Explosion"],"picked":"After Image","floor":16},{"not_picked":["Dodge and Roll","Acrobatics+1","Sucker Punch"],"picked":"SKIP","floor":18},{"not_picked":["Noxious Fumes","Deflect+1"],"picked":"Backflip+1","floor":21},{"not_picked":["Grand Finale","Dagger Spray"],"picked":"Accuracy+1","floor":24},{"not_picked":["Setup+1","Deflect"],"picked":"Footwork+1","floor":27},{"not_picked":["PiercingWail","Flechettes","Dagger Throw"],"picked":"SKIP","floor":29},{"not_picked":["Dodge and Roll","Noxious Fumes+1"],"picked":"Slice","floor":30}],"player_experience":493773,"relics_obtained":[{"floor":7,"key":"Strawberry"},{"floor":8,"key":"Meat on the Bone"},{"floor":9,"key":"Lantern"},{"floor":19,"key":"Red Mask"},{"floor":24,"key":"Smiling Mask"},{"floor":26,"key":"Frozen Egg 2"},{"floor":27,"key":"Bottled Lightning"}],"event_choices":[{"damage_healed":0,"gold_gain":0,"player_choice":"Success","damage_taken":25,"relics_obtained":["Vajra"],"max_hp_gain":0,"max_hp_loss":0,"event_name":"Scrap Ooze","floor":2,"gold_loss":0},{"damage_healed":0,"gold_gain":0,"player_choice":"Entered Light","damage_taken":15,"max_hp_gain":0,"max_hp_loss":0,"event_name":"Shining Light","floor":3,"gold_loss":0,"cards_upgraded":["Defend_G","Strike_G"]},{"damage_healed":0,"gold_gain":53,"player_choice":"Gained Gold","damage_taken":0,"max_hp_gain":0,"max_hp_loss":0,"event_name":"Golden Wing","floor":12,"gold_loss":0},{"damage_healed":0,"gold_gain":0,"player_choice":"Fought Bandits","damage_taken":0,"max_hp_gain":0,"max_hp_loss":0,"event_name":"Masked Bandits","floor":19,"gold_loss":0},{"damage_healed":0,"gold_gain":0,"player_choice":"Inject Mutagens","damage_taken":0,"relics_obtained":["MutagenicStrength"],"max_hp_gain":0,"max_hp_loss":0,"event_name":"Drug Dealer","floor":20,"gold_loss":0},{"damage_healed":0,"gold_gain":0,"player_choice":"Smashed Altar","damage_taken":0,"max_hp_gain":0,"max_hp_loss":0,"event_name":"Forgotten Altar","floor":25,"gold_loss":0,"cards_obtained":["Decay"]},{"damage_healed":0,"gold_gain":0,"player_choice":"Ignored","damage_taken":0,"max_hp_gain":0,"max_hp_loss":0,"event_name":"Vampires","floor":31,"gold_loss":0}],"is_beta":false,"boss_relics":[{"not_picked":["Ectoplasm","Astrolabe"],"picked":"SlaversCollar"}],"items_purged_floors":[],"is_endless":false,"potions_floor_spawned":[1,5,11,14,16,19,21,29],"killed_by":"Automaton","ascension_level":6}}