{"host":"ygfasg9u7olr7skw","time":1609983513,"event":{"mods":["AchievementEnabler","BaseMod","Better Note","Better Vampires","Colored Powertips","Minty Spire (QoL Compilation)","Replay The Spire","Spicy Shops","StSLib","The IronCluck"],"gold_per_floor":[115,115,115,127,146,146,166,166,193,193,211,231,242,24,24,24,24],"floor_reached":16,"playtime":651,"items_purged":[],"score":94,"play_id":"86317550-905d-4d8f-87cd-0f2dc1edb010","local_time":"20210106203833","is_ascension_mode":false,"campfire_choices":[{"data":"Poisoned Stab","floor":6.0,"key":"SMITH"},{"data":"Neutralize","floor":8.0,"key":"SMITH"},{"data":"Defend_G","floor":10.0,"key":"SMITH"},{"floor":15.0,"key":"REST"}],"circlet_count":0,"master_deck":["Strike_G+1","Strike_G","Strike_G","Strike_G","Defend_G","Defend_G","Defend_G","Defend_G","Defend_G+1","Neutralize+1","Poisoned Stab+1","Prepared+1","Bouncing Flask+1"],"relics":["Ring of the Snake","Toy Ornithopter","Nunchaku","Guide Book"],"acts_visited":["Exordium"],"potions_floor_usage":[],"damage_taken":[{"damage":5.0,"enemies":"Jaw Worm","floor":1.0,"turns":5.0},{"damage":0.0,"enemies":"2 Louse","floor":4.0,"turns":3.0},{"damage":1.0,"enemies":"Cultist","floor":5.0,"turns":3.0},{"damage":0.0,"enemies":"Large Slime","floor":7.0,"turns":5.0},{"damage":3.0,"enemies":"3 Louse","floor":11.0,"turns":2.0},{"damage":9.0,"enemies":"Exordium Thugs","floor":12.0,"turns":5.0},{"damage":3.0,"enemies":"Large Slime","floor":13.0,"turns":4.0},{"damage":0,"enemies":"Fading Forest","floor":16,"turns":1}],"seed_played":"-5532256216061703477","potions_obtained":[{"floor":7.0,"key":"Explosive Potion"},{"floor":12.0,"key":"Elixir"}],"is_trial":false,"path_per_floor":["M","?","?","M","M","R","M","R","T","R","M","M","M","$","R","B"],"character_chosen":"THE_SILENT","items_purchased":["Nunchaku","Guide Book"],"campfire_rested":1,"item_purchase_floors":[14,14],"current_hp_per_floor":[72,65,65,65,64,64,64,64,64,64,61,52,49,49,72,72,72],"gold":24,"neow_bonus":"TEN_PERCENT_HP_BONUS","is_daily":false,"chose_seed":false,"campfire_upgraded":3,"win_rate":0.0,"timestamp":1609983513,"path_taken":["M","?","?","M","M","R","?","R","T","R","M","M","M","$","R","BOSS"],"items_purchased_type":["Relic","Relic"],"build_version":"2020-12-22","purchased_purges":0,"victory":false,"max_hp_per_floor":[77,77,77,77,77,77,77,77,77,77,77,77,77,77,77,77,77],"card_choices":[{"not_picked":["Deflect","Backflip"],"picked":"Poisoned Stab","floor":1.0},{"not_picked":["Eviscerate","Slice","Backstab"],"picked":"SKIP","floor":4.0},{"not_picked":["Quick Slash","Underhanded Strike","Flying Knee"],"picked":"SKIP","floor":5.0},{"not_picked":["After Image","Caltrops","Outmaneuver"],"picked":"SKIP","floor":7.0},{"not_picked":["Slice","Endless Agony"],"picked":"Bouncing Flask","floor":11.0},{"not_picked":["Dodge and Roll","Sucker Punch","Prepared"],"picked":"SKIP","floor":12.0},{"not_picked":["Cloak And Dagger","Caltrops","Heel Hook"],"picked":"SKIP","floor":13.0}],"player_experience":211509,"relics_obtained":[{"floor":9.0,"key":"Toy Ornithopter"}],"event_choices":[{"cards_removed":["Strike_G"],"damage_healed":0.0,"max_hp_gain":0.0,"max_hp_loss":0.0,"gold_gain":0.0,"event_name":"Golden Wing","player_choice":"Card Removal","floor":2.0,"gold_loss":0.0,"damage_taken":7.0}],"is_beta":false,"boss_relics":[],"items_purged_floors":[],"is_endless":false,"potions_floor_spawned":[7,12],"killed_by":"Fading Forest","ascension_level":0}}