{"host":"l60rmjjsfi0fipmi","time":1609986139,"event":{"mods":["BaseMod","Colored Map","DeckTracker","Highlight Path","Minty Spire (QoL Compilation)"],"gold_per_floor":[110,110,124,14,32,32,65,82,106,106,129,129,8,31,31,31,31],"floor_reached":16,"playtime":734,"items_purged":[],"score":102,"play_id":"7a750527-74bd-44b8-9f70-3ee10599b78b","local_time":"20210106212219","is_ascension_mode":false,"campfire_choices":[{"data":"BattleHymn","floor":6,"key":"SMITH"},{"floor":15,"key":"REST"}],"circlet_count":0,"master_deck":["Strike_P+1","Strike_P","Strike_P","Strike_P","Defend_P","Defend_P","Defend_P","Defend_P","Eruption+1","Vigilance","FollowUp","Conclude","BattleHymn+1","FearNoEvil+1","Prostrate","Protect","Meditate","Halt","CrushJoints"],"relics":["PureWater","Art of War","Bronze Scales","Bag of Marbles","Golden Idol"],"acts_visited":["Exordium"],"potions_floor_usage":[16],"damage_taken":[{"damage":0,"enemies":"Jaw Worm","floor":1,"turns":3},{"damage":10,"enemies":"Small Slimes","floor":3,"turns":4},{"damage":0,"enemies":"Cultist","floor":5,"turns":2},{"damage":28,"enemies":"Gremlin Nob","floor":7,"turns":4},{"damage":0,"enemies":"Large Slime","floor":8,"turns":2},{"damage":0,"enemies":"Blue Slaver","floor":11,"turns":2},{"damage":0,"enemies":"Exordium Wildlife","floor":14,"turns":3},{"damage":42,"enemies":"The Guardian","floor":16,"turns":9}],"seed_played":"-8042470941409151489","potions_obtained":[{"floor":5,"key":"BlessingOfTheForge"},{"floor":7,"key":"Strength Potion"},{"floor":8,"key":"Energy Potion"}],"is_trial":false,"path_per_floor":["M","?","M","?","M","R","E","M","T","?","M","?","$","M","R","B"],"character_chosen":"WATCHER","items_purchased":["Meditate","Halt"],"campfire_rested":1,"item_purchase_floors":[13,13],"current_hp_per_floor":[72,72,62,62,62,62,34,34,34,34,34,21,21,21,41,0,0],"gold":31,"neow_bonus":"UPGRADE_CARD","is_daily":false,"chose_seed":false,"campfire_upgraded":1,"win_rate":0.0,"timestamp":1609986139,"path_taken":["M","?","M","?","?","R","E","M","T","?","M","?","?","M","R","BOSS"],"items_purchased_type":["Card","Card"],"build_version":"2020-12-22","purchased_purges":0,"victory":false,"max_hp_per_floor":[72,72,72,72,72,72,72,72,72,67,67,67,67,67,67,67,67],"card_choices":[{"not_picked":["Prostrate","CrushJoints"],"picked":"FollowUp","floor":1},{"not_picked":["EmptyBody","LikeWater"],"picked":"Conclude","floor":3},{"not_picked":["Evaluate","MentalFortress"],"picked":"BattleHymn","floor":5},{"not_picked":["Conclude","MentalFortress"],"picked":"FearNoEvil","floor":7},{"not_picked":["PathToVictory","Scrawl"],"picked":"Prostrate","floor":8},{"not_picked":["Prostrate","SignatureMove"],"picked":"Protect","floor":11},{"not_picked":["Weave","Protect"],"picked":"CrushJoints","floor":14}],"player_experience":259270,"relics_obtained":[{"floor":7,"key":"Bronze Scales"},{"floor":9,"key":"Bag of Marbles"}],"event_choices":[{"damage_healed":0,"gold_gain":0,"player_choice":"Ignored","damage_taken":0,"max_hp_gain":0,"max_hp_loss":0,"event_name":"Liars Game","floor":2,"gold_loss":0},{"damage_healed":0,"gold_gain":0,"player_choice":"Paid Gold","damage_taken":0,"relics_obtained":["Art of War"],"max_hp_gain":0,"max_hp_loss":0,"event_name":"WeMeetAgain","floor":4,"gold_loss":110},{"damage_healed":0,"gold_gain":0,"player_choice":"Lose Max HP","damage_taken":0,"relics_obtained":["Golden Idol"],"max_hp_gain":0,"max_hp_loss":5,"event_name":"Golden Idol","floor":10,"gold_loss":0},{"damage_healed":0,"gold_gain":0,"player_choice":"Entered Light","damage_taken":13,"max_hp_gain":0,"max_hp_loss":0,"event_name":"Shining Light","floor":12,"gold_loss":0,"cards_upgraded":["Strike_P","FearNoEvil"]}],"is_beta":false,"boss_relics":[],"items_purged_floors":[],"is_endless":false,"potions_floor_spawned":[5,7,8],"killed_by":"The Guardian","ascension_level":0}}