{"host":"pletss163z7s8pvv","time":1609986102,"event":{"mods":["AchievementEnabler","BaseMod","Colored Map","Colored Powertips","Minty Spire (QoL Compilation)"],"gold_per_floor":[114,129,144,159,174,204,379,379,404,419,419,419,434,464,464,564,564,579,599,0,15,50,50,80,80,80,119,134,149,188,188,188,297,297,337,377,31,46,86,86,113,113,113,113,51,66,406,446,446,446],"floor_reached":51,"playtime":1449,"items_purged":["Doubt"],"score":898,"play_id":"137febc9-a471-4ca4-a6de-7ddcb8370167","local_time":"20210106202142","daily_mods":["SealedDeck","Vintage","Lethality"],"is_ascension_mode":false,"campfire_choices":[{"data":"Prostrate","floor":8,"key":"SMITH"},{"data":"Prostrate","floor":11,"key":"SMITH"},{"floor":15,"key":"REST"},{"data":"Tantrum","floor":23,"key":"SMITH"},{"floor":25,"key":"REST"},{"data":"HandOfGreed","floor":32,"key":"SMITH"},{"data":"TalkToTheHand","floor":40,"key":"SMITH"},{"data":"Dramatic Entrance","floor":42,"key":"SMITH"},{"data":"Consecrate","floor":44,"key":"SMITH"},{"data":"Mind Blast","floor":49,"key":"SMITH"}],"circlet_count":0,"master_deck":["CutThroughFate","JustLucky+1","Nirvana+1","Wireheading","Protect","Swivel","Consecrate","Consecrate+1","Prostrate+1","Prostrate+1","EmptyFist+1","PathToVictory+1","Judgement+1","InnerPeace+1","Tantrum+1","HandOfGreed+1","Perseverance+1","PathToVictory+1","ClearTheMind+1","CrushJoints+1","Alpha+1","Prostrate+1","TalkToTheHand+1","FearNoEvil","Jack Of All Trades+1","Apotheosis+1","Dramatic Entrance+1","Mind Blast+1"],"relics":["PureWater","TeardropLocket","Shuriken","Bronze Scales","Matryoshka","Mercury Hourglass","Vajra","MealTicket","Potion Belt","Toxic Egg 2","Meat on the Bone","Incense Burner","Philosopher\u0027s Stone","Happy Flower","Red Mask","Eternal Feather","Mummified Hand","Anchor","Blood Vial","Smiling Mask","CeramicFish","Pen Nib","Question Card","The Courier","Lizard Tail","VioletLotus","Whetstone","HornCleat","PrismaticShard","Orichalcum","Ornamental Fan","Bottled Tornado","Pear","Frozen Egg 2","Old Coin","Dream Catcher"],"acts_visited":["Exordium","TheCity","TheBeyond"],"potions_floor_usage":[16,16,24,33,33,33,50,50,50],"damage_taken":[{"damage":2,"enemies":"Jaw Worm","floor":1,"turns":4},{"damage":0,"enemies":"2 Louse","floor":2,"turns":2},{"damage":0,"enemies":"Cultist","floor":3,"turns":3},{"damage":2,"enemies":"Looter","floor":4,"turns":3},{"damage":4,"enemies":"Large Slime","floor":5,"turns":4},{"damage":0,"enemies":"Gremlin Nob","floor":6,"turns":3},{"damage":6,"enemies":"Gremlin Gang","floor":10,"turns":3},{"damage":15,"enemies":"3 Louse","floor":13,"turns":2},{"damage":6,"enemies":"3 Sentries","floor":14,"turns":4},{"damage":34,"enemies":"Hexaghost","floor":16,"turns":4},{"damage":4,"enemies":"Chosen","floor":18,"turns":3},{"damage":0,"enemies":"Masked Bandits","floor":19,"turns":2},{"damage":0,"enemies":"Spheric Guardian","floor":21,"turns":1},{"damage":8,"enemies":"Centurion and Healer","floor":22,"turns":3},{"damage":38,"enemies":"Gremlin Leader","floor":24,"turns":3},{"damage":4,"enemies":"Slavers","floor":27,"turns":3},{"damage":11,"enemies":"Snecko","floor":28,"turns":3},{"damage":0,"enemies":"Sentry and Sphere","floor":29,"turns":2},{"damage":2,"enemies":"Book of Stabbing","floor":30,"turns":3},{"damage":0,"enemies":"Automaton","floor":33,"turns":5},{"damage":10,"enemies":"Orb Walker","floor":35,"turns":3},{"damage":24,"enemies":"3 Darklings","floor":36,"turns":3},{"damage":0,"enemies":"Maw","floor":38,"turns":6},{"damage":0,"enemies":"4 Shapes","floor":39,"turns":2},{"damage":8,"enemies":"Sphere and 2 Shapes","floor":46,"turns":2},{"damage":0,"enemies":"3 Darklings","floor":47,"turns":3},{"damage":0,"enemies":"Jaw Worm Horde","floor":48,"turns":3},{"damage":9,"enemies":"Time Eater","floor":50,"turns":5}],"seed_played":"8350349167999303424","potions_obtained":[{"floor":2,"key":"BlessingOfTheForge"},{"floor":6,"key":"FearPotion"},{"floor":13,"key":"FairyPotion"},{"floor":16,"key":"DuplicationPotion"},{"floor":19,"key":"StancePotion"},{"floor":21,"key":"FairyPotion"},{"floor":22,"key":"LiquidMemories"},{"floor":27,"key":"Weak Potion"},{"floor":28,"key":"SteroidPotion"},{"floor":33,"key":"Weak Potion"},{"floor":35,"key":"DuplicationPotion"},{"floor":39,"key":"BlessingOfTheForge"},{"floor":47,"key":"LiquidBronze"},{"floor":48,"key":"SkillPotion"}],"is_trial":false,"path_per_floor":["M","M","M","M","M","E","?","R","T","M","R","?","M","E","R","B",null,"M","?","$","M","M","R","E","R","T","E","M","M","E","?","R","B",null,"M","M","$","M","M","R","?","R","T","R","$","M","M","M","R","B",null],"character_chosen":"WATCHER","items_purchased":["Eternal Feather","Tantrum","HandOfGreed","Perseverance+1","Prostrate+1","TalkToTheHand","PrismaticShard","Orichalcum","FearNoEvil","Mind Blast"],"campfire_rested":2,"item_purchase_floors":[20,20,20,20,37,37,37,37,37,45],"current_hp_per_floor":[70,70,70,68,64,64,64,64,64,58,58,58,43,37,58,36,72,68,68,72,72,64,72,46,72,72,68,59,61,61,61,72,72,72,62,40,55,57,59,71,61,72,82,82,82,74,76,78,82,73],"gold":446,"neow_bonus":"","is_daily":true,"chose_seed":false,"campfire_upgraded":8,"win_rate":0.0,"timestamp":1609986102,"path_taken":["M","M","M","M","M","E","?","R","T","M","R","?","M","E","R","BOSS","M","?","$","M","M","R","E","R","T","E","M","M","E","?","R","BOSS","M","M","$","M","M","R","?","R","T","R","$","M","M","M","R","BOSS"],"items_purchased_type":["Relic","Card","Card","Card","Card","Card","Relic","Relic","Card","Card"],"build_version":"2020-12-22","purchased_purges":1,"victory":true,"max_hp_per_floor":[72,72,72,72,72,72,72,72,72,72,72,72,72,72,72,72,72,72,72,72,72,72,72,72,72,72,72,72,72,72,72,72,72,72,72,72,72,72,72,72,72,72,82,82,82,82,82,82,82,82],"card_choices":[{"not_picked":["CutThroughFate","Adaptation"],"picked":"EmptyFist","floor":6},{"not_picked":["DeceiveReality+1","FearNoEvil"],"picked":"PathToVictory+1","floor":14},{"not_picked":["MasterReality","Vault+1"],"picked":"Judgement+1","floor":16},{"not_picked":["Halt+1","Perseverance+1"],"picked":"InnerPeace+1","floor":19},{"not_picked":["FollowUp","SashWhip"],"picked":"PathToVictory+1","floor":24},{"not_picked":["Judgement+1","LessonLearned"],"picked":"ClearTheMind+1","floor":27},{"not_picked":["CutThroughFate","ClearTheMind+1","Protect+1"],"picked":"CrushJoints+1","floor":30},{"not_picked":["DevaForm","Omniscience+1","Blasphemy+1"],"picked":"Alpha+1","floor":33},{"not_picked":["Deep Breath+1","Flash of Steel","Impatience+1"],"picked":"Jack Of All Trades+1","floor":41},{"not_picked":["Good Instincts+1","Master of Strategy+1","Dark Shackles+1"],"picked":"Apotheosis+1","floor":41},{"not_picked":["Secret Technique+1","Jack Of All Trades+1","Swift Strike"],"picked":"Dramatic Entrance","floor":41}],"player_experience":410207,"relics_obtained":[{"floor":1,"key":"TeardropLocket"},{"floor":2,"key":"Shuriken"},{"floor":3,"key":"Bronze Scales"},{"floor":4,"key":"Matryoshka"},{"floor":5,"key":"Mercury Hourglass"},{"floor":6,"key":"Vajra"},{"floor":9,"key":"MealTicket"},{"floor":9,"key":"Potion Belt"},{"floor":10,"key":"Toxic Egg 2"},{"floor":13,"key":"Meat on the Bone"},{"floor":14,"key":"Incense Burner"},{"floor":18,"key":"Happy Flower"},{"floor":19,"key":"Red Mask"},{"floor":21,"key":"Mummified Hand"},{"floor":22,"key":"Anchor"},{"floor":24,"key":"Blood Vial"},{"floor":26,"key":"Smiling Mask"},{"floor":26,"key":"CeramicFish"},{"floor":27,"key":"Pen Nib"},{"floor":28,"key":"Question Card"},{"floor":29,"key":"The Courier"},{"floor":30,"key":"Lizard Tail"},{"floor":35,"key":"Whetstone"},{"floor":36,"key":"HornCleat"},{"floor":38,"key":"Ornamental Fan"},{"floor":39,"key":"Bottled Tornado"},{"floor":43,"key":"Pear"},{"floor":46,"key":"Frozen Egg 2"},{"floor":47,"key":"Old Coin"},{"floor":48,"key":"Dream Catcher"}],"event_choices":[{"damage_healed":0,"gold_gain":175,"player_choice":"AGREE","damage_taken":0,"max_hp_gain":0,"max_hp_loss":0,"event_name":"Liars Game","floor":7,"gold_loss":0,"cards_obtained":["Doubt"]},{"damage_healed":0,"gold_gain":0,"player_choice":"Grow","damage_taken":0,"max_hp_gain":0,"max_hp_loss":0,"event_name":"Living Wall","floor":12,"gold_loss":0,"cards_upgraded":["Nirvana"]},{"damage_healed":0,"gold_gain":0,"player_choice":"Fought Bandits","damage_taken":0,"max_hp_gain":0,"max_hp_loss":0,"event_name":"Masked Bandits","floor":19,"gold_loss":0},{"damage_healed":0,"gold_gain":0,"player_choice":"Ignored","damage_taken":0,"max_hp_gain":0,"max_hp_loss":0,"event_name":"Ghosts","floor":31,"gold_loss":0},{"damage_healed":0,"gold_gain":0,"player_choice":"Memory 3","damage_taken":10,"max_hp_gain":0,"max_hp_loss":0,"event_name":"SensoryStone","floor":41,"gold_loss":0}],"is_beta":false,"boss_relics":[{"not_picked":["Busted Crown","Sozu"],"picked":"Philosopher\u0027s Stone"},{"not_picked":["SlaversCollar","Velvet Choker"],"picked":"VioletLotus"}],"items_purged_floors":[20],"is_endless":false,"potions_floor_spawned":[2,6,13,16,19,21,22,27,28,33,35,39,47,48],"ascension_level":0}}