{"host":"qa029bqsloh3rj2z","time":1609988242,"event":{"mods":["AchievementEnabler","BaseMod","Colored Powertips","DeckTracker","Minty Spire (QoL Compilation)"],"gold_per_floor":[119,119,119,130,55,87,87,104,129,129,129,145,145,159,159,258,258,271,22,22,22,22,51,51,51,51,70,70,80,80,80,80,80,80],"floor_reached":33,"playtime":1715,"items_purged":["Strike_R","Defend_R"],"score":286,"play_id":"f027cac8-1012-49d1-a6eb-734d3d6ce7ba","local_time":"20210106215722","is_ascension_mode":false,"campfire_choices":[{"data":"Clash","floor":7,"key":"SMITH"},{"data":"Dropkick","floor":13,"key":"SMITH"},{"data":"Strike_R","floor":15,"key":"SMITH"},{"floor":25,"key":"REST"},{"data":"Shrug It Off","floor":32,"key":"SMITH"}],"circlet_count":0,"master_deck":["Strike_R+1","Strike_R","Strike_R","Defend_R","Defend_R","Bash+1","Clash+1","Dropkick+1","Shrug It Off+1"],"relics":["Burning Blood","NeowsBlessing","MealTicket","Lantern","Runic Pyramid","Bag of Marbles","Regal Pillow","Toxic Egg 2","Oddly Smooth Stone"],"acts_visited":["Exordium","TheCity"],"potions_floor_usage":[16,33,33],"damage_taken":[{"damage":0,"enemies":"Jaw Worm","floor":1,"turns":1},{"damage":0,"enemies":"2 Louse","floor":4,"turns":1},{"damage":0,"enemies":"3 Sentries","floor":6,"turns":2},{"damage":0,"enemies":"Cultist","floor":8,"turns":3},{"damage":0,"enemies":"Looter","floor":12,"turns":1},{"damage":7,"enemies":"Exordium Thugs","floor":14,"turns":5},{"damage":31,"enemies":"The Guardian","floor":16,"turns":6},{"damage":0,"enemies":"Chosen","floor":18,"turns":4},{"damage":23,"enemies":"Slavers","floor":23,"turns":7},{"damage":4,"enemies":"3 Byrds","floor":27,"turns":6},{"damage":12,"enemies":"Centurion and Healer","floor":29,"turns":5},{"damage":94,"enemies":"Automaton","floor":33,"turns":12}],"seed_played":"7067454169671453493","potions_obtained":[{"floor":6,"key":"LiquidMemories"},{"floor":8,"key":"Block Potion"},{"floor":14,"key":"BlessingOfTheForge"}],"is_trial":false,"path_per_floor":["M","?","?","M","$","E","R","M","T","$","?","M","R","M","R","B",null,"M","$","?","?","?","E","?","R","T","M","$","M","?","T","R","B"],"character_chosen":"IRONCLAD","items_purchased":["Bag of Marbles"],"campfire_rested":1,"item_purchase_floors":[19],"current_hp_per_floor":[80,80,80,80,80,80,80,80,80,80,73,79,79,78,78,53,80,80,80,80,80,65,48,48,85,85,85,85,79,79,79,79,0,0],"gold":80,"neow_bonus":"THREE_ENEMY_KILL","is_daily":false,"chose_seed":false,"campfire_upgraded":4,"win_rate":0.0,"timestamp":1609988242,"path_taken":["M","?","?","?","$","E","R","M","T","$","?","M","R","M","R","BOSS","M","$","?","?","?","E","?","R","T","M","?","M","?","?","R","BOSS"],"items_purchased_type":["Relic"],"build_version":"2020-12-22","purchased_purges":2,"victory":false,"max_hp_per_floor":[80,80,80,80,80,80,80,80,80,80,80,80,80,80,80,80,80,80,80,80,80,85,85,85,85,85,85,85,85,85,85,85,85,85],"card_choices":[{"not_picked":["Heavy Blade","Armaments","Flame Barrier"],"picked":"SKIP","floor":1},{"not_picked":["Clothesline","Warcry"],"picked":"Clash","floor":4},{"not_picked":["Flame Barrier","Barricade","Clash"],"picked":"SKIP","floor":6},{"not_picked":["Anger","Clothesline","Second Wind"],"picked":"SKIP","floor":8},{"not_picked":["Twin Strike","Wild Strike"],"picked":"Dropkick","floor":12},{"not_picked":["Body Slam","Pommel Strike","Fiend Fire"],"picked":"SKIP","floor":14},{"not_picked":["Disarm+1","Headbutt","Power Through"],"picked":"SKIP","floor":18},{"not_picked":["Inflame+1","Armaments","Rampage+1"],"picked":"SKIP","floor":23},{"not_picked":["Uppercut","Thunderclap","Rage+1"],"picked":"SKIP","floor":27},{"not_picked":["Clothesline","Warcry+1","Thunderclap"],"picked":"SKIP","floor":29}],"player_experience":25930,"relics_obtained":[{"floor":6,"key":"MealTicket"},{"floor":9,"key":"Lantern"},{"floor":23,"key":"Regal Pillow"},{"floor":26,"key":"Toxic Egg 2"},{"floor":31,"key":"Oddly Smooth Stone"}],"event_choices":[{"cards_removed":["Strike_R"],"damage_healed":0,"gold_gain":0,"player_choice":"Forget","damage_taken":0,"max_hp_gain":0,"max_hp_loss":0,"event_name":"Living Wall","floor":2,"gold_loss":0},{"damage_healed":0,"gold_gain":0,"player_choice":"Forge","damage_taken":0,"max_hp_gain":0,"max_hp_loss":0,"event_name":"Accursed Blacksmith","floor":3,"gold_loss":0,"cards_upgraded":["Bash"]},{"cards_removed":["Defend_R"],"damage_healed":0,"gold_gain":0,"player_choice":"Card Removal","damage_taken":7,"max_hp_gain":0,"max_hp_loss":0,"event_name":"Golden Wing","floor":11,"gold_loss":0},{"damage_healed":0,"gold_gain":0,"player_choice":"Read","damage_taken":0,"max_hp_gain":0,"max_hp_loss":0,"event_name":"The Library","floor":20,"gold_loss":0,"cards_obtained":["Shrug It Off"]},{"damage_healed":0,"gold_gain":0,"player_choice":"Shed Blood","damage_taken":20,"max_hp_gain":5,"max_hp_loss":0,"event_name":"Forgotten Altar","floor":22,"gold_loss":0},{"damage_healed":0,"gold_gain":0,"player_choice":"Ignored","damage_taken":0,"max_hp_gain":0,"max_hp_loss":0,"event_name":"Vampires","floor":24,"gold_loss":0},{"damage_healed":0,"gold_gain":0,"player_choice":"Ignored","damage_taken":0,"max_hp_gain":0,"max_hp_loss":0,"event_name":"The Mausoleum","floor":30,"gold_loss":0}],"is_beta":false,"boss_relics":[{"not_picked":["Mark of Pain","SacredBark"],"picked":"Runic Pyramid"}],"items_purged_floors":[5,19],"is_endless":false,"potions_floor_spawned":[6,8,14],"killed_by":"Automaton","ascension_level":0}}