{"host":"hca6liskeo7s99fa","time":1609985487,"event":{"mods":["BaseMod","Downfall","Hermit","Minty Spire (QoL Compilation)","Replay The Spire","StSLib","The Cursed","The Dragon Tamer","The Servant 0.9.4"],"gold_per_floor":[118,133,55,72,92,126,144,144,168,187,187,187,214,226,226,226,226],"floor_reached":16,"playtime":2953,"items_purged":[],"score":114,"play_id":"5ccd302c-11a1-4ba8-bcd3-ea31ca276b69","local_time":"20210106211127","is_ascension_mode":false,"campfire_choices":[{"data":"TheCursedMod:CircleOfCorruption","floor":8,"key":"SMITH"},{"data":"TheCursedMod:HellfireBreathing","floor":11,"key":"SMITH"}],"circlet_count":0,"master_deck":["TheCursedMod:Strike_TheCursed","TheCursedMod:Strike_TheCursed","TheCursedMod:Strike_TheCursed","TheCursedMod:Strike_TheCursed","TheCursedMod:Defend_TheCursed","TheCursedMod:Defend_TheCursed","TheCursedMod:Defend_TheCursed","TheCursedMod:Defend_TheCursed","TheCursedMod:CursedWand","TheCursedMod:CleanUpWorkshop","TheCursedMod:Dregs","Delirium","TheCursedMod:WearCloak","TheCursedMod:Stigma","TheCursedMod:HellfireBreathing+1","TheCursedMod:Mangle+1","TheCursedMod:CircleOfFlame+1","TheCursedMod:CursedAmulet+1","TheCursedMod:CircleOfCorruption+1","TheCursedMod:TacticalStrike","TheCursedMod:ReleasedKnowledge","TheCursedMod:SmokeScreen"],"relics":["TheCursedMod:BlackMagic101","Bird Faced Urn","Replay:Baseball","Anchor","Orichalcum"],"acts_visited":["Exordium"],"potions_floor_usage":[5,6,7,14],"damage_taken":[{"damage":0,"enemies":"Small Slimes","floor":1,"turns":3},{"damage":3,"enemies":"2 Louse","floor":2,"turns":4},{"damage":0,"enemies":"Cultist","floor":4,"turns":4},{"damage":11,"enemies":"Large Slime","floor":5,"turns":9},{"damage":14,"enemies":"Lagavulin","floor":6,"turns":8},{"damage":0,"enemies":"2 Fungi Beasts","floor":7,"turns":3},{"damage":8,"enemies":"Blue Slaver","floor":10,"turns":4},{"damage":23,"enemies":"3 Sentries","floor":13,"turns":7},{"damage":0,"enemies":"Gremlin Gang","floor":14,"turns":2},{"damage":18,"enemies":"Hexaghost","floor":16,"turns":9}],"seed_played":"1361052303538179747","potions_obtained":[{"floor":4,"key":"FearPotion"},{"floor":5,"key":"Reflective Coating"},{"floor":6,"key":"sneckomod:MuddlingPotion"},{"floor":13,"key":"Explosive Potion"}],"is_trial":false,"path_per_floor":["M","M","$","M","M","E","M","R","T","M","R","?","E","M","R","B"],"character_chosen":"THE_CURSED","items_purchased":["TheCursedMod:HellfireBreathing"],"campfire_rested":0,"item_purchase_floors":[3],"current_hp_per_floor":[75,72,72,74,65,53,55,55,55,49,49,49,28,30,15,0,0],"gold":226,"neow_bonus":"ONE_RARE_RELIC","is_daily":false,"chose_seed":false,"campfire_upgraded":2,"win_rate":0.0,"timestamp":1609985487,"path_taken":["M","M","$","M","M","E","M","R","T","M","R","?","E","M","R","BOSS"],"items_purchased_type":["Card"],"build_version":"2020-12-22","purchased_purges":0,"victory":false,"max_hp_per_floor":[75,75,75,75,75,75,75,75,75,75,75,75,75,75,75,75,75],"card_choices":[{"not_picked":["TheCursedMod:TacticalStrike","TheCursedMod:PrepareRite"],"picked":"TheCursedMod:WearCloak","floor":1},{"not_picked":["TheCursedMod:Wield","TheCursedMod:WearCloak"],"picked":"TheCursedMod:Stigma","floor":2},{"not_picked":["TheCursedMod:CursedMace","TheCursedMod:TacticalStrike"],"picked":"TheCursedMod:Mangle","floor":4},{"not_picked":["TheCursedMod:SurpriseAttack","TheCursedMod:CircleOfFocus"],"picked":"TheCursedMod:CircleOfFlame","floor":5},{"not_picked":["TheCursedMod:HellfireBreathing","TheCursedMod:RapidMovement"],"picked":"TheCursedMod:CursedAmulet","floor":6},{"not_picked":["TheCursedMod:BloodBarrier","TheCursedMod:Wield"],"picked":"TheCursedMod:CircleOfCorruption","floor":7},{"not_picked":["TheCursedMod:CursedBoomerang","TheCursedMod:CircleOfWindfury"],"picked":"TheCursedMod:TacticalStrike","floor":10},{"not_picked":["TheCursedMod:WearCloak","TheCursedMod:TroublousMinions"],"picked":"TheCursedMod:ReleasedKnowledge","floor":13},{"not_picked":["TheCursedMod:Obscuration","TheCursedMod:SurpriseAttack"],"picked":"TheCursedMod:SmokeScreen","floor":14}],"player_experience":246510,"relics_obtained":[{"floor":6,"key":"Replay:Baseball"},{"floor":9,"key":"Anchor"},{"floor":13,"key":"Orichalcum"}],"event_choices":[{"damage_healed":0,"gold_gain":0,"player_choice":"Grow","damage_taken":0,"max_hp_gain":0,"max_hp_loss":0,"event_name":"Living Wall","floor":12,"gold_loss":0,"cards_upgraded":["TheCursedMod:CircleOfFlame"]},{"damage_healed":0,"gold_gain":0,"player_choice":"Entered Light","damage_taken":15,"max_hp_gain":0,"max_hp_loss":0,"event_name":"Shining Light","floor":15,"gold_loss":0,"cards_upgraded":["TheCursedMod:Mangle","TheCursedMod:CursedAmulet"]}],"is_beta":false,"boss_relics":[],"items_purged_floors":[],"is_endless":false,"potions_floor_spawned":[4,5,6,13],"killed_by":"Hexaghost","ascension_level":0}}