{"host":"pe2q1tocp309rrg9","time":1609990191,"event":{"mods":["2.2 Compatiblity","BaseMod","BetterRewards","Downfall","Ekko","Gremlin Mod","Hermit","Jorbs\u0027s Wanderer Trilogy","Minty Spire (QoL Compilation)","Quick Restart","Rare Cards Sparkle","Replay The Spire","StSLib","The Blue Laboratory","The Construct","The Hierophant","Uncapped"],"gold_per_floor":[111,186,186,186,72,101,120,130,155,174,137,163,180,193,193,296,296,312,328,343,358,376,376,91,91,145,145,156,120,140,155,155,155,155],"floor_reached":33,"playtime":1242,"items_purged":[],"score":287,"play_id":"5e888c2a-6892-4fd7-87cd-ad3d3dc6ae23","local_time":"20210106212951","is_ascension_mode":false,"campfire_choices":[{"floor":15.0,"key":"REST"},{"floor":23.0,"key":"REST"},{"floor":25.0,"key":"REST"},{"floor":32.0,"key":"REST"}],"circlet_count":0,"master_deck":["hermit:Strike_Hermit","hermit:Strike_Hermit","hermit:Strike_Hermit","hermit:Strike_Hermit","hermit:Defend_Hermit","hermit:Defend_Hermit","hermit:Defend_Hermit","hermit:Defend_Hermit","hermit:Snapshot","hermit:Covet","hermit:Desperado","hermit:GoldenBullet","hermit:BodyArmor+1","hermit:Malice","hermit:ItchyTrigger","hexamod:Hexaguard","Distraction","hermit:PistolWhip","ekkoTheBoyWhoShatteredTime:HextechProtobelt","stsjorbsmod:BurningFlask","Heavy Blade","construct:ClockworkEgg","construct:Versatility+1","Slimebound:GrowthPunch","Guardian:RefractedBeam+1","Flying Knee+1","Heavy Blade","hermit:Maintenance","hermit:GoldenBullet+1","Gremlin:TwistTheKnife+1","hermit:Brawl","stsjorbsmod:Commune+1"],"relics":["hermit:Momento","NeowsBlessing","InkBottle","PrismaticShard","Toy Ornithopter","Blood Vial","ReplayTheSpireMod:TigerMarble","expansioncontent:StudyCardRelic","Boot","Bag of Marbles","Spirit Poop"],"acts_visited":["Exordium","TheCity"],"potions_floor_usage":[33],"damage_taken":[{"damage":0.0,"enemies":"Cultist","floor":1.0,"turns":1.0},{"damage":0.0,"enemies":"Gremlin Nob","floor":6.0,"turns":1.0},{"damage":0.0,"enemies":"2 Louse","floor":7.0,"turns":1.0},{"damage":6.0,"enemies":"Jaw Worm","floor":8.0,"turns":3.0},{"damage":7.0,"enemies":"Blue Slaver","floor":10.0,"turns":4.0},{"damage":17.0,"enemies":"Replay:BlueRogue","floor":12.0,"turns":6.0},{"damage":10.0,"enemies":"Looter","floor":13.0,"turns":2.0},{"damage":3.0,"enemies":"Lots of Slimes","floor":14.0,"turns":3.0},{"damage":52.0,"enemies":"Slime Boss","floor":16.0,"turns":13.0},{"damage":19.0,"enemies":"3 Byrds","floor":18.0,"turns":4.0},{"damage":5.0,"enemies":"Shell Parasite","floor":19.0,"turns":5.0},{"damage":3.0,"enemies":"Chosen and Byrds","floor":20.0,"turns":6.0},{"damage":20.0,"enemies":"Snecko","floor":21.0,"turns":4.0},{"damage":3.0,"enemies":"Cultist and Chosen","floor":22.0,"turns":4.0},{"damage":2.0,"enemies":"Shelled Parasite and Fungi","floor":28.0,"turns":4.0},{"damage":17.0,"enemies":"Centurion and Healer","floor":30.0,"turns":5.0},{"damage":0.0,"enemies":"3 Cultists","floor":31.0,"turns":5.0},{"damage":95,"enemies":"Champ","floor":33,"turns":9}],"seed_played":"-8379341448240821781","potions_obtained":[{"floor":6.0,"key":"Block Potion"},{"floor":7.0,"key":"Regen Potion"},{"floor":10.0,"key":"sneckomod:MuddlingPotion"},{"floor":20.0,"key":"SpeedPotion"},{"floor":22.0,"key":"Doom Potion"}],"is_trial":false,"path_per_floor":["M","T","?","?","$","E","M","M","T","M","$","E","M","M","R","B",null,"M","M","M","M","M","R","$","R","T","?","M","$","M","M","R","B"],"character_chosen":"HERMIT","items_purchased":["hermit:GoldenBullet","hermit:BodyArmor+1","hermit:PistolWhip","hermit:Maintenance","hermit:GoldenBullet+1","Boot","hermit:Brawl"],"campfire_rested":4,"item_purchase_floors":[5,5,11,24,24,24,29],"current_hp_per_floor":[75,75,80,80,80,80,80,74,74,69,69,54,46,45,69,44,80,61,58,57,39,38,62,62,80,80,80,78,78,63,65,80,0,0],"gold":155,"neow_bonus":"THREE_ENEMY_KILL","is_daily":false,"chose_seed":false,"campfire_upgraded":0,"win_rate":0.0,"timestamp":1609990191,"path_taken":["M","?","?","?","$","E","M","M","T","M","?","E","M","M","R","BOSS","M","M","M","M","M","R","$","R","T","?","?","$","M","M","R","BOSS"],"items_purchased_type":["Card","Card","Card","Card","Card","Relic","Card"],"build_version":"2020-12-22","purchased_purges":0,"victory":false,"max_hp_per_floor":[75,75,80,80,80,80,80,80,80,80,80,80,80,80,80,80,80,80,80,80,80,80,80,80,80,80,80,80,80,80,80,80,80,80],"card_choices":[{"not_picked":["hermit:Headshot","hermit:Snipe"],"picked":"hermit:Desperado","floor":1.0},{"not_picked":["CrushJoints","ekkoTheBoyWhoShatteredTime:Backtrack"],"picked":"hermit:Malice","floor":6.0},{"not_picked":["hexamod:HeatMetal","sneckomod:UnknownEthereal"],"picked":"hermit:ItchyTrigger","floor":7.0},{"not_picked":["ekkoTheBoyWhoShatteredTime:NaggingBlow","hexamod:RecurringNightmare"],"picked":"hexamod:Hexaguard","floor":8.0},{"not_picked":["SandsOfTime","Reflex"],"picked":"Distraction","floor":10.0},{"not_picked":["hermit:Purgatory","hexamod:ThermalTransfer"],"picked":"ekkoTheBoyWhoShatteredTime:HextechProtobelt","floor":12.0},{"not_picked":["expansioncontent:YouAreMine","sneckomod:UnknownClassGREMLIN"],"picked":"stsjorbsmod:BurningFlask","floor":13.0},{"not_picked":["hexamod:RadiantFlame","hexamod:NightmareStrike"],"picked":"Heavy Blade","floor":14.0},{"not_picked":["Corruption","ekkoTheBoyWhoShatteredTime:OverloadingWeapon"],"picked":"construct:ClockworkEgg","floor":16.0},{"not_picked":["hierophant:FaithHealing","hierophant:Sermon"],"picked":"construct:Versatility+1","floor":18.0},{"not_picked":["construct:LaserCore","EmptyBody"],"picked":"Slimebound:GrowthPunch","floor":19.0},{"not_picked":["hierophant:RepressedViolence","stsjorbsmod:Miracle_Cull+1"],"picked":"Guardian:RefractedBeam+1","floor":20.0},{"not_picked":["hexamod:ShieldOfDarkness","Iron Wave"],"picked":"Flying Knee+1","floor":21.0},{"not_picked":["stsjorbsmod:Introspection","hexamod:SwordOfDarkness"],"picked":"Heavy Blade","floor":22.0},{"not_picked":["Replay:Parry","stsjorbsmod:HedgeWizard"],"picked":"Gremlin:TwistTheKnife+1","floor":28.0},{"not_picked":["Slimebound:LeechEnergy","stsjorbsmod:WeightOfMemory","ekkoTheBoyWhoShatteredTime:FeelIt"],"picked":"SKIP","floor":30.0},{"not_picked":["sneckomod:UnknownClassDEFAULT_GRAY_COLOR","hexamod:BacktrackSmack"],"picked":"stsjorbsmod:Commune+1","floor":31.0}],"player_experience":691356,"relics_obtained":[{"floor":2.0,"key":"InkBottle"},{"floor":6.0,"key":"Toy Ornithopter"},{"floor":9.0,"key":"Blood Vial"},{"floor":12.0,"key":"ReplayTheSpireMod:TigerMarble"},{"floor":26.0,"key":"Bag of Marbles"}],"event_choices":[{"damage_healed":0.0,"max_hp_gain":5.0,"max_hp_loss":0.0,"gold_gain":0.0,"event_name":"Big Fish","player_choice":"Donut","floor":3.0,"gold_loss":0.0,"damage_taken":0.0},{"cards_removed":["Slimebound:Icky"],"damage_healed":0.0,"max_hp_gain":0.0,"max_hp_loss":0.0,"gold_gain":0.0,"event_name":"Bonfire Elementals","player_choice":"Offered Curse","floor":27.0,"gold_loss":0.0,"damage_taken":0.0,"relics_obtained":["Spirit Poop"]}],"is_beta":false,"boss_relics":[{"not_picked":["Ectoplasm","Runic Pyramid"],"picked":"expansioncontent:StudyCardRelic"}],"items_purged_floors":[],"is_endless":false,"potions_floor_spawned":[6,7,10,12,20,22,28],"killed_by":"Champ","ascension_level":0}}