{"host":"Yuki","time":1609989016,"event":{"mods":["AchievementEnabler","BaseMod","Block Reminder","Colored Map","Colored Powertips","Googly Eyes","Highlight Path","Minty Spire (QoL Compilation)","Permanent Neow","Quick Restart","Random Character Button","Random Character Mod","Relic Stats","StSLib","The Wild Card","everything is the same but u backflip on backflip","slay the spire mod where everything is the same but ironclad has a cowboy hat"],"gold_per_floor":[114,127,32,50,50,50,65,95,146,146,181,194,229,247,247,347,347,357,368,388,88,107,137,137,148,148,148,148],"floor_reached":27,"playtime":1882,"items_purged":["Strike_R"],"score":399,"play_id":"292ce130-181b-497a-8f45-c1de4b3be08a","local_time":"20210106211016","is_ascension_mode":true,"campfire_choices":[{"data":"Disarm","floor":6,"key":"SMITH"},{"data":"Armaments","floor":10,"key":"SMITH"},{"data":"Disarm","floor":15,"key":"SMITH"},{"data":"Barricade","floor":24,"key":"SMITH"}],"circlet_count":0,"master_deck":["Strike_R","Strike_R","Defend_R","Defend_R","Defend_R","Defend_R","Bash","Disarm+1","Headbutt","Pommel Strike","Disarm+1","Pommel Strike","Flame Barrier","Armaments+1","Barricade+1","Flame Barrier","Impervious","Power Through","Shrug It Off","Iron Wave+1","Metallicize","True Grit","Intimidate+1"],"relics":["Burning Blood","HornCleat","Red Skull","Boot","Bag of Marbles","Runic Dome","Medical Kit","Girya","Gremlin Horn"],"acts_visited":["Exordium","TheCity"],"potions_floor_usage":[11,20,25],"damage_taken":[{"damage":6,"enemies":"Jaw Worm","floor":1,"turns":6},{"damage":0,"enemies":"2 Louse","floor":2,"turns":3},{"damage":4,"enemies":"Cultist","floor":4,"turns":3},{"damage":2,"enemies":"Gremlin Gang","floor":7,"turns":7},{"damage":21,"enemies":"Lagavulin","floor":8,"turns":9},{"damage":7,"enemies":"Gremlin Nob","floor":11,"turns":4},{"damage":29,"enemies":"Exordium Wildlife","floor":12,"turns":6},{"damage":14,"enemies":"3 Sentries","floor":13,"turns":10},{"damage":0,"enemies":"2 Fungi Beasts","floor":14,"turns":3},{"damage":0,"enemies":"The Guardian","floor":16,"turns":14},{"damage":21,"enemies":"2 Thieves","floor":18,"turns":5},{"damage":0,"enemies":"Shell Parasite","floor":19,"turns":11},{"damage":0,"enemies":"Cultist and Chosen","floor":20,"turns":13},{"damage":15,"enemies":"Shelled Parasite and Fungi","floor":22,"turns":13},{"damage":21,"enemies":"Gremlin Leader","floor":23,"turns":18},{"damage":43,"enemies":"3 Cultists","floor":25,"turns":5},{"damage":10,"enemies":"Sentry and Sphere","floor":27,"turns":3}],"seed_played":"8942934684235962295","potions_obtained":[{"floor":2,"key":"SteroidPotion"},{"floor":7,"key":"SteroidPotion"},{"floor":8,"key":"Strength Potion"},{"floor":12,"key":"AttackPotion"},{"floor":20,"key":"SkillPotion"},{"floor":23,"key":"ColorlessPotion"},{"floor":25,"key":"GamblersBrew"}],"is_trial":false,"path_per_floor":["M","M","$","M","?","R","M","E","T","R","E","M","E","M","R","B",null,"M","M","M","$","M","E","R","M","T","M"],"character_chosen":"IRONCLAD","items_purchased":["Disarm","Pommel Strike","Medical Kit","Metallicize"],"campfire_rested":0,"item_purchase_floors":[3,3,21,21],"current_hp_per_floor":[72,78,78,80,73,73,77,62,62,62,61,38,30,36,36,42,71,56,62,68,68,59,44,44,7,7,0,0],"gold":148,"neow_bonus":"TRANSFORM_CARD","is_daily":false,"chose_seed":false,"campfire_upgraded":4,"win_rate":0.0,"timestamp":1609989016,"path_taken":["M","M","$","M","?","R","M","E","T","R","E","M","E","M","R","BOSS","M","M","M","$","M","E","R","M","T","M"],"items_purchased_type":["Card","Card","Relic","Card"],"build_version":"2020-12-18","purchased_purges":1,"victory":false,"max_hp_per_floor":[80,80,80,80,80,80,80,80,80,80,80,80,80,80,80,80,80,80,80,80,80,80,80,80,80,80,80,80],"relic_stats":{"Gremlin Horn":[0,0],"counters":[17,133],"Boot":[10],"Medical Kit":[28],"obtain_stats":[{"Runic Dome":17,"Girya":23,"HornCleat":8,"Gremlin Horn":26,"Bag of Marbles":13,"Boot":11,"Medical Kit":21,"Burning Blood":0,"Red Skull":9},{"Runic Dome":10,"Girya":15,"HornCleat":5,"Gremlin Horn":16,"Bag of Marbles":8,"Boot":6,"Medical Kit":13,"Burning Blood":0,"Red Skull":5},{"Runic Dome":65,"Girya":125,"HornCleat":28,"Gremlin Horn":130,"Bag of Marbles":48,"Boot":32,"Medical Kit":94,"Burning Blood":0,"Red Skull":28}],"Burning Blood":96},"card_choices":[{"not_picked":["Heavy Blade","Clash"],"picked":"Headbutt","floor":1},{"not_picked":["Rage","Burning Pact"],"picked":"Pommel Strike","floor":2},{"not_picked":["Wild Strike","Bloodletting"],"picked":"Flame Barrier","floor":4},{"not_picked":["Havoc","Wild Strike","Intimidate"],"picked":"SKIP","floor":7},{"not_picked":["Whirlwind","Heavy Blade"],"picked":"Armaments","floor":8},{"not_picked":["Sever Soul","Wild Strike"],"picked":"Barricade","floor":11},{"not_picked":["Flex","Wild Strike","Sword Boomerang"],"picked":"SKIP","floor":12},{"not_picked":["Carnage","Clothesline","Brutality"],"picked":"SKIP","floor":13},{"not_picked":["Headbutt","Sentinel"],"picked":"Flame Barrier","floor":14},{"not_picked":["Brutality","Juggernaut"],"picked":"Impervious","floor":16},{"not_picked":["Inflame","Perfected Strike+1"],"picked":"Power Through","floor":18},{"not_picked":["Sentinel","Thunderclap"],"picked":"Shrug It Off","floor":19},{"not_picked":["Shrug It Off","Cleave"],"picked":"Iron Wave+1","floor":20},{"not_picked":["Rupture","Flame Barrier+1"],"picked":"True Grit","floor":22},{"not_picked":["Anger+1","Pummel"],"picked":"Intimidate+1","floor":23},{"not_picked":["Headbutt+1","Twin Strike","Clash"],"picked":"SKIP","floor":25}],"player_experience":1254314,"relics_obtained":[{"floor":8,"key":"HornCleat"},{"floor":9,"key":"Red Skull"},{"floor":11,"key":"Boot"},{"floor":13,"key":"Bag of Marbles"},{"floor":23,"key":"Girya"},{"floor":26,"key":"Gremlin Horn"}],"event_choices":[{"cards_removed":["Strike_R"],"damage_healed":0,"gold_gain":0,"player_choice":"Card Removal","damage_taken":7,"max_hp_gain":0,"max_hp_loss":0,"event_name":"Golden Wing","floor":5,"gold_loss":0}],"is_beta":true,"boss_relics":[{"not_picked":["Ectoplasm","Runic Cube"],"picked":"Runic Dome"}],"items_purged_floors":[21],"is_endless":false,"potions_floor_spawned":[2,7,8,12,19,20,23,25],"killed_by":"Sentry and Sphere","ascension_level":6}}