{"host":"28wx1s78lfgm5n5a","time":1609986934,"event":{"mods":["BaseMod","Energized Spire","Gold Saver","Highlight Path","Minty Spire (QoL Compilation)","Replay The Spire","StSLib","TestMod","Waifu the Spire","¡¾ÒÅÎï¿¨ÅÆ¡¿REMEMod"],"gold_per_floor":[1524,707,718,668,24,24,43,4999,5022,5056,5056,5056,5089,5089,5089,5183,5183,5199,5199,4674,4682,3851,3851,3883,3906,3957,3957,3976,3976,3628,3647,3647,3741,3741,3758,3775,3820,3883,3491,3524,3524,3556,3606,3638,3638,3670,3670,3369,3369,3369,3369,3369,2992,3025,3025],"floor_reached":56,"playtime":2900,"items_purged":["Strike_P","Strike_P","Defend_P","Defend_P","ReplayTheSpireMod:Splinters","InnerPeace","REME_HeartOfCthun+1"],"score":1402,"play_id":"a4a46194-6b0a-4604-b442-c47da099b68c","local_time":"20210107103534","is_ascension_mode":true,"campfire_choices":[{"data":"Eruption","floor":6.0,"key":"SMITH"},{"data":"Crow Ritual","floor":11.0,"key":"SMITH"},{"data":"InnerPeace","floor":15.0,"key":"SMITH"},{"data":"Adaptation","floor":23.0,"key":"SMITH"},{"floor":27.0,"key":"RECALL"},{"data":"TalkToTheHand","floor":29.0,"key":"SMITH"},{"floor":32.0,"key":"REST"},{"data":"testmod-PainDetonator","floor":41.0,"key":"SMITH"},{"floor":47.0,"key":"REST"},{"data":"SignatureMove","floor":52,"key":"SMITH"}],"circlet_count":0,"master_deck":["Defend_P+1","Defend_P+1","Eruption+1","Vigilance","Crow Ritual+1","SignatureMove+1","WheelKick","InnerPeace+1","Brilliance","Judgement+1","EmptyBody+1","Crow Ritual+1","TalkToTheHand+1","Adaptation+1","SpiritShield+1","Wallop+1","SignatureMove+1","testmod-PainDetonator+1","DeusExMachina+1","Study+1","InnerPeace+1","Wish+1","ThirdEye+1","SashWhip+1"],"relics":["PureWater","testmod-TestBox","REME_ComplimentaryCards","testmod-StringDisintegrator","testmod-IndustrialRevolution","Sling","Blue Candle","testmod-Charity","testmod-DragonStarHat","Regal Pillow","Smiling Mask","War Paint","Toxic Egg 2","testmod-IncinerationGenerator","ReplayTheSpireMod:TigerMarble","ReplayTheSpireMod:Ninjato","testmod-TurbochargingSystem","ReplayFunnel","Chemical X","Bronze Scales","Boot","REME_HandOfSuture","Membership Card","Sundial","MealTicket","testmod-Prudence","Gremlin Horn","Lee\u0027s Waffle","Blue Doll","testmod-HeartOfStrike","Frozen Egg 2","Orichalcum","testmod-Antiphasic","Juzu Bracelet","Du-Vu Doll","testmod-LifeArmor","Bag of Marbles","TheAbacus","BargainBundle","Mercury Hourglass","REME_IWantAll","Bottled Tornado"],"acts_visited":["Exordium","TheCity","TheBeyond","TheEnding"],"potions_floor_usage":[55,55,55],"damage_taken":[{"damage":1.0,"enemies":"Jaw Worm","floor":1.0,"turns":3.0},{"damage":0.0,"enemies":"2 Louse","floor":3.0,"turns":3.0},{"damage":0.0,"enemies":"Small Slimes","floor":7.0,"turns":4.0},{"damage":2.0,"enemies":"3 Sentries","floor":8.0,"turns":4.0},{"damage":0.0,"enemies":"Gremlin Nob","floor":10.0,"turns":1.0},{"damage":0.0,"enemies":"Lagavulin","floor":13.0,"turns":3.0},{"damage":17.0,"enemies":"Fading Forest","floor":16.0,"turns":11.0},{"damage":0.0,"enemies":"Shell Parasite","floor":18.0,"turns":1.0},{"damage":11.0,"enemies":"2 Thieves","floor":21.0,"turns":3.0},{"damage":38.0,"enemies":"Replay:Snechameleon","floor":24.0,"turns":7.0},{"damage":2.0,"enemies":"Snake Plant","floor":28.0,"turns":2.0},{"damage":0.0,"enemies":"Cultist and Chosen","floor":31.0,"turns":2.0},{"damage":8.0,"enemies":"Champ","floor":33.0,"turns":4.0},{"damage":8.0,"enemies":"3 Shapes","floor":35.0,"turns":3.0},{"damage":0.0,"enemies":"Orb Walker","floor":36.0,"turns":1.0},{"damage":34.0,"enemies":"2 Orb Walkers","floor":37.0,"turns":5.0},{"damage":38.0,"enemies":"Nemesis","floor":40.0,"turns":5.0},{"damage":0.0,"enemies":"R_Hoarder","floor":42.0,"turns":6.0},{"damage":12.0,"enemies":"Reptomancer","floor":44.0,"turns":4.0},{"damage":25.0,"enemies":"Giant Head","floor":46.0,"turns":6.0},{"damage":12.0,"enemies":"Replay:Hell Engine","floor":50.0,"turns":5.0},{"damage":0,"enemies":"Shield and Spear","floor":54,"turns":2},{"damage":38,"enemies":"The Heart","floor":55,"turns":6}],"seed_played":"-9053149962644823962","potions_obtained":[{"floor":1.0,"key":"Weak Potion"},{"floor":13.0,"key":"Reflective Coating"},{"floor":16.0,"key":"Swift Potion"},{"floor":18.0,"key":"FearPotion"},{"floor":28.0,"key":"AttackPotion"},{"floor":35.0,"key":"DistilledChaos"},{"floor":36.0,"key":"PowerPotion"},{"floor":37.0,"key":"Adrenaline Potion"}],"is_trial":false,"path_per_floor":["M","$","M","?","$","R","M","E","T","E","R","?","E","?","R","B",null,"M","?","$","M","$","R","E","T","T","R","M","R","$","M","R","B",null,"M","M","?","?","$","E","R","E","T","E","?","E","R","$","R","B",null,"R","$","E","B",null],"character_chosen":"WATCHER","items_purchased":["testmod-IndustrialRevolution","Sling","Blue Candle","SignatureMove","EssenceOfSteel","Adrenaline Potion","testmod-Charity","testmod-DragonStarHat","Regal Pillow","ReplayTheSpireMod:TigerMarble","ReplayTheSpireMod:Ninjato","DuplicationPotion","Adaptation","testmod-TurbochargingSystem","ReplayFunnel","REME_HeartOfCthun","Languid Potion","Chemical X","Membership Card","Sundial","MealTicket","Lee\u0027s Waffle","Blue Doll","testmod-HeartOfStrike","testmod-PainDetonator","testmod-LifeArmor","Bag of Marbles","InnerPeace+1","TheAbacus","BargainBundle","Ancient Potion","Mercury Hourglass","REME_IWantAll"],"campfire_rested":2,"item_purchase_floors":[2,2,2,2,2,2,5,5,5,20,20,20,22,22,22,22,22,22,30,30,30,39,39,39,39,48,48,48,48,53,53,53,53],"current_hp_per_floor":[71,71,71,71,71,71,72,71,72,73,73,73,74,79,79,63,83,84,84,84,75,75,75,38,39,40,40,39,39,39,40,82,75,92,85,86,53,54,103,66,66,67,68,57,57,33,80,95,108,96,108,108,108,109,79],"gold":3025,"neow_bonus":"REMOVE_CARD","is_daily":false,"chose_seed":false,"campfire_upgraded":7,"win_rate":0.0,"timestamp":1609986934,"path_taken":["M","$","M","?","$","R","M","E","T","E","R","?","E","?","R","BOSS","M","?","?","M","$","R","E","?","T","R","?","R","$","M","R","BOSS","M","?","?","?","$","E","R","E","T","E","?","E","R","$","R","BOSS","R","$","E","BOSS"],"items_purchased_type":["Relic","Relic","Relic","Card","Potion","Potion","Relic","Relic","Relic","Relic","Relic","Potion","Card","Relic","Relic","Card","Potion","Relic","Relic","Relic","Relic","Relic","Relic","Relic","Card","Relic","Relic","Card","Relic","Relic","Potion","Relic","Relic"],"build_version":"2020-12-22","purchased_purges":7,"victory":true,"max_hp_per_floor":[72,72,72,72,72,72,73,74,75,76,76,76,77,82,82,83,83,84,84,84,86,86,86,87,88,89,89,90,90,90,91,91,92,92,93,94,95,96,103,104,104,105,106,107,107,108,108,108,108,108,108,108,108,109,117],"card_choices":[{"not_picked":["Replay:AtTheReady","WreathOfFlame","Evaluate"],"picked":"SKIP","floor":1.0},{"not_picked":["FlurryOfBlows","Protect"],"picked":"InnerPeace","floor":3.0},{"not_picked":["Replay:Battleflow","EmptyFist"],"picked":"WheelKick","floor":7.0},{"not_picked":["EmptyBody","Replay:Vibes"],"picked":"InnerPeace","floor":8.0},{"not_picked":["Sanctity","DeceiveReality","REME_MusicOfDeath"],"picked":"SKIP","floor":10.0},{"not_picked":["Protect+1","Replay:BluntJabs"],"picked":"Brilliance","floor":13.0},{"not_picked":["REME_WorshipGod+1","Establishment"],"picked":"Judgement+1","floor":16.0},{"not_picked":["BowlingBash","Weave"],"picked":"EmptyBody+1","floor":18.0},{"not_picked":["LikeWater","FlyingSleeves"],"picked":"TalkToTheHand","floor":21.0},{"not_picked":["Replay:BluntJabs","WheelKick","Evaluate+1"],"picked":"SKIP","floor":24.0},{"not_picked":["Consecrate+1","Brilliance","WindmillStrike+1"],"picked":"SKIP","floor":28.0},{"not_picked":["Study","Replay:AtTheReady+1","BattleHymn"],"picked":"SKIP","floor":31.0},{"not_picked":["Wish+1","ConjureBlade+1"],"picked":"SpiritShield+1","floor":33.0},{"not_picked":["Replay:DivineShield+1","Replay:Vibes+1"],"picked":"Wallop+1","floor":35.0},{"not_picked":["PathToVictory+1","EmptyFist","Consecrate"],"picked":"SKIP","floor":36.0},{"not_picked":["BattleHymn+1","Consecrate+1"],"picked":"SignatureMove+1","floor":37.0},{"not_picked":["FlyingSleeves","Protect+1","REME_Repentance+1"],"picked":"SKIP","floor":40.0},{"not_picked":["Conclude+1","ReachHeaven","CrushJoints+1"],"picked":"SKIP","floor":42.0},{"not_picked":["FollowUp+1","Prostrate+1","Sanctity+1"],"picked":"SKIP","floor":44.0},{"not_picked":["Worship+1","BattleHymn+1"],"picked":"Study+1","floor":46.0},{"not_picked":["Wish+1","ThirdEye+1","SashWhip+1"],"picked":"SKIP","floor":54},{"not_picked":["ReachHeaven","Nirvana","Sanctity"],"picked":"Singing Bowl","floor":55}],"player_experience":108904,"relics_obtained":[{"floor":8.0,"key":"Smiling Mask"},{"floor":10.0,"key":"War Paint"},{"floor":13.0,"key":"Toxic Egg 2"},{"floor":24.0,"key":"Bronze Scales"},{"floor":25.0,"key":"Boot"},{"floor":26.0,"key":"REME_HandOfSuture"},{"floor":38.0,"key":"Gremlin Horn"},{"floor":40.0,"key":"Frozen Egg 2"},{"floor":42.0,"key":"Orichalcum"},{"floor":43.0,"key":"testmod-Antiphasic"},{"floor":44.0,"key":"Juzu Bracelet"},{"floor":46.0,"key":"Du-Vu Doll"},{"floor":54,"key":"Bottled Tornado"}],"event_choices":[{"cards_removed":["Strike_P"],"damage_healed":0.0,"max_hp_gain":0.0,"max_hp_loss":0.0,"gold_gain":0.0,"event_name":"The Cleric","player_choice":"Card Removal","floor":4.0,"gold_loss":50.0,"damage_taken":0.0},{"damage_healed":0.0,"max_hp_gain":5.0,"max_hp_loss":0.0,"gold_gain":0.0,"event_name":"Big Fish","player_choice":"Donut","floor":14.0,"gold_loss":0.0,"damage_taken":0.0},{"damage_healed":0.0,"max_hp_gain":0.0,"max_hp_loss":0.0,"gold_gain":0.0,"event_name":"Duplicator","player_choice":"Copied","floor":19.0,"gold_loss":0.0,"damage_taken":0.0,"cards_obtained":["Crow Ritual"]},{"damage_healed":0.0,"max_hp_gain":0.0,"max_hp_loss":0.0,"gold_gain":0.0,"event_name":"Mysterious Sphere","player_choice":"Fight","floor":37.0,"gold_loss":0.0,"damage_taken":0.0},{"damage_healed":0.0,"max_hp_gain":0.0,"max_hp_loss":0.0,"gold_gain":0.0,"event_name":"Match and Keep!","player_choice":"1 cards matched","floor":45.0,"gold_loss":0.0,"damage_taken":0.0,"cards_obtained":["DeusExMachina"]}],"is_beta":false,"boss_relics":[{"not_picked":["Philosopher\u0027s Stone","Fusion Hammer"],"picked":"testmod-IncinerationGenerator"},{"not_picked":["energizedSpire:CrystalSphere","HolyWater"],"picked":"testmod-Prudence"}],"items_purged_floors":[2,5,20,22,39,48,53],"is_endless":false,"potions_floor_spawned":[1,3,13,16,18,28,35,36,37,54],"ascension_level":3}}