{"host":"ai2zab3l3qrfb1vu","time":1609983526,"event":{"mods":["2.2 Compatiblity","Act Like it!","BaseMod","Better Third Choice","BetterRewards","Friendly Minions","Gensokyo","GifTheSpireLib","Highlight Path","Hubris","Infinite Spire","Mimic Mod","Minty Spire (QoL Compilation)","Relic Filter","Replay The Spire","Shop Mod","StSLib","The Marked","Wandering Minibosses"],"gold_per_floor":[113,113,129,142,157,157,185,185,185,205,130,146,177,177,177,279,279,295,313,329,404,364,364,364],"floor_reached":23,"playtime":1551,"items_purged":["theMarked:Strike"],"score":203,"play_id":"498c0b7d-1ac9-4db0-85fe-68d06f4b9b0f","local_time":"20210106183846","is_ascension_mode":false,"campfire_choices":[{"data":"theMarked:SoldierOfQuellstein","floor":6,"key":"SMITH"},{"data":"theMarked:EmpowerWeapon","floor":8,"key":"SMITH"},{"floor":15,"key":"REST"}],"circlet_count":0,"master_deck":["theMarked:Strike","theMarked:Strike","theMarked:Strike","theMarked:Defend","theMarked:Defend","theMarked:Defend","theMarked:SoldierOfQuellstein+1","theMarked:EmpowerWeapon+1","theMarked:Overcharge+1","theMarked:EternalStudent+1","theMarked:Indomitable+1","theMarked:Abjuration+1"],"relics":["theMarked:BronzeBlade","Toxic Egg 2","hubris:DeckOfHolding","Eternal Feather"],"acts_visited":["Gensokyo:Gensokyo","Gensokyo:Gensokyoer"],"potions_floor_usage":[3,7,12,19,19],"damage_taken":[{"damage":7,"enemies":"Gensokyo:Gryphon","floor":1,"turns":4},{"damage":0,"enemies":"Gensokyo:2_Kodama","floor":3,"turns":2},{"damage":6,"enemies":"Gensokyo:Python","floor":4,"turns":3},{"damage":4,"enemies":"Gensokyo:2_Rabbits","floor":5,"turns":3},{"damage":1,"enemies":"Gensokyo:Mamizou","floor":7,"turns":8},{"damage":6,"enemies":"Gensokyo:Python_and_Kodama","floor":10,"turns":3},{"damage":2,"enemies":"Gensokyo:Gryphon_and_Rabbit","floor":12,"turns":2},{"damage":19,"enemies":"Gensokyo:Cirno","floor":13,"turns":7},{"damage":29,"enemies":"Gensokyo:Yukari","floor":16,"turns":6},{"damage":0,"enemies":"Gensokyo:Chomper","floor":18,"turns":2},{"damage":39,"enemies":"Gensokyo:3_Dogs","floor":19,"turns":6},{"damage":19,"enemies":"Gensokyo:Wraith","floor":20,"turns":3},{"damage":17,"enemies":"Nightmare","floor":23,"turns":2}],"seed_played":"3590030421453921516","potions_obtained":[{"floor":1,"key":"Explosive Potion"},{"floor":5,"key":"AttackPotion"},{"floor":10,"key":"Adrenaline Potion"},{"floor":16,"key":"ColorlessPotion"},{"floor":18,"key":"Strength Potion"}],"is_trial":false,"path_per_floor":["M","?","M","M","M","R","E","R","T","M","$","M","E","?","R","B",null,"M","M","M","T","?","NM"],"character_chosen":"THE_DEFAULT","items_purchased":[],"campfire_rested":1,"item_purchase_floors":[],"current_hp_per_floor":[42,63,63,57,53,53,52,52,52,46,46,44,25,25,46,17,70,70,31,12,12,12,0,0],"gold":364,"neow_bonus":"REMOVE_TWO","is_daily":false,"chose_seed":false,"campfire_upgraded":2,"win_rate":0.0,"timestamp":1609983526,"path_taken":["M","?","M","?","M","R","E","R","T","M","?","M","E","?","R","BOSS","M","M","?","?","?","NM"],"items_purchased_type":[],"build_version":"2020-12-22","purchased_purges":1,"victory":false,"max_hp_per_floor":[70,70,70,70,70,70,70,70,70,70,70,70,70,70,70,70,70,70,70,70,70,70,70,70],"card_choices":[{"not_picked":["theMarked:Panic","theMarked:WastefulAttack"],"picked":"theMarked:EmpowerWeapon","floor":1},{"not_picked":["theMarked:ChainLightning","theMarked:Frustration","theMarked:SwordAndMagic"],"picked":"SKIP","floor":3},{"not_picked":["theMarked:Reabsorb","theMarked:EmpowerWeapon"],"picked":"theMarked:Overcharge","floor":4},{"not_picked":["theMarked:Static","theMarked:BanishingStrike","theMarked:EmpowerWeapon"],"picked":"SKIP","floor":5},{"not_picked":["theMarked:TwofoldDefense+1","theMarked:ContemptForTheProud","theMarked:RepellingDischarge+1"],"picked":"SKIP","floor":7},{"not_picked":["theMarked:Static+1","theMarked:MysticalArsenal"],"picked":"theMarked:EternalStudent+1","floor":10},{"not_picked":["theMarked:Reabsorb+1","theMarked:CreepingChasm+1","theMarked:ShockingTouch"],"picked":"SKIP","floor":12},{"not_picked":["theMarked:Seal+1","theMarked:Aftermath+1"],"picked":"theMarked:Indomitable+1","floor":13},{"not_picked":["theMarked:MagicAdept","theMarked:DispelDoubt"],"picked":"theMarked:Abjuration","floor":16},{"not_picked":["theMarked:Static+1","theMarked:Reabsorb+1","theMarked:Parkour"],"picked":"SKIP","floor":18},{"not_picked":["theMarked:HeightenedSenses+1","theMarked:SwordAndMagic","theMarked:BanishingStrike"],"picked":"SKIP","floor":19},{"not_picked":["theMarked:Indomitable+1","theMarked:ResourceFulStrike","theMarked:ChainLightning"],"picked":"SKIP","floor":20}],"player_experience":507355,"relics_obtained":[{"floor":7,"key":"Toxic Egg 2"},{"floor":13,"key":"hubris:DeckOfHolding"},{"floor":21,"key":"Eternal Feather"}],"event_choices":[],"is_beta":false,"boss_relics":[{"not_picked":["Black Star","SacredBark"],"picked":"theMarked:BronzeBlade"}],"items_purged_floors":[11],"is_endless":false,"potions_floor_spawned":[1,5,10,16,18],"killed_by":"Nightmare","ascension_level":0}}