{"host":"126yiuos2nq86se7","time":1609986443,"event":{"mods":["AchievementEnabler","Act Like it!","BaseMod","Colored Map","Colored Powertips","Downfall","Friendly Minions","Halation","Highlight Path","Jorbs\u0027s Wanderer Trilogy","Minty Spire (QoL Compilation)","StSLib","SuperFastMode","The Animator"],"gold_per_floor":[363,88,98,17,17,17,51,51,74,84,9,26,26,26,26,128,128,117,117,167,27,43,43,43,43,66,66,66,78,78,94,94,94,94],"floor_reached":33,"playtime":786,"items_purged":["sneckomod:Bewildered","Strike_B"],"score":265,"play_id":"bd642b24-4952-45ee-9e4f-f6f93019223e","local_time":"20210107132723","is_ascension_mode":true,"campfire_choices":[{"data":"Zap","floor":6,"key":"SMITH"},{"floor":8,"key":"REST"},{"data":"Dualcast","floor":13,"key":"SMITH"},{"floor":15,"key":"REST"},{"data":"Redo","floor":23,"key":"SMITH"},{"data":"Capacitor","floor":25,"key":"SMITH"},{"data":"Static Discharge","floor":27,"key":"SMITH"},{"floor":30,"key":"REST"},{"floor":32,"key":"REST"}],"circlet_count":0,"master_deck":["Strike_B","Strike_B","Strike_B","Defend_B","Defend_B","Defend_B","Defend_B","Zap+1","Dualcast+1","Redo+1","Leap","Undo","Capacitor+1","Conserve Battery","Static Discharge+1","Compile Driver","Hello World","Reboot","BootSequence+1","Self Repair","Beam Cell","Redo+1","White Noise"],"relics":["Cracked Core","Regal Pillow","Anchor","Potion Belt","halation:LoveArrow","halation:EternalFortune","halation:LettersToHer"],"acts_visited":["Exordium","TheCity"],"potions_floor_usage":[7,16,16,33,33,33],"damage_taken":[{"damage":7,"enemies":"Jaw Worm","floor":1,"turns":4},{"damage":0,"enemies":"Cultist","floor":3,"turns":3},{"damage":41,"enemies":"Lagavulin","floor":7,"turns":7},{"damage":8,"enemies":"Small Slimes","floor":10,"turns":4},{"damage":8,"enemies":"Blue Slaver","floor":12,"turns":3},{"damage":39,"enemies":"Slime Boss","floor":16,"turns":12},{"damage":20,"enemies":"2 Thieves","floor":18,"turns":5},{"damage":15,"enemies":"3 Byrds","floor":22,"turns":5},{"damage":33,"enemies":"Sentry and Sphere","floor":29,"turns":5},{"damage":55,"enemies":"Snecko","floor":31,"turns":7},{"damage":53,"enemies":"Collector","floor":33,"turns":6}],"seed_played":"5305382728035696652","potions_obtained":[{"floor":3,"key":"Dexterity Potion"},{"floor":10,"key":"Energy Potion"},{"floor":12,"key":"SpeedPotion"},{"floor":16,"key":"SkillPotion"},{"floor":18,"key":"BlessingOfTheForge"},{"floor":31,"key":"AttackPotion"}],"is_trial":false,"path_per_floor":["M","$","M","$","?","R","E","R","T","M","$","M","R","$","R","B",null,"M","?","?","$","M","R","?","R","T","R","?","M","R","M","R","B"],"character_chosen":"DEFECT","items_purchased":["Regal Pillow","Leap","Capacitor","Conserve Battery","Hello World","Self Repair"],"campfire_rested":4,"item_purchase_floors":[2,2,4,4,11,21],"current_hp_per_floor":[68,68,68,68,68,68,27,64,64,56,56,48,48,48,75,36,75,55,55,55,55,47,47,50,50,50,50,44,18,56,8,46,0,0],"gold":94,"neow_bonus":"TWO_FIFTY_GOLD","is_daily":false,"chose_seed":false,"campfire_upgraded":5,"win_rate":0.0,"timestamp":1609986443,"path_taken":["M","$","M","$","?","R","E","R","T","?","$","M","R","?","R","BOSS","M","?","?","$","?","R","?","R","T","R","?","M","R","M","R","BOSS"],"items_purchased_type":["Relic","Card","Card","Card","Card","Card"],"build_version":"2020-12-22","purchased_purges":2,"victory":false,"max_hp_per_floor":[75,75,75,75,75,75,75,75,75,75,75,75,75,75,75,75,75,75,75,75,75,75,75,78,78,78,78,78,78,78,78,78,78,78],"card_choices":[{"not_picked":["Streamline","Hologram"],"picked":"Redo","floor":1},{"not_picked":["Skim","Melter"],"picked":"Undo","floor":3},{"not_picked":["Blizzard","Rebound"],"picked":"Static Discharge","floor":7},{"not_picked":["Redo","Barrage"],"picked":"Compile Driver","floor":10},{"not_picked":["Stack","Redo","Glacier"],"picked":"SKIP","floor":12},{"not_picked":["Thunder Strike","Rainbow"],"picked":"Reboot","floor":16},{"not_picked":["Chill","Coolheaded"],"picked":"BootSequence+1","floor":18},{"not_picked":["Turbo","Barrage"],"picked":"Beam Cell","floor":22},{"not_picked":["Cold Snap","Defragment"],"picked":"Redo+1","floor":29},{"not_picked":["Force Field","Gash"],"picked":"White Noise","floor":31}],"player_experience":1611382,"relics_obtained":[{"floor":7,"key":"Anchor"},{"floor":9,"key":"Potion Belt"},{"floor":26,"key":"halation:LettersToHer"}],"event_choices":[{"damage_healed":0,"gold_gain":0,"player_choice":"Ignored","damage_taken":0,"max_hp_gain":0,"max_hp_loss":0,"event_name":"NoteForYourself","floor":5,"gold_loss":0},{"damage_healed":0,"gold_gain":100,"player_choice":"Bet on Murderer","damage_taken":0,"max_hp_gain":0,"max_hp_loss":0,"event_name":"The Joust","floor":20,"gold_loss":50},{"damage_healed":0,"gold_gain":0,"player_choice":"","damage_taken":6,"max_hp_gain":0,"max_hp_loss":0,"event_name":"Knowing Skull","floor":28,"potions_obtained":[],"gold_loss":0,"cards_obtained":[]}],"is_beta":false,"boss_relics":[{"not_picked":["Coffee Dripper","halation:Yufonium"],"picked":"halation:LoveArrow"}],"items_purged_floors":[2,21],"is_endless":false,"potions_floor_spawned":[3,10,12,16,18,31],"killed_by":"Collector","ascension_level":2}}