{"host":"kh6fvhxn285ncg0o","time":1609998542,"event":{"mods":["Act Like it!","BaseMod","Colored Map","Friendly Minions","Keyboard Shortcuts","Minty Spire (QoL Compilation)","Quick Restart","Relic Stats","StSLib","SuperFastMode"],"gold_per_floor":[112,126,226,240,240,240,68,99,145,216,216,216],"floor_reached":11,"playtime":576,"items_purged":[],"score":142,"play_id":"d410d819-2ba4-4bb5-9d90-f56dbb107caf","local_time":"20210107144902","is_ascension_mode":true,"campfire_choices":[{"data":"Bash","floor":6,"key":"SMITH"}],"circlet_count":0,"master_deck":["AscendersBane","Strike_R","Strike_R","Strike_R","Strike_R+1","Strike_R","Defend_R","Defend_R+1","Defend_R","Defend_R","Bash+1","Pommel Strike"],"relics":["Burning Blood","NeowsBlessing","Pen Nib","Smiling Mask","Centennial Puzzle"],"acts_visited":["Exordium"],"potions_floor_usage":[8],"damage_taken":[{"damage":0,"enemies":"Small Slimes","floor":1,"turns":1},{"damage":0,"enemies":"Cultist","floor":2,"turns":1},{"damage":0,"enemies":"2 Louse","floor":4,"turns":1},{"damage":32,"enemies":"Gremlin Nob","floor":8,"turns":4},{"damage":44,"enemies":"Lagavulin","floor":11,"turns":5}],"seed_played":"6944020878290529624","potions_obtained":[{"floor":4,"key":"Strength Potion"}],"is_trial":false,"path_per_floor":["M","M","?","M","?","R","$","E","T","?","E"],"character_chosen":"IRONCLAD","items_purchased":["Pen Nib"],"campfire_rested":0,"item_purchase_floors":[7],"current_hp_per_floor":[74,75,75,75,52,52,52,26,26,26,0,0],"gold":216,"neow_bonus":"THREE_ENEMY_KILL","is_daily":false,"chose_seed":false,"campfire_upgraded":1,"win_rate":0.0,"timestamp":1609998542,"path_taken":["M","M","?","?","?","R","$","E","T","?","E"],"items_purchased_type":["Relic"],"build_version":"2020-12-22","purchased_purges":0,"victory":false,"max_hp_per_floor":[75,75,75,75,75,75,75,75,75,75,75,75],"relic_stats":{"Centennial Puzzle":[3],"counters":[5,12],"Pen Nib":[2],"Smiling Mask":0,"obtain_stats":[{"Centennial Puzzle":9,"NeowsBlessing":0,"Pen Nib":7,"Smiling Mask":8,"Burning Blood":0},{"Centennial Puzzle":4,"NeowsBlessing":0,"Pen Nib":3,"Smiling Mask":4,"Burning Blood":0},{"Centennial Puzzle":7,"NeowsBlessing":0,"Pen Nib":3,"Smiling Mask":7,"Burning Blood":0}],"Burning Blood":13},"card_choices":[{"not_picked":["Bloodletting","Cleave"],"picked":"Pommel Strike","floor":4}],"player_experience":3385408,"relics_obtained":[{"floor":8,"key":"Smiling Mask"},{"floor":9,"key":"Centennial Puzzle"}],"event_choices":[{"damage_healed":0,"gold_gain":100,"player_choice":"Gold","damage_taken":0,"max_hp_gain":0,"max_hp_loss":0,"event_name":"Wheel of Change","floor":3,"gold_loss":0},{"damage_healed":0,"gold_gain":0,"player_choice":"Entered Light","damage_taken":23,"max_hp_gain":0,"max_hp_loss":0,"event_name":"Shining Light","floor":5,"gold_loss":0,"cards_upgraded":["Strike_R","Defend_R"]},{"damage_healed":0,"gold_gain":71,"player_choice":"Gained Gold","damage_taken":0,"max_hp_gain":0,"max_hp_loss":0,"event_name":"Golden Wing","floor":10,"gold_loss":0}],"is_beta":false,"boss_relics":[],"items_purged_floors":[],"is_endless":false,"potions_floor_spawned":[4],"killed_by":"Lagavulin","ascension_level":20}}