{"host":"cbabs5wvj1yqiyjm","time":1609980315,"event":{"mods":["AchievementEnabler","Act Like it!","Bartender","BaseMod","Bestiary","Better Third Choice","BetterRewards","Colored Powertips","Downfall","Friendly Minions","Hallownest","Hermit","Infinite Spire","Marisa????????","Minty Spire (QoL Compilation)","Rare Cards Sparkle","Replay The Spire","SOS???????","Spicy Shops","StSLib","Td1madao Mod","The Bladedancer","The Bug Knight","The Cursed","The Disciple","The Forsaken","The Marked","The Necromancer","The Servant 0.9.4","Wandering Minibosses","???Mod??????Boss"],"gold_per_floor":[110,110,57,75,75,75,102,102,102,113,131,131,150,36,36,131,131,143,163,163,163,182,182,196,231,300,300,300,5,22,36,36,36,36],"floor_reached":33,"playtime":2496,"items_purged":[],"score":247,"play_id":"c64ad6d5-e016-4a80-b46a-58fadcbc8705","local_time":"20210106194515","is_ascension_mode":false,"campfire_choices":[{"data":"Phantom_Blow","floor":6,"key":"SMITH"},{"floor":8,"key":"REST"},{"floor":12,"key":"REST"},{"floor":15,"key":"REST"},{"floor":23,"key":"REST"},{"floor":32,"key":"REST"}],"circlet_count":0,"master_deck":["Strike_Bartender+1","Strike_Bartender+1","Strike_Bartender+1","Strike_Bartender+1","Defend_Bartender+1","Defend_Bartender+1","Defend_Bartender+1","Defend_Bartender+1","Somersault","Defend_P+1","Poisoned Strike","Bitters","Dragonkick","Phantom_Blow+1","Meditate","Decay","With_A_Twist","Storage","Fading_Blow","Center_Self","Sucker_Punch","Coeurl_Form","Feint","Feint","Cold_Blooded","Step_Of_The_Wind+1","OpoOpo_Form+1","Snap_Punch","On_The_Rocks","Free_Pour","Phantom_Blow","Glare","Sucker_Punch","On_The_House+1"],"relics":["Sneakers","infinitespire:PuzzleCube","HornCleat","Sozu","Torii","Replay:Mystery Machine","Red Mask","infinitespire:WardingShard","Cleaning_Rag"],"acts_visited":["Exordium","TheCity"],"potions_floor_usage":[16,16,33],"damage_taken":[{"damage":0,"enemies":"Small Slimes","floor":1,"turns":2},{"damage":1,"enemies":"Cultist","floor":4,"turns":3},{"damage":34,"enemies":"Lagavulin","floor":7,"turns":6},{"damage":13,"enemies":"2 Louse","floor":10,"turns":2},{"damage":7,"enemies":"Large Slime","floor":11,"turns":6},{"damage":12,"enemies":"Looter","floor":13,"turns":3},{"damage":38,"enemies":"Fading Forest","floor":16,"turns":11},{"damage":29,"enemies":"Shell Parasite","floor":18,"turns":9},{"damage":2,"enemies":"3 Byrds","floor":19,"turns":5},{"damage":1,"enemies":"Shelled Parasite and Fungi","floor":22,"turns":5},{"damage":0,"enemies":"3 Cultists","floor":24,"turns":7},{"damage":14,"enemies":"Masked Bandits","floor":25,"turns":5},{"damage":7,"enemies":"Snake Plant","floor":30,"turns":7},{"damage":35,"enemies":"Cultist and Chosen","floor":31,"turns":9},{"damage":37,"enemies":"Collector","floor":33,"turns":11}],"seed_played":"-4935523633169775091","potions_obtained":[{"floor":1,"key":"Adrenaline Potion"},{"floor":7,"key":"Energy Potion"},{"floor":13,"key":"Strength Potion"}],"is_trial":false,"path_per_floor":["M","?","$","M","?","R","E","R","T","M","M","R","M","$","R","B",null,"M","M","AVR","T","M","R","M","?","T","?","?","$","M","M","R","B"],"character_chosen":"BARTENDER","items_purchased":["Dragonkick","Coeurl_Form","Feint","Phantom_Blow","Cleaning_Rag","Glare"],"campfire_rested":5,"item_purchase_floors":[3,14,14,29,29,29],"current_hp_per_floor":[70,70,70,69,69,69,35,56,56,43,36,57,45,45,66,38,70,41,39,39,39,38,59,59,45,45,45,45,45,38,3,24,0,0],"gold":36,"neow_bonus":"RANDOM_COLORLESS_2","is_daily":false,"chose_seed":false,"campfire_upgraded":1,"win_rate":0.0,"timestamp":1609980315,"path_taken":["M","?","$","M","?","R","E","R","T","M","M","R","M","$","R","BOSS","M","M","AVR","?","M","R","M","?","T","?","?","$","M","?","R","BOSS"],"items_purchased_type":["Card","Card","Card","Card","Relic","Card"],"build_version":"2020-12-22","purchased_purges":0,"victory":false,"max_hp_per_floor":[70,70,70,70,70,70,70,70,70,70,70,70,70,70,70,70,70,70,70,70,70,70,70,70,70,70,70,70,70,70,70,70,70,70],"card_choices":[{"not_picked":["Midas Touch","Metamorphosis"],"picked":"Poisoned Strike","floor":0},{"not_picked":["Mirage","Ball_Of_Ice"],"picked":"Bitters","floor":1},{"not_picked":["Greased_Lightning","Tornado_Kick"],"picked":"Phantom_Blow","floor":4},{"not_picked":["Stick_and_Move","Ball_Of_Ice"],"picked":"Storage","floor":7},{"not_picked":["Ball_Of_Ice","Bitters"],"picked":"Fading_Blow","floor":10},{"not_picked":["Feint","Step_Of_The_Wind"],"picked":"Center_Self","floor":11},{"not_picked":["Scoop","Center_Self"],"picked":"Sucker_Punch","floor":13},{"not_picked":["Dolphin_Blow","Windup"],"picked":"Cold_Blooded","floor":16},{"not_picked":["Scoop","Axe_Heel_Kick"],"picked":"Step_Of_The_Wind+1","floor":18},{"not_picked":["Dancing_Jab","Hook+1"],"picked":"OpoOpo_Form+1","floor":19},{"not_picked":["Ripple","Feint"],"picked":"Snap_Punch","floor":22},{"not_picked":["Liquid_Armor","Snap_Punch"],"picked":"On_The_Rocks","floor":24},{"not_picked":["Center_Self","Meteodrive+1"],"picked":"Free_Pour","floor":25},{"not_picked":["RockBreaker","Scoop"],"picked":"Sucker_Punch","floor":30},{"not_picked":["Sucker_Punch","Pony_Shot+1"],"picked":"On_The_House+1","floor":31}],"player_experience":36493,"relics_obtained":[{"floor":7,"key":"infinitespire:PuzzleCube"},{"floor":9,"key":"HornCleat"},{"floor":21,"key":"Replay:Mystery Machine"},{"floor":25,"key":"Red Mask"},{"floor":26,"key":"infinitespire:WardingShard"}],"event_choices":[{"damage_healed":0,"gold_gain":0,"player_choice":"3 cards matched","damage_taken":0,"max_hp_gain":0,"max_hp_loss":0,"event_name":"Match and Keep!","floor":5,"gold_loss":0,"cards_obtained":["Meditate","Decay","With_A_Twist"]},{"damage_healed":0,"gold_gain":0,"player_choice":"Fought Bandits","damage_taken":0,"max_hp_gain":0,"max_hp_loss":0,"event_name":"Masked Bandits","floor":25,"gold_loss":0},{"damage_healed":0,"gold_gain":0,"player_choice":"Simplicity","damage_taken":0,"max_hp_gain":0,"max_hp_loss":9,"event_name":"betterThird:BetterWriting","floor":27,"gold_loss":0},{"cards_removed":["Slimebound:Strike_Slimebound"],"damage_healed":0,"gold_gain":0,"player_choice":"Offered Basic","damage_taken":0,"max_hp_gain":0,"max_hp_loss":0,"event_name":"Bonfire Elementals","floor":28,"gold_loss":0}],"is_beta":false,"boss_relics":[{"not_picked":["Cursed Key","Replay:Wanted Poster"],"picked":"Sozu"}],"items_purged_floors":[],"is_endless":false,"potions_floor_spawned":[1,7,13,18,30,31],"killed_by":"Collector","ascension_level":0}}