{"host":"mdbnki27vzqujy5q","time":1609998389,"event":{"mods":["BaseMod","Colored Powertips","Minty Spire (QoL Compilation)","Quick Restart"],"gold_per_floor":[113,124,124,139,314,343,343,375,375,375,387,403,403,416,416,511,511,528,538,538,550,585,614,46,71,71,71,71,71,71,102,102,198,198,211,211,211,223,236,271,271,301,326,336,367,384,404,422,422,422,422],"floor_reached":50,"playtime":3126,"items_purged":["Doubt"],"score":735,"play_id":"cc8f28f0-9000-49c1-abf5-7a475e7c06ec","local_time":"20210106214629","is_ascension_mode":true,"campfire_choices":[{"data":"Crippling Poison","floor":7.0,"key":"SMITH"},{"floor":13.0,"key":"REST"},{"floor":15.0,"key":"REST"},{"data":"Blade Dance","floor":28.0,"key":"SMITH"},{"data":"Neutralize","floor":30.0,"key":"SMITH"},{"data":"Defend_G","floor":32.0,"key":"PURGE"},{"data":"Defend_G","floor":41.0,"key":"PURGE"},{"floor":49.0,"key":"RECALL"}],"circlet_count":0,"master_deck":["Defend_G","Survivor","Neutralize+1","Flying Knee","Crippling Poison+1","Blade Dance+1","Poisoned Stab","Slice+1","All Out Attack+1","Choke+1","After Image+1","Skewer+1","Dagger Throw+1","Flying Knee+1","Noxious Fumes+1","Flying Knee+1","Infinite Blades+1","Dramatic Entrance+1","Sadistic Nature+1","Infinite Blades+1","RitualDagger+1","Bite+1","Bite+1","Bite+1","Bite+1","Bite+1","Corpse Explosion","Die Die Die+1","Caltrops+1","Blur+1","Forethought","Backflip+1","Prepared+1","Blade Dance+1","Reflex","Backstab+1","A Thousand Cuts+1","Noxious Fumes+1","Acrobatics+1","Finisher+1","PiercingWail+1"],"relics":["Ring of the Snake","MealTicket","HornCleat","Frozen Egg 2","Molten Egg 2","WristBlade","Red Mask","Prayer Wheel","Pen Nib","Centennial Puzzle","Pantograph","Peace Pipe","Fusion Hammer","Strawberry","Kunai","Snake Skull"],"acts_visited":["Exordium","TheCity","TheBeyond"],"potions_floor_usage":[],"damage_taken":[{"damage":10.0,"enemies":"Cultist","floor":1.0,"turns":4.0},{"damage":3.0,"enemies":"2 Louse","floor":2.0,"turns":4.0},{"damage":0.0,"enemies":"Small Slimes","floor":4.0,"turns":2.0},{"damage":16.0,"enemies":"Gremlin Nob","floor":6.0,"turns":5.0},{"damage":28.0,"enemies":"Lagavulin","floor":8.0,"turns":9.0},{"damage":0.0,"enemies":"2 Fungi Beasts","floor":11.0,"turns":3.0},{"damage":0.0,"enemies":"Looter","floor":12.0,"turns":3.0},{"damage":0.0,"enemies":"Large Slime","floor":14.0,"turns":4.0},{"damage":44.0,"enemies":"The Guardian","floor":16.0,"turns":8.0},{"damage":18.0,"enemies":"2 Thieves","floor":18.0,"turns":3.0},{"damage":13.0,"enemies":"Spheric Guardian","floor":19.0,"turns":4.0},{"damage":7.0,"enemies":"Snecko","floor":21.0,"turns":4.0},{"damage":3.0,"enemies":"Masked Bandits","floor":22.0,"turns":2.0},{"damage":1.0,"enemies":"Gremlin Leader","floor":23.0,"turns":6.0},{"damage":6.0,"enemies":"Slavers","floor":25.0,"turns":3.0},{"damage":0.0,"enemies":"Gremlin Leader","floor":31.0,"turns":4.0},{"damage":50.0,"enemies":"Champ","floor":33.0,"turns":8.0},{"damage":9.0,"enemies":"3 Darklings","floor":35.0,"turns":2.0},{"damage":9.0,"enemies":"3 Shapes","floor":38.0,"turns":2.0},{"damage":5.0,"enemies":"Writhing Mass","floor":39.0,"turns":5.0},{"damage":7.0,"enemies":"Reptomancer","floor":40.0,"turns":5.0},{"damage":3.0,"enemies":"Giant Head","floor":42.0,"turns":6.0},{"damage":0.0,"enemies":"Transient","floor":44.0,"turns":5.0},{"damage":0.0,"enemies":"Nemesis","floor":45.0,"turns":5.0},{"damage":1.0,"enemies":"Maw","floor":46.0,"turns":5.0},{"damage":2.0,"enemies":"Spire Growth","floor":47.0,"turns":3.0},{"damage":5.0,"enemies":"Transient","floor":48.0,"turns":5.0},{"damage":80,"enemies":"Time Eater","floor":50,"turns":8}],"seed_played":"2516237681915692899","potions_obtained":[{"floor":4.0,"key":"Fire Potion"},{"floor":12.0,"key":"GhostInAJar"},{"floor":14.0,"key":"LiquidBronze"},{"floor":16.0,"key":"Regen Potion"},{"floor":18.0,"key":"DuplicationPotion"},{"floor":22.0,"key":"SpeedPotion"},{"floor":23.0,"key":"LiquidBronze"},{"floor":25.0,"key":"SkillPotion"},{"floor":33.0,"key":"Weak Potion"},{"floor":38.0,"key":"LiquidBronze"},{"floor":42.0,"key":"Swift Potion"},{"floor":44.0,"key":"LiquidBronze"},{"floor":46.0,"key":"BlessingOfTheForge"},{"floor":47.0,"key":"Explosive Potion"}],"is_trial":false,"path_per_floor":["M","M","?","M","?","E","R","E","T","?","M","M","R","M","R","B",null,"M","M","?","M","?","E","$","E","T","?","R","?","R","E","R","B",null,"M","?","?","M","M","E","R","E","T","M","E","M","M","M","R","B"],"character_chosen":"THE_SILENT","items_purchased":["Infinite Blades+1","Dramatic Entrance+1","Pen Nib","Sadistic Nature+1"],"campfire_rested":2,"item_purchase_floors":[24,24,24,24],"current_hp_per_floor":[60,57,57,57,57,41,41,13,13,13,13,13,34,34,55,11,70,52,39,39,41,38,37,52,46,46,40,40,40,40,49,49,4,49,43,43,43,40,47,55,55,53,53,56,56,55,56,56,56,0,0],"gold":422,"neow_bonus":"RANDOM_COMMON_RELIC","is_daily":false,"chose_seed":false,"campfire_upgraded":3,"win_rate":0.0,"timestamp":1609998389,"path_taken":["M","?","?","?","?","E","R","E","T","?","M","M","R","M","R","BOSS","M","M","?","?","?","E","$","E","T","?","R","?","R","E","R","BOSS","M","?","?","M","?","E","R","E","T","M","E","M","M","M","R","BOSS"],"items_purchased_type":["Card","Card","Relic","Card"],"build_version":"2020-12-22","purchased_purges":1,"victory":false,"max_hp_per_floor":[70,70,70,70,70,70,70,70,70,70,70,70,70,70,70,70,70,70,70,70,70,70,70,70,70,70,70,70,49,49,49,49,49,49,49,49,49,49,49,56,56,56,56,56,56,56,56,56,56,56,56],"card_choices":[{"not_picked":["Backflip","Tactician","Deflect"],"picked":"SKIP","floor":1.0},{"not_picked":["Quick Slash","Outmaneuver"],"picked":"Flying Knee","floor":2.0},{"not_picked":["Acrobatics","Quick Slash"],"picked":"Crippling Poison","floor":4.0},{"not_picked":["Bullet Time","Bane"],"picked":"Blade Dance","floor":6.0},{"not_picked":["Distraction","Dodge and Roll"],"picked":"Poisoned Stab","floor":8.0},{"not_picked":["Backflip","Blade Dance"],"picked":"Slice+1","floor":11.0},{"not_picked":["Leg Sweep","Calculated Gamble"],"picked":"All Out Attack+1","floor":12.0},{"not_picked":["PiercingWail","Underhanded Strike+1"],"picked":"Choke+1","floor":14.0},{"not_picked":["Adrenaline","Wraith Form v2+1"],"picked":"After Image+1","floor":16.0},{"not_picked":["Predator+1","Deflect"],"picked":"Skewer+1","floor":18.0},{"not_picked":["Bane+1","Deflect"],"picked":"Dagger Throw+1","floor":19.0},{"not_picked":["Dagger Spray+1","Acrobatics+1"],"picked":"Flying Knee+1","floor":21.0},{"not_picked":["Bouncing Flask+1","Acrobatics"],"picked":"Noxious Fumes+1","floor":22.0},{"not_picked":["Acrobatics","Expertise"],"picked":"Flying Knee+1","floor":23.0},{"not_picked":["Well Laid Plans+1","Acrobatics"],"picked":"Infinite Blades+1","floor":25.0},{"not_picked":["Quick Slash+1","Prepared"],"picked":"Corpse Explosion","floor":31.0},{"not_picked":["Corpse Explosion","Tools of the Trade+1"],"picked":"Die Die Die+1","floor":33.0},{"not_picked":["Heel Hook+1","Dagger Spray+1"],"picked":"Caltrops+1","floor":35.0},{"not_picked":["Sucker Punch+1","Deadly Poison+1"],"picked":"Blur+1","floor":35.0},{"not_picked":["Purity","Transmutation"],"picked":"Forethought","floor":37.0},{"not_picked":["Bane+1","Predator+1"],"picked":"Backflip+1","floor":38.0},{"not_picked":["Slice+1","Poisoned Stab+1"],"picked":"Prepared+1","floor":38.0},{"not_picked":["Backstab+1","Poisoned Stab+1"],"picked":"Blade Dance+1","floor":39.0},{"not_picked":["Outmaneuver+1","Dagger Throw+1","Blur"],"picked":"SKIP","floor":39.0},{"not_picked":["Bullet Time","Sucker Punch+1"],"picked":"Reflex","floor":40.0},{"not_picked":["Acrobatics+1","PiercingWail+1"],"picked":"Backstab+1","floor":42.0},{"not_picked":["PiercingWail+1","Skewer+1","Slice+1"],"picked":"SKIP","floor":44.0},{"not_picked":["Deadly Poison","Slice+1","Dagger Throw+1"],"picked":"SKIP","floor":44.0},{"not_picked":["PiercingWail+1","Escape Plan+1"],"picked":"A Thousand Cuts+1","floor":45.0},{"not_picked":["Eviscerate+1","Distraction"],"picked":"Noxious Fumes+1","floor":46.0},{"not_picked":["Backflip","Terror"],"picked":"Acrobatics+1","floor":46.0},{"not_picked":["Prepared","Outmaneuver"],"picked":"Finisher+1","floor":47.0},{"not_picked":["Sucker Punch+1","Dagger Spray+1","Acrobatics+1"],"picked":"SKIP","floor":47.0},{"not_picked":["Catalyst","Acrobatics"],"picked":"PiercingWail+1","floor":48.0},{"not_picked":["Crippling Poison+1","Dagger Spray+1","Night Terror"],"picked":"SKIP","floor":48.0}],"player_experience":31165,"relics_obtained":[{"floor":6.0,"key":"HornCleat"},{"floor":8.0,"key":"Frozen Egg 2"},{"floor":9.0,"key":"Molten Egg 2"},{"floor":22.0,"key":"Red Mask"},{"floor":23.0,"key":"Prayer Wheel"},{"floor":25.0,"key":"Centennial Puzzle"},{"floor":26.0,"key":"Pantograph"},{"floor":31.0,"key":"Peace Pipe"},{"floor":40.0,"key":"Strawberry"},{"floor":42.0,"key":"Kunai"},{"floor":45.0,"key":"Snake Skull"}],"event_choices":[{"cards_removed":["Defend_G"],"damage_healed":0.0,"max_hp_gain":0.0,"max_hp_loss":0.0,"gold_gain":0.0,"event_name":"Purifier","player_choice":"Purged","floor":3.0,"gold_loss":0.0,"damage_taken":0.0},{"damage_healed":0.0,"max_hp_gain":0.0,"max_hp_loss":0.0,"gold_gain":175.0,"event_name":"Liars Game","player_choice":"AGREE","floor":5.0,"gold_loss":0.0,"damage_taken":0.0,"cards_obtained":["Doubt"]},{"damage_healed":0.0,"max_hp_gain":0.0,"max_hp_loss":0.0,"gold_gain":0.0,"event_name":"Shining Light","player_choice":"Ignored","floor":10.0,"gold_loss":0.0,"damage_taken":0.0},{"damage_healed":0.0,"max_hp_gain":0.0,"max_hp_loss":0.0,"gold_gain":0.0,"event_name":"Match and Keep!","player_choice":"0 cards matched","floor":20.0,"gold_loss":0.0,"damage_taken":0.0,"cards_obtained":[]},{"damage_healed":0.0,"max_hp_gain":0.0,"max_hp_loss":0.0,"gold_gain":0.0,"event_name":"Masked Bandits","player_choice":"Fought Bandits","floor":22.0,"gold_loss":0.0,"damage_taken":0.0},{"damage_healed":0.0,"max_hp_gain":0.0,"max_hp_loss":0.0,"gold_gain":0.0,"event_name":"Nest","player_choice":"Joined the Cult","floor":27.0,"gold_loss":0.0,"damage_taken":6.0,"cards_obtained":["RitualDagger"]},{"damage_healed":0.0,"max_hp_gain":0.0,"max_hp_loss":21.0,"gold_gain":0.0,"event_name":"Vampires","player_choice":"Became a vampire","floor":29.0,"gold_loss":0.0,"damage_taken":0.0,"cards_obtained":["Bite","Bite","Bite","Bite","Bite"]},{"cards_removed":["Defend_G"],"damage_healed":0.0,"max_hp_gain":0.0,"max_hp_loss":0.0,"gold_gain":0.0,"event_name":"Falling","player_choice":"Removed Skill","floor":36.0,"gold_loss":0.0,"damage_taken":0.0},{"damage_healed":0.0,"max_hp_gain":0.0,"max_hp_loss":0.0,"gold_gain":0.0,"event_name":"SensoryStone","player_choice":"Memory 1","floor":37.0,"gold_loss":0.0,"damage_taken":0.0}],"is_beta":false,"boss_relics":[{"not_picked":["Sozu","Empty Cage"],"picked":"WristBlade"},{"not_picked":["SacredBark","Cursed Key"],"picked":"Fusion Hammer"}],"items_purged_floors":[24],"is_endless":false,"potions_floor_spawned":[4,12,14,16,18,22,23,25,33,38,42,44,46,47],"killed_by":"Time Eater","ascension_level":1}}