{"host":"19r1ww88x2tc73i0","time":1609997662,"event":{"mods":["BaseMod","BetterRewards","Colored Map","Minty Spire (QoL Compilation)","Relic Stats","StSLib","SuperFastMode","slay the spire mod where everything is the same but ironclad has a cowboy hat"],"gold_per_floor":[112,123,140,140,159,185,185,214,214,239,250,250,265,284,284,361,361,375,375,375,88,106,106,125,156,210,210,243,256,91,105,105,178,178,195,213,227,240,39,65,79,97,124,136,173,460,472,16,16,16,16,16,16,5,38,38],"floor_reached":57,"playtime":3765,"items_purged":["Strike_G","Strike_G"],"score":3477,"play_id":"6b5793b8-441e-4e49-8ced-d52afad4b168","local_time":"25640107123422","is_ascension_mode":true,"campfire_choices":[{"floor":7.0,"key":"DIG"},{"floor":12.0,"key":"DIG"},{"floor":15.0,"key":"DIG"},{"floor":23.0,"key":"DIG"},{"floor":27.0,"key":"DIG"},{"floor":32.0,"key":"DIG"},{"floor":44.0,"key":"DIG"},{"data":"Tactician","floor":47.0,"key":"PURGE"},{"floor":49.0,"key":"RECALL"},{"data":"Strike_G","floor":53,"key":"PURGE"}],"circlet_count":0,"master_deck":["AscendersBane","Strike_G","Defend_G","Defend_G","Defend_G","Defend_G","Defend_G","Survivor","Neutralize","Noxious Fumes+1","Deadly Poison+1","Bane","Bouncing Flask+1","Prepared+1","Backflip+1","Acrobatics+1","Outmaneuver+1","Night Terror+1","Unload","Terror+1","Blur+1","Discovery+1","PiercingWail+1","CurseOfTheBell","Calculated Gamble+1","PiercingWail+1","Blade Dance+1","Deflect+1"],"relics":["Ring of the Snake","Shovel","Tingsha","Peace Pipe","PreservedInsect","Dead Branch","Lee\u0027s Waffle","Pear","TungstenRod","Pen Nib","Gambling Chip","Frozen Egg 2","Akabeko","Mango","Toxic Egg 2","Bottled Flame","Bird Faced Urn","FossilizedHelix","Unceasing Top","Regal Pillow","Lizard Tail","Busted Crown","Matryoshka","Meat on the Bone","Pantograph","Dream Catcher","Bronze Scales","White Beast Statue","Letter Opener","Calling Bell","Omamori","The Courier","Thread and Needle","Membership Card","Snake Skull","Bag of Preparation","Ornamental Fan","MawBank","Juzu Bracelet","Art of War","Paper Crane","Turnip","TwistedFunnel","Torii","Ninja Scroll"],"acts_visited":["Exordium","TheCity","TheBeyond","TheEnding"],"potions_floor_usage":[56],"damage_taken":[{"damage":0.0,"enemies":"Jaw Worm","floor":1.0,"turns":3.0},{"damage":0.0,"enemies":"Cultist","floor":2.0,"turns":2.0},{"damage":0.0,"enemies":"Small Slimes","floor":3.0,"turns":2.0},{"damage":2.0,"enemies":"Gremlin Gang","floor":5.0,"turns":4.0},{"damage":7.0,"enemies":"Lagavulin","floor":6.0,"turns":5.0},{"damage":0.0,"enemies":"Gremlin Nob","floor":8.0,"turns":2.0},{"damage":1.0,"enemies":"3 Sentries","floor":10.0,"turns":5.0},{"damage":0.0,"enemies":"Looter","floor":11.0,"turns":1.0},{"damage":0.0,"enemies":"Exordium Thugs","floor":13.0,"turns":3.0},{"damage":0.0,"enemies":"3 Louse","floor":14.0,"turns":2.0},{"damage":23.0,"enemies":"Slime Boss","floor":16.0,"turns":10.0},{"damage":5.0,"enemies":"2 Thieves","floor":18.0,"turns":3.0},{"damage":0.0,"enemies":"Chosen","floor":22.0,"turns":2.0},{"damage":0.0,"enemies":"Snake Plant","floor":24.0,"turns":2.0},{"damage":6.0,"enemies":"Slavers","floor":25.0,"turns":3.0},{"damage":3.0,"enemies":"Gremlin Leader","floor":28.0,"turns":3.0},{"damage":0.0,"enemies":"Centurion and Healer","floor":29.0,"turns":3.0},{"damage":0.0,"enemies":"Chosen and Byrds","floor":31.0,"turns":5.0},{"damage":43.0,"enemies":"Automaton","floor":33.0,"turns":9.0},{"damage":0.0,"enemies":"Orb Walker","floor":35.0,"turns":2.0},{"damage":0.0,"enemies":"3 Darklings","floor":36.0,"turns":4.0},{"damage":0.0,"enemies":"Writhing Mass","floor":37.0,"turns":4.0},{"damage":1.0,"enemies":"Spire Growth","floor":38.0,"turns":4.0},{"damage":23.0,"enemies":"Reptomancer","floor":40.0,"turns":3.0},{"damage":4.0,"enemies":"4 Shapes","floor":41.0,"turns":4.0},{"damage":0.0,"enemies":"3 Darklings","floor":42.0,"turns":2.0},{"damage":37.0,"enemies":"Giant Head","floor":45.0,"turns":6.0},{"damage":47.0,"enemies":"Donu and Deca","floor":50.0,"turns":7.0},{"damage":47.0,"enemies":"Awakened One","floor":51.0,"turns":12.0},{"damage":0,"enemies":"Shield and Spear","floor":55,"turns":5},{"damage":94,"enemies":"The Heart","floor":56,"turns":11}],"seed_played":"4128230587351723989","potions_obtained":[{"floor":1.0,"key":"EssenceOfSteel"},{"floor":8.0,"key":"PowerPotion"},{"floor":11.0,"key":"Dexterity Potion"},{"floor":33.0,"key":"Energy Potion"},{"floor":35.0,"key":"GamblersBrew"},{"floor":36.0,"key":"Dexterity Potion"},{"floor":55,"key":"FearPotion"}],"is_trial":false,"path_per_floor":["M","M","M","?","M","E","R","E","T","E","M","R","M","M","R","B",null,"M","?","?","$","M","R","M","E","T","R","E","M","$","M","R","B",null,"M","M","M","M","$","E","M","M","T","R","E","?","R","$","R","B","B",null,"R","$","E","B",null],"character_chosen":"THE_SILENT","items_purchased":["Shovel","Tingsha","PreservedInsect","Lee\u0027s Waffle","Pear","Pen Nib","Frozen Egg 2","Akabeko","Noxious Fumes+1","Deadly Poison","Matryoshka","Blur+1","Discovery+1","Membership Card","Snake Skull","Paper Crane","Turnip","TwistedFunnel","Torii","Blade Dance+1"],"campfire_rested":0,"item_purchase_floors":[0,0,0,0,0,0,0,0,0,0,21,30,30,39,39,48,48,48,48,54],"current_hp_per_floor":[97,97,97,97,95,88,88,88,88,89,89,89,89,91,91,72,91,88,60,60,60,60,60,60,56,56,56,55,55,55,57,57,61,92,94,96,102,101,101,79,81,83,83,83,52,52,52,52,52,44,38,86,86,86,90,28],"gold":38,"neow_bonus":"","is_daily":false,"chose_seed":false,"campfire_upgraded":0,"win_rate":0.0,"timestamp":1609997662,"path_taken":["M","M","M","?","?","E","R","E","T","E","M","R","M","M","R","BOSS","M","?","?","$","M","R","M","E","T","R","E","M","$","M","R","BOSS","M","?","M","M","$","E","M","M","T","R","E","?","R","?","R","BOSS","BOSS","R","$","E","BOSS"],"items_purchased_type":["Relic","Relic","Relic","Relic","Relic","Relic","Relic","Relic","Card","Card","Relic","Card","Card","Relic","Relic","Relic","Relic","Relic","Relic","Card"],"build_version":"2020-12-22","purchased_purges":2,"victory":true,"max_hp_per_floor":[97,97,97,97,97,97,97,97,97,97,97,97,97,97,97,97,97,97,102,102,102,102,102,102,102,102,102,102,102,102,102,102,102,102,102,102,102,102,102,102,102,102,102,102,102,102,102,102,102,102,102,102,102,102,102,102],"relic_stats":{"Regal Pillow":16,"Torii":53,"Snake Skull":[302],"Bag of Preparation":[25],"Juzu Bracelet":0,"Lizard Tail":0,"Dream Catcher":0,"Shovel":7,"Gambling Chip":[188],"Pantograph":112,"Ring of the Snake":[121],"Lee\u0027s Waffle":56,"counters":[350,1642],"Dead Branch":[419],"Tingsha":[928],"PreservedInsect":447,"Pen Nib":[81],"Letter Opener":[529],"MawBank":60,"Peace Pipe":2,"Busted Crown":36,"Ornamental Fan":[44],"Bird Faced Urn":[69],"Bronze Scales":[746],"Turnip":[11],"Art of War":[100],"obtain_stats":[{"TwistedFunnel":0,"Ginger":37,"Whetstone":8,"Bottled Tornado":21,"Sling":0,"Boot":41,"Old Coin":48,"Blood Vial":24,"Sundial":54,"MealTicket":9,"Fusion Hammer":17,"HandDrill":3,"Kunai":44,"Pear":11,"Blue Candle":40,"Tingsha":0,"Eternal Feather":0,"Pen Nib":39,"Paper Crane":48,"Akabeko":8,"SlaversCollar":17,"Bird Faced Urn":0,"MutagenicStrength":20,"Snecko Eye":17,"Pandora\u0027s Box":34,"Mark of Pain":34,"StrikeDummy":55,"Unceasing Top":11,"Lantern":36,"Regal Pillow":23,"Singing Bowl":24,"Torii":10,"Magic Flower":9,"StoneCalendar":0,"Bag of Preparation":29,"Ancient Tea Set":20,"Smiling Mask":24,"Cursed Key":34,"Burning Blood":0,"Matryoshka":4,"Shovel":34,"Ninja Scroll":40,"WingedGreaves":0,"Chemical X":38,"InkBottle":40,"Ring of the Snake":0,"Potion Belt":20,"Lee\u0027s Waffle":0,"Inserter":17,"Self Forming Clay":26,"Golden Idol":11,"Thread and Needle":0,"PreservedInsect":26,"The Courier":14,"Omamori":0,"Frozen Egg 2":0,"MawBank":8,"Busted Crown":34,"Ornamental Fan":43,"Orrery":30,"Turnip":0,"Art of War":7,"Champion Belt":0,"Bottled Lightning":27,"Toy Ornithopter":13,"Ice Cream":0,"Calipers":31,"Gremlin Horn":30,"CeramicFish":13,"Vajra":31,"HoveringKite":34,"Runic Capacitor":21,"Sozu":17,"Lizard Tail":0,"Centennial Puzzle":40,"HornCleat":31,"DollysMirror":36,"Strawberry":23,"Prayer Wheel":29,"Philosopher\u0027s Stone":17,"Toxic Egg 2":0,"Happy Flower":0,"Dead Branch":0,"Astrolabe":17,"Oddly Smooth Stone":0,"Letter Opener":21,"War Paint":14,"Question Card":39,"Du-Vu Doll":0,"Bottled Flame":9,"Shuriken":43,"Bronze Scales":9,"Molten Egg 2":0,"Symbiotic Virus":0,"Pocketwatch":0,"Meat on the Bone":0,"Darkstone Periapt":20,"Mango":0,"Snake Skull":3,"Incense Burner":10,"Juzu Bracelet":14,"Empty Cage":17,"PrismaticShard":37,"ClockworkSouvenir":0,"Emotion Chip":26,"Dream Catcher":27,"Nunchaku":27,"Tough Bandages":11,"Mummified Hand":9,"Pantograph":34,"Gambling Chip":0,"Tiny Chest":12,"Red Mask":37,"Cracked Core":0,"Runic Pyramid":17,"Orichalcum":41,"Odd Mushroom":14,"Medical Kit":19,"White Beast Statue":10,"Mercury Hourglass":26,"Peace Pipe":45,"Calling Bell":34,"Strange Spoon":0,"Anchor":0,"CaptainsWheel":0,"DataDisk":39,"Coffee Dripper":34,"Bag of Marbles":0,"Membership Card":0,"TungstenRod":43,"FossilizedHelix":37},{"TwistedFunnel":169,"Ginger":19,"Whetstone":113,"Bottled Tornado":9,"Sling":57,"Boot":75,"Old Coin":24,"Blood Vial":11,"Sundial":287,"MealTicket":84,"Fusion Hammer":298,"HandDrill":213,"Kunai":54,"Pear":114,"Blue Candle":52,"Tingsha":235,"Eternal Feather":265,"Pen Nib":168,"Paper Crane":346,"Akabeko":31,"SlaversCollar":158,"Bird Faced Urn":98,"MutagenicStrength":219,"Snecko Eye":125,"Pandora\u0027s Box":306,"Mark of Pain":71,"StrikeDummy":264,"Unceasing Top":201,"Lantern":18,"Regal Pillow":180,"Singing Bowl":90,"Torii":103,"Magic Flower":155,"StoneCalendar":0,"Bag of Preparation":14,"Ancient Tea Set":127,"Smiling Mask":137,"Cursed Key":279,"Burning Blood":0,"Matryoshka":2,"Shovel":95,"Ninja Scroll":311,"WingedGreaves":0,"Chemical X":51,"InkBottle":228,"Ring of the Snake":0,"Potion Belt":9,"Lee\u0027s Waffle":26,"Inserter":36,"Self Forming Clay":68,"Golden Idol":103,"Thread and Needle":26,"PreservedInsect":42,"The Courier":201,"Omamori":0,"Frozen Egg 2":0,"MawBank":4,"Busted Crown":142,"Ornamental Fan":345,"Orrery":70,"Turnip":128,"Art of War":102,"Champion Belt":57,"Bottled Lightning":208,"Toy Ornithopter":63,"Ice Cream":150,"Calipers":47,"Gremlin Horn":210,"CeramicFish":244,"Vajra":16,"HoveringKite":185,"Runic Capacitor":9,"Sozu":217,"Lizard Tail":0,"Centennial Puzzle":21,"HornCleat":94,"DollysMirror":255,"Strawberry":41,"Prayer Wheel":92,"Philosopher\u0027s Stone":134,"Toxic Egg 2":0,"Happy Flower":0,"Dead Branch":26,"Astrolabe":202,"Oddly Smooth Stone":26,"Letter Opener":66,"War Paint":87,"Question Card":20,"Du-Vu Doll":57,"Bottled Flame":132,"Shuriken":22,"Bronze Scales":4,"Molten Egg 2":26,"Symbiotic Virus":26,"Pocketwatch":26,"Meat on the Bone":82,"Darkstone Periapt":9,"Mango":0,"Snake Skull":171,"Incense Burner":5,"Juzu Bracelet":7,"Empty Cage":65,"PrismaticShard":308,"ClockworkSouvenir":26,"Emotion Chip":11,"Dream Catcher":12,"Nunchaku":43,"Tough Bandages":242,"Mummified Hand":4,"Pantograph":95,"Gambling Chip":106,"Tiny Chest":33,"Red Mask":72,"Cracked Core":0,"Runic Pyramid":8,"Orichalcum":22,"Odd Mushroom":297,"Medical Kit":177,"White Beast Statue":156,"Mercury Hourglass":90,"Peace Pipe":23,"Calling Bell":95,"Strange Spoon":235,"Anchor":0,"CaptainsWheel":26,"DataDisk":51,"Coffee Dripper":17,"Bag of Marbles":106,"Membership Card":0,"TungstenRod":53,"FossilizedHelix":186},{"TwistedFunnel":848,"Ginger":98,"Whetstone":607,"Bottled Tornado":46,"Sling":287,"Boot":403,"Old Coin":129,"Blood Vial":56,"Sundial":1388,"MealTicket":477,"Fusion Hammer":1433,"HandDrill":1046,"Kunai":264,"Pear":619,"Blue Candle":255,"Tingsha":1119,"Eternal Feather":1289,"Pen Nib":844,"Paper Crane":1607,"Akabeko":169,"SlaversCollar":800,"Bird Faced Urn":550,"MutagenicStrength":1070,"Snecko Eye":667,"Pandora\u0027s Box":1465,"Mark of Pain":375,"StrikeDummy":1280,"Unceasing Top":1002,"Lantern":93,"Regal Pillow":905,"Singing Bowl":508,"Torii":571,"Magic Flower":787,"StoneCalendar":0,"Bag of Preparation":69,"Ancient Tea Set":673,"Smiling Mask":701,"Cursed Key":1349,"Burning Blood":0,"Matryoshka":7,"Shovel":534,"Ninja Scroll":1479,"WingedGreaves":0,"Chemical X":250,"InkBottle":1094,"Ring of the Snake":0,"Potion Belt":46,"Lee\u0027s Waffle":155,"Inserter":183,"Self Forming Clay":341,"Golden Idol":571,"Thread and Needle":155,"PreservedInsect":210,"The Courier":1002,"Omamori":0,"Frozen Egg 2":0,"MawBank":15,"Busted Crown":727,"Ornamental Fan":1601,"Orrery":359,"Turnip":678,"Art of War":564,"Champion Belt":287,"Bottled Lightning":1027,"Toy Ornithopter":303,"Ice Cream":761,"Calipers":231,"Gremlin Horn":1036,"CeramicFish":1157,"Vajra":80,"HoveringKite":930,"Runic Capacitor":46,"Sozu":1064,"Lizard Tail":0,"Centennial Puzzle":109,"HornCleat":522,"DollysMirror":1216,"Strawberry":206,"Prayer Wheel":515,"Philosopher\u0027s Stone":697,"Toxic Egg 2":0,"Happy Flower":0,"Dead Branch":155,"Astrolabe":1009,"Oddly Smooth Stone":155,"Letter Opener":321,"War Paint":493,"Question Card":102,"Du-Vu Doll":287,"Bottled Flame":693,"Shuriken":116,"Bronze Scales":15,"Molten Egg 2":155,"Symbiotic Virus":155,"Pocketwatch":155,"Meat on the Bone":469,"Darkstone Periapt":46,"Mango":0,"Snake Skull":856,"Incense Burner":22,"Juzu Bracelet":32,"Empty Cage":316,"PrismaticShard":1469,"ClockworkSouvenir":155,"Emotion Chip":56,"Dream Catcher":61,"Nunchaku":214,"Tough Bandages":1151,"Mummified Hand":15,"Pantograph":534,"Gambling Chip":577,"Tiny Chest":174,"Red Mask":381,"Cracked Core":0,"Runic Pyramid":41,"Orichalcum":116,"Odd Mushroom":1427,"Medical Kit":888,"White Beast Statue":790,"Mercury Hourglass":508,"Peace Pipe":123,"Calling Bell":534,"Strange Spoon":1119,"Anchor":0,"CaptainsWheel":155,"DataDisk":250,"Coffee Dripper":88,"Bag of Marbles":577,"Membership Card":0,"TungstenRod":259,"FossilizedHelix":935}],"TungstenRod":194,"Unceasing Top":[46],"Meat on the Bone":48},"card_choices":[{"not_picked":["Outmaneuver","Skewer"],"picked":"Tactician","floor":1.0},{"not_picked":["Tactician","Infinite Blades+1","Dagger Spray"],"picked":"SKIP","floor":2.0},{"not_picked":["Endless Agony","Choke","Expertise"],"picked":"SKIP","floor":3.0},{"not_picked":["Outmaneuver","Dodge and Roll"],"picked":"Bane","floor":5.0},{"not_picked":["Well Laid Plans+1","Slice"],"picked":"Bouncing Flask+1","floor":6.0},{"not_picked":["Bane","Flechettes"],"picked":"Prepared+1","floor":8.0},{"not_picked":["Deflect+1","Underhanded Strike"],"picked":"Backflip+1","floor":10.0},{"not_picked":["Heel Hook","Blade Dance+1"],"picked":"Acrobatics+1","floor":11.0},{"not_picked":["Underhanded Strike","Masterful Stab","Prepared+1"],"picked":"SKIP","floor":13.0},{"not_picked":["Dodge and Roll+1","Endless Agony"],"picked":"Outmaneuver+1","floor":14.0},{"not_picked":["Phantasmal Killer+1","Storm of Steel+1"],"picked":"Night Terror+1","floor":16.0},{"not_picked":["Dagger Throw"],"picked":"SKIP","floor":18.0},{"not_picked":["Flying Knee"],"picked":"SKIP","floor":22.0},{"not_picked":["Acrobatics+1"],"picked":"SKIP","floor":24.0},{"not_picked":["Endless Agony"],"picked":"SKIP","floor":25.0},{"not_picked":["Finisher"],"picked":"SKIP","floor":28.0},{"not_picked":[],"picked":"Terror+1","floor":29.0},{"not_picked":[],"picked":"PiercingWail+1","floor":31.0},{"not_picked":[],"picked":"Calculated Gamble+1","floor":35.0},{"not_picked":["PiercingWail+1"],"picked":"SKIP","floor":36.0},{"not_picked":["Cloak And Dagger+1"],"picked":"SKIP","floor":37.0},{"not_picked":["Expertise+1"],"picked":"SKIP","floor":38.0},{"not_picked":["Poisoned Stab"],"picked":"SKIP","floor":40.0},{"not_picked":["Outmaneuver+1"],"picked":"SKIP","floor":41.0},{"not_picked":["Bouncing Flask+1"],"picked":"SKIP","floor":42.0},{"not_picked":[],"picked":"PiercingWail+1","floor":45.0},{"not_picked":[],"picked":"Deflect+1","floor":55}],"player_experience":875817,"relics_obtained":[{"floor":6.0,"key":"Toxic Egg 2"},{"floor":7.0,"key":"Bottled Flame"},{"floor":8.0,"key":"Bird Faced Urn"},{"floor":9.0,"key":"FossilizedHelix"},{"floor":10.0,"key":"Unceasing Top"},{"floor":12.0,"key":"Regal Pillow"},{"floor":15.0,"key":"Lizard Tail"},{"floor":23.0,"key":"Meat on the Bone"},{"floor":25.0,"key":"Pantograph"},{"floor":26.0,"key":"Dream Catcher"},{"floor":27.0,"key":"Bronze Scales"},{"floor":28.0,"key":"White Beast Statue"},{"floor":32.0,"key":"Letter Opener"},{"floor":34.0,"key":"Omamori"},{"floor":34.0,"key":"The Courier"},{"floor":34.0,"key":"Thread and Needle"},{"floor":40.0,"key":"Bag of Preparation"},{"floor":43.0,"key":"Ornamental Fan"},{"floor":43.0,"key":"MawBank"},{"floor":44.0,"key":"Juzu Bracelet"},{"floor":45.0,"key":"Art of War"},{"floor":55,"key":"Ninja Scroll"}],"event_choices":[{"damage_healed":0.0,"max_hp_gain":0.0,"max_hp_loss":0.0,"gold_gain":0.0,"event_name":"Upgrade Shrine","player_choice":"Upgraded","floor":4.0,"gold_loss":0.0,"damage_taken":0.0,"cards_upgraded":["Deadly Poison"]},{"damage_healed":0.0,"max_hp_gain":5.0,"max_hp_loss":0.0,"gold_gain":0.0,"event_name":"Forgotten Altar","player_choice":"Shed Blood","floor":19.0,"gold_loss":0.0,"damage_taken":34.0},{"damage_healed":0.0,"max_hp_gain":0.0,"max_hp_loss":0.0,"gold_gain":0.0,"cards_transformed":["Strike_G"],"event_name":"Transmorgrifier","player_choice":"Transformed","floor":20.0,"gold_loss":0.0,"damage_taken":0.0,"cards_obtained":["Unload"]},{"damage_healed":0.0,"max_hp_gain":0.0,"max_hp_loss":0.0,"gold_gain":275.0,"event_name":"Golden Shrine","player_choice":"Desecrate","floor":46.0,"gold_loss":0.0,"damage_taken":0.0,"cards_obtained":["Regret"]}],"is_beta":false,"boss_relics":[{"not_picked":["Ring of the Serpent","Ectoplasm"],"picked":"Busted Crown"},{"not_picked":["SacredBark","Pandora\u0027s Box"],"picked":"Calling Bell"}],"items_purged_floors":[0,48],"is_endless":false,"potions_floor_spawned":[1,8,11,13,18,22,25,29,31,33,35,36,37,38,40,41,42,45,55],"ascension_level":20}}