{"host":"0jile2yd1dg679g0","time":1609988200,"event":{"mods":["AchievementEnabler","Act Like it!","BaseMod","Better Third Choice","Colored Map","Colored Powertips","Gensokyo","Hermit","Luminous","Marisa????????","Minty Spire (QoL Compilation)","Random Character Button","Spicy Shops","StSLib","The Servant 0.9.4","Transform Curses","Waifu the Spire"],"gold_per_floor":[119,119,131,141,141,141,175,27,52,52,67,85,85,160,160,160,160,177,177,194,194,22,22,38,38,38,72,72,88,107,382,382,382,382],"floor_reached":33,"playtime":6207,"items_purged":["Strike_B"],"score":368,"play_id":"5c24ffdf-24df-4cce-bdbe-761539f8aa66","local_time":"20210106215640","is_ascension_mode":true,"campfire_choices":[{"data":"Streamline","floor":6,"key":"SMITH"},{"floor":13,"key":"REST"},{"floor":15,"key":"REST"},{"floor":23,"key":"REST"},{"floor":25,"key":"REST"},{"data":"Creative AI","floor":32,"key":"SMITH"}],"circlet_count":0,"master_deck":["Strike_B","Strike_B","Strike_B","Defend_B","Defend_B","Defend_B","Defend_B","Zap","Dualcast","Streamline+1","Rebound","Rebound","FTL","Creative AI+1","Steam","Chill","Core Surge","Steam","Go for the Eyes","RitualDagger","Streamline","Leap","Leap","Streamline+1","Rebound","Rebound","Regret"],"relics":["Cracked Core","NeowsBlessing","WarpedTongs","Strawberry","Orichalcum","Oddly Smooth Stone","Nuclear Battery","Cables","Du-Vu Doll"],"acts_visited":["Exordium","TheCity"],"potions_floor_usage":[20,24,27,27,27,29,33,33,33],"damage_taken":[{"damage":0,"enemies":"Jaw Worm","floor":1,"turns":1},{"damage":1,"enemies":"Cultist","floor":3,"turns":1},{"damage":0,"enemies":"2 Louse","floor":4,"turns":1},{"damage":19,"enemies":"Lagavulin","floor":7,"turns":5},{"damage":12,"enemies":"Exordium Thugs","floor":11,"turns":5},{"damage":13,"enemies":"Exordium Wildlife","floor":12,"turns":4},{"damage":20,"enemies":"Slime Boss","floor":16,"turns":7},{"damage":6,"enemies":"Chosen","floor":18,"turns":4},{"damage":21,"enemies":"3 Byrds","floor":20,"turns":6},{"damage":11,"enemies":"Centurion and Healer","floor":24,"turns":6},{"damage":4,"enemies":"Slavers","floor":27,"turns":5},{"damage":2,"enemies":"Snake Plant","floor":29,"turns":3},{"damage":11,"enemies":"3 Cultists","floor":30,"turns":7},{"damage":72,"enemies":"Champ","floor":33,"turns":8}],"seed_played":"7448510647521424303","potions_obtained":[{"floor":7,"key":"Fire Potion"},{"floor":11,"key":"ColorlessPotion"},{"floor":12,"key":"Explosive Potion"},{"floor":18,"key":"EntropicBrew"},{"floor":20,"key":"Fruit Juice"},{"floor":27,"key":"FocusPotion"},{"floor":29,"key":"LiquidMemories"}],"is_trial":false,"path_per_floor":["M","?","M","M","?","R","E","$","T","$","M","M","R","?","R","B",null,"M","?","M","?","$","R","M","R","T","E","?","M","M","?","R","B"],"character_chosen":"DEFECT","items_purchased":["Orichalcum","Streamline","Leap"],"campfire_rested":4,"item_purchase_floors":[8,22,22],"current_hp_per_floor":[75,75,74,74,74,74,62,62,62,62,50,37,61,50,74,54,82,76,60,39,33,33,59,53,80,80,76,76,74,63,63,63,0,0],"gold":382,"neow_bonus":"THREE_ENEMY_KILL","is_daily":false,"chose_seed":false,"campfire_upgraded":2,"win_rate":0.0,"timestamp":1609988200,"path_taken":["M","?","?","M","?","R","E","?","T","$","?","M","R","?","R","BOSS","M","?","M","?","$","R","M","R","T","E","?","M","M","?","R","BOSS"],"items_purchased_type":["Relic","Card","Card"],"build_version":"2020-12-22","purchased_purges":1,"victory":false,"max_hp_per_floor":[75,75,75,75,75,75,82,82,82,82,82,82,82,82,82,82,82,82,87,87,87,87,87,92,92,92,92,92,92,92,92,92,92,92],"card_choices":[{"not_picked":["Ball Lightning","Coolheaded"],"picked":"Streamline","floor":1},{"not_picked":["Loop","Cold Snap"],"picked":"Rebound","floor":3},{"not_picked":["Gash","Redo"],"picked":"Rebound","floor":4},{"not_picked":["Rebound","Steam"],"picked":"Creative AI","floor":7},{"not_picked":["Lockon","Conserve Battery"],"picked":"Steam","floor":11},{"not_picked":["Stack","Barrage"],"picked":"Chill","floor":12},{"not_picked":["All For One","Creative AI"],"picked":"Core Surge","floor":16},{"not_picked":["Reinforced Body","Leap"],"picked":"Steam","floor":18},{"not_picked":["Storm","Barrage"],"picked":"Go for the Eyes","floor":20},{"not_picked":["Tempest","Skim"],"picked":"Leap","floor":24},{"not_picked":["Redo","Barrage"],"picked":"Streamline+1","floor":27},{"not_picked":["Melter","Hello World"],"picked":"Rebound","floor":29},{"not_picked":["Gash","Reinforced Body","Go for the Eyes"],"picked":"SKIP","floor":30}],"player_experience":252794,"relics_obtained":[{"floor":7,"key":"Strawberry"},{"floor":9,"key":"Oddly Smooth Stone"},{"floor":26,"key":"Cables"},{"floor":27,"key":"Du-Vu Doll"}],"event_choices":[{"damage_healed":0,"gold_gain":0,"player_choice":"Rummage","damage_taken":0,"relics_obtained":["WarpedTongs"],"max_hp_gain":0,"max_hp_loss":0,"event_name":"Accursed Blacksmith","floor":2,"gold_loss":0,"cards_obtained":["Pain"]},{"damage_healed":0,"gold_gain":0,"cards_transformed":["Pain"],"player_choice":"Transformed","damage_taken":0,"max_hp_gain":0,"max_hp_loss":0,"event_name":"Transmorgrifier","floor":5,"gold_loss":0,"cards_obtained":["FTL"]},{"damage_healed":0,"gold_gain":75,"player_choice":"Gold","damage_taken":11,"max_hp_gain":0,"max_hp_loss":0,"event_name":"betterThird:BetterGoop","floor":14,"gold_loss":0},{"damage_healed":0,"gold_gain":0,"player_choice":"Shed Blood","damage_taken":21,"max_hp_gain":5,"max_hp_loss":0,"event_name":"Forgotten Altar","floor":19,"gold_loss":0},{"damage_healed":0,"gold_gain":0,"player_choice":"Dagger","damage_taken":6,"max_hp_gain":0,"max_hp_loss":0,"event_name":"betterThird:BetterNest","floor":21,"gold_loss":0,"cards_obtained":["RitualDagger"]},{"damage_healed":0,"gold_gain":0,"player_choice":"Read","damage_taken":0,"max_hp_gain":0,"max_hp_loss":0,"event_name":"The Library","floor":28,"gold_loss":0,"cards_obtained":["Rebound"]},{"damage_healed":0,"gold_gain":275,"player_choice":"Desecrate","damage_taken":0,"max_hp_gain":0,"max_hp_loss":0,"event_name":"Golden Shrine","floor":31,"gold_loss":0,"cards_obtained":["Regret"]}],"is_beta":false,"boss_relics":[{"not_picked":["Runic Dome","Tiny House"],"picked":"Nuclear Battery"}],"items_purged_floors":[22],"is_endless":false,"potions_floor_spawned":[7,11,12,18,20,27,29],"killed_by":"Champ","ascension_level":4}}