{"host":"ig7tc0uedzltt2sr","time":1609990151,"event":{"mods":["BaseMod","Better Twitch Integration","Block Reminder","Colored Map","Colored Powertips","Communication Mod","Current Relic Mod","GifTheSpireLib","HexUI Lib","Minty Spire (QoL Compilation)","Quick Restart","Random Character Button","Rare Cards Sparkle","Relic Sorter","Relic Stats","Slay the Relics Exporter","StSLib","SuperFastMode","Synergy Search","Twitch Decklist","Twitch Utils","everything is the same but u backflip on backflip","slay the spire mod where everything is the same but ironclad has a cowboy hat"],"gold_per_floor":[117,130,130,130,145,145,165,165,190,190,190],"floor_reached":10,"playtime":56,"items_purged":[],"score":58,"play_id":"9f5621ca-df0c-4174-8653-9c4118c4acdd","local_time":"20210106192911","is_ascension_mode":false,"campfire_choices":[{"data":"Strike_R","floor":6,"key":"SMITH"}],"circlet_count":0,"master_deck":["Strike_R+1","Strike_R","Strike_R","Strike_R","Strike_R+1","Defend_R","Defend_R","Defend_R","Defend_R","Bash","Carnage","Flame Barrier+1","Uppercut","Evolve"],"relics":["Burning Blood","MealTicket"],"acts_visited":["Exordium"],"potions_floor_usage":[],"damage_taken":[{"damage":19,"enemies":"Jaw Worm","floor":1,"turns":8},{"damage":13,"enemies":"Cultist","floor":2,"turns":4},{"damage":4,"enemies":"Small Slimes","floor":5,"turns":5},{"damage":15,"enemies":"Looter","floor":7,"turns":4},{"damage":50,"enemies":"Gremlin Nob","floor":10,"turns":5}],"seed_played":"1924073860872514670","potions_obtained":[{"floor":1,"key":"LiquidBronze"},{"floor":2,"key":"Strength Potion"}],"is_trial":false,"path_per_floor":["M","M","$","?","M","R","M","$","T","E"],"character_chosen":"IRONCLAD","items_purchased":[],"campfire_rested":0,"item_purchase_floors":[],"current_hp_per_floor":[75,68,68,50,52,52,43,43,43,0,0],"gold":190,"neow_bonus":"TEN_PERCENT_HP_BONUS","is_daily":false,"chose_seed":false,"campfire_upgraded":1,"win_rate":0.0,"timestamp":1609990151,"path_taken":["M","M","$","?","M","R","M","?","T","E"],"items_purchased_type":[],"build_version":"2020-12-22","purchased_purges":0,"victory":false,"max_hp_per_floor":[88,88,88,88,88,88,88,88,88,88,88],"relic_stats":{"counters":[5,26],"MealTicket":0,"obtain_stats":[{"MealTicket":9,"Burning Blood":0},{"MealTicket":4,"Burning Blood":0},{"MealTicket":21,"Burning Blood":0}],"Burning Blood":24},"card_choices":[{"not_picked":["Uppercut","Sever Soul"],"picked":"Carnage","floor":1},{"not_picked":["Pommel Strike","Warcry"],"picked":"Flame Barrier","floor":2},{"not_picked":["Sword Boomerang","Iron Wave"],"picked":"Uppercut","floor":5},{"not_picked":["Clothesline","Perfected Strike"],"picked":"Evolve","floor":7}],"player_experience":1442965,"relics_obtained":[{"floor":9,"key":"MealTicket"}],"event_choices":[{"damage_healed":0,"gold_gain":0,"player_choice":"Entered Light","damage_taken":18,"max_hp_gain":0,"max_hp_loss":0,"event_name":"Shining Light","floor":4,"gold_loss":0,"cards_upgraded":["Strike_R","Flame Barrier"]}],"is_beta":false,"boss_relics":[],"items_purged_floors":[],"is_endless":false,"potions_floor_spawned":[1,2],"killed_by":"Gremlin Nob","ascension_level":0}}