{"host":"dh8vptmequbrae31","time":1609980021,"event":{"mods":["2.2 Compatiblity","AchievementEnabler","BaseMod","Colored Map","Evolution","Minty Spire (QoL Compilation)","Td1madao Mod"],"gold_per_floor":[113,113,63,163,178,212,212,212,258,278,312,43,71,87,87,191,191,204,204,129,129,146,172,97,97,147,46,46,46],"floor_reached":28,"playtime":3564,"items_purged":[],"score":277,"play_id":"9762d75f-6cfe-4d7f-be3f-bb50656aa4e8","local_time":"20210106194021","is_ascension_mode":false,"campfire_choices":[{"data":"Black Shadow","floor":8.0,"key":"SMITH"},{"floor":15.0,"key":"REST"}],"circlet_count":0,"master_deck":["Strike_C","Strike_C","Strike_C","Defend_C+1","Defend_C","Knight Kick","Chip","Twin Teeth","Fixing","Black Shadow+1","Fire Blade","Preloading+1","Machining","Awareness","Pod Fire","Reflection Mechanism","Furious","Floating Swing Kick+1","Load Balancing","Afterwards"],"relics":["Apod","NeowsBlessing","Gremlin Horn","Unceasing Top","War Paint","Blood Vial","Oddly Smooth Stone","SlaversCollar","Regal Pillow","Nilry\u0027s Codex","Smiling Mask"],"acts_visited":["Exordium","TheCity"],"potions_floor_usage":[28,28,28],"damage_taken":[{"damage":0.0,"enemies":"Jaw Worm","floor":1.0,"turns":1.0},{"damage":0.0,"enemies":"Small Slimes","floor":5.0,"turns":1.0},{"damage":0.0,"enemies":"Gremlin Nob","floor":6.0,"turns":1.0},{"damage":0.0,"enemies":"Cultist","floor":10.0,"turns":3.0},{"damage":31.0,"enemies":"3 Sentries","floor":11.0,"turns":11.0},{"damage":25.0,"enemies":"Gremlin Nob","floor":13.0,"turns":6.0},{"damage":2.0,"enemies":"2 Fungi Beasts","floor":14.0,"turns":3.0},{"damage":15.0,"enemies":"Hexaghost","floor":16.0,"turns":10.0},{"damage":2.0,"enemies":"3 Byrds","floor":18.0,"turns":5.0},{"damage":19.0,"enemies":"2 Thieves","floor":20.0,"turns":5.0},{"damage":3.0,"enemies":"Snecko","floor":22.0,"turns":6.0},{"damage":30.0,"enemies":"Book of Stabbing","floor":23.0,"turns":8.0},{"damage":18,"enemies":"Slavers","floor":28,"turns":1}],"seed_played":"-1932416041462194619","potions_obtained":[{"floor":6.0,"key":"DistilledChaos"},{"floor":13.0,"key":"EssenceOfSteel"},{"floor":16.0,"key":"Explosive Potion"},{"floor":22.0,"key":"Energy Potion"}],"is_trial":false,"path_per_floor":["M","?","?","?","M","E","?","R","T","M","E","$","E","M","R","B",null,"M","?","M","?","M","E","?","?","T","$","E"],"character_chosen":"TD1MADAO_CLASS","items_purchased":["Awareness","Blood Vial","Pod Fire","SkillPotion","AttackPotion"],"campfire_rested":1,"item_purchase_floors":[12,12,12,27,27],"current_hp_per_floor":[70,67,67,67,67,67,67,67,67,67,36,36,14,14,35,25,70,70,70,51,51,51,24,24,8,8,8,0,0],"gold":46,"neow_bonus":"THREE_ENEMY_KILL","is_daily":false,"chose_seed":false,"campfire_upgraded":1,"win_rate":0.0,"timestamp":1609980021,"path_taken":["M","?","?","?","?","E","?","R","T","M","E","$","E","?","R","BOSS","M","?","M","?","M","E","?","?","T","$","E"],"items_purchased_type":["Card","Relic","Card","Potion","Potion"],"build_version":"2020-12-22","purchased_purges":0,"victory":false,"max_hp_per_floor":[70,70,70,70,70,70,70,70,70,70,70,70,70,70,70,70,70,70,70,70,70,70,70,70,70,70,70,70,70],"card_choices":[{"not_picked":["Cursed Blade","Weapon Shift"],"picked":"Twin Teeth","floor":1.0},{"not_picked":["Judgment","Light Attack"],"picked":"Fixing","floor":5.0},{"not_picked":["Afterwards","Provocative"],"picked":"Black Shadow","floor":6.0},{"not_picked":["Bugfix","Fixing"],"picked":"Preloading","floor":10.0},{"not_picked":["Coercion","De Ware Chip"],"picked":"Machining","floor":11.0},{"not_picked":["Black Dance","Black Hand","Provocative"],"picked":"SKIP","floor":13.0},{"not_picked":["Bugfix","Three Hit"],"picked":"Reflection Mechanism","floor":14.0},{"not_picked":["Optimization","Backup"],"picked":"Furious","floor":16.0},{"not_picked":["Rupture","Three Hit"],"picked":"Floating Swing Kick+1","floor":18.0},{"not_picked":["New Defend Magic","Floating Swing Kick"],"picked":"Afterwards","floor":20.0},{"not_picked":["Afterwards","Light Attack","Machining"],"picked":"SKIP","floor":22.0},{"not_picked":["Furious","Money Cant Rescue","Lunge+1"],"picked":"SKIP","floor":23.0}],"player_experience":250134,"relics_obtained":[{"floor":6.0,"key":"Unceasing Top"},{"floor":11.0,"key":"War Paint"},{"floor":13.0,"key":"Oddly Smooth Stone"},{"floor":23.0,"key":"Regal Pillow"},{"floor":25,"key":"Nilry\u0027s Codex"},{"floor":26,"key":"Smiling Mask"}],"event_choices":[{"damage_healed":0.0,"max_hp_gain":0.0,"max_hp_loss":0.0,"gold_gain":0.0,"event_name":"Scrap Ooze","player_choice":"Success","floor":2.0,"gold_loss":0.0,"damage_taken":3.0,"relics_obtained":["Gremlin Horn"]},{"cards_removed":["Defend_C"],"damage_healed":0.0,"max_hp_gain":0.0,"max_hp_loss":0.0,"gold_gain":0.0,"event_name":"The Cleric","player_choice":"Card Removal","floor":3.0,"gold_loss":50.0,"damage_taken":0.0},{"damage_healed":0.0,"max_hp_gain":0.0,"max_hp_loss":0.0,"gold_gain":100.0,"event_name":"Wheel of Change","player_choice":"Gold","floor":4.0,"gold_loss":0.0,"damage_taken":0.0},{"damage_healed":0.0,"max_hp_gain":0.0,"max_hp_loss":0.0,"gold_gain":0.0,"cards_transformed":["Strike_C"],"event_name":"Transmorgrifier","player_choice":"Transformed","floor":7.0,"gold_loss":0.0,"damage_taken":0.0,"cards_obtained":["Fire Blade"]},{"damage_healed":0.0,"max_hp_gain":0.0,"max_hp_loss":0.0,"gold_gain":0.0,"event_name":"The Library","player_choice":"Read","floor":19.0,"gold_loss":0.0,"damage_taken":0.0,"cards_obtained":["Load Balancing"]},{"damage_healed":0.0,"max_hp_gain":0.0,"max_hp_loss":0.0,"gold_gain":0.0,"event_name":"Ghosts","player_choice":"Ignored","floor":21.0,"gold_loss":0.0,"damage_taken":0.0},{"cards_removed":["Defend_C"],"damage_healed":0,"gold_gain":0,"player_choice":"Gave Gold","damage_taken":0,"max_hp_gain":0,"max_hp_loss":0,"event_name":"Beggar","floor":24,"gold_loss":75},{"damage_healed":0,"gold_gain":0,"player_choice":"Obtained Book","damage_taken":16,"max_hp_gain":0,"max_hp_loss":0,"event_name":"Cursed Tome","floor":25,"gold_loss":0}],"is_beta":false,"boss_relics":[{"not_picked":["SacredBark","Runic Dome"],"picked":"SlaversCollar"}],"items_purged_floors":[],"is_endless":false,"potions_floor_spawned":[6,13,16,22],"killed_by":"Slavers","ascension_level":0}}