{"host":"17xjy7b7ubl548g2","time":1609978528,"event":{"mods":["2.2 Compatiblity","Act Like it!","Aspiration","Astrologer","Bard","BaseMod","Bestiary","Challenge The Spire","ChefMod","Colored Map","Conspire","Elementarium","Energized Spire","Gensokyo","GifTheSpireLib","Halation","Hallownest","Hubris","Infinite Spire","Jedi Mod","Jorbs\u0027s Wanderer Trilogy","Marisa（霧雨　魔理沙）","Marked Mod","Menagerie","Minty Spire (QoL Compilation)","Pale of the Ancients","Permanent Neow","Puzzle Mod","Replay The Spire","Robot Space Explorer","Spicy Shops","StSLib","Stuff the Spire","The Blue Laboratory","The Bug Knight","The Construct","The Disciple","The Factory","The Hayseed","The Hierophant","The Marked","The Runesmith","The Sage","TheFirefly"],"gold_per_floor":[119,136,61,61,61,95,95,124,177,177,190,326,31,131,131,206,206,226,20,20,20,20,160,179,194,246,246,354,354,354,373,373,447,447,466,485,485,117,165,165,165,165,165,305,315,415,434,454,454,454],"floor_reached":51,"playtime":4669,"items_purged":["Strike_R","Strike_R"],"score":1472,"play_id":"ad3f2023-a33b-4f12-9e5f-542aaac5ba63","local_time":"20210106191528","is_ascension_mode":true,"campfire_choices":[{"floor":7.0,"key":"REST"},{"data":"Immolate","floor":10.0,"key":"SMITH"},{"data":"Apotheosis","floor":15.0,"key":"SMITH"},{"data":"ReplayUltimateDefense","floor":27,"key":"SMITH"},{"data":"infinitespire:SevenWalls","floor":29,"key":"SMITH"},{"data":"infinitespire:Gouge","floor":32,"key":"SMITH"},{"data":"Inflame","floor":40,"key":"SMITH"},{"data":"Sentinel","floor":42,"key":"SMITH"},{"data":"Limit Break","floor":49,"key":"SMITH"}],"circlet_count":0,"master_deck":["AscendersBane","Bash+1","Twin Strike","Headbutt","Sentinel+1","Apotheosis+1","Inflame+1","Impervious","ReplayUltimateDefense+1","PanicButton","infinitespire:SevenWalls+1","infinitespire:Gouge+1","Flame Barrier","Inflame+1","ReplayTheSpireMod:Stacked","Shrug It Off","Body Slam+1","Immolate","ReplayTheSpireMod:Muscle Training+1","Run Through+1","Parasite"],"relics":["Burning Blood","halation:EternalFortune","StuffTheSpire:Rhapsscallions","HornCleat","jedi:HeartOfTheCards","StuffTheSpire:TintedRock","jedi:leech","hubris:Zylophone","halation:CatFaceCupcake","hubris:Icosahedron","Happy Flower","aspiration:Lifesprig","aspiration:TomeofQuesting","Elementarium:ElementariumTrophy","SlaversCollar","StuffTheSpire:DarkSteelAnvil","Du-Vu Doll","jedi:ironblood","infinitespire:CheckeredPen","Shuriken"],"acts_visited":["Exordium","Menagerie:Menagerie","TheBeyond"],"potions_floor_usage":[28,39,46,50,50],"damage_taken":[{"damage":8.0,"enemies":"Menagerie:MonstrousExperiment","floor":1.0,"turns":3.0},{"damage":1.0,"enemies":"Menagerie:WhisperingWraith","floor":2.0,"turns":4.0},{"damage":49.0,"enemies":"Menagerie:VoidReaper","floor":6.0,"turns":8.0},{"damage":10.0,"enemies":"Menagerie:Hydra","floor":8.0,"turns":4.0},{"damage":1.0,"enemies":"Menagerie:StygianBoar","floor":11.0,"turns":2.0},{"damage":26.0,"enemies":"Menagerie:VoidReaper","floor":12.0,"turns":5.0},{"damage":29.0,"enemies":"Menagerie:Hydra","floor":14.0,"turns":5.0},{"damage":1.0,"enemies":"Menagerie:AVATARS","floor":16.0,"turns":5.0},{"damage":4.0,"enemies":"Elementarium:Cyclone","floor":18.0,"turns":4.0},{"damage":0,"enemies":"Nightmare","floor":23,"turns":8},{"damage":4,"enemies":"Elementarium:MUD_AND_TAR_GOLEMS","floor":24,"turns":3},{"damage":0,"enemies":"Elementarium:3_ELEMENTALS","floor":25,"turns":3},{"damage":13,"enemies":"Elementarium:WarGolem","floor":28,"turns":6},{"damage":0,"enemies":"Elementarium:VoidBeast","floor":31,"turns":6},{"damage":8,"enemies":"Elementarium:PHOENIXES","floor":33,"turns":11},{"damage":0,"enemies":"3 Darklings","floor":35,"turns":6},{"damage":0,"enemies":"3 Shapes","floor":36,"turns":2},{"damage":36,"enemies":"2 Orb Walkers","floor":39,"turns":5},{"damage":0,"enemies":"R_Hoarder","floor":44,"turns":6},{"damage":5,"enemies":"Spire Growth","floor":45,"turns":6},{"damage":4,"enemies":"Giant Head","floor":46,"turns":8},{"damage":16,"enemies":"Transient","floor":47,"turns":6},{"damage":0,"enemies":"Writhing Mass","floor":48,"turns":6},{"damage":0,"enemies":"Time Eater","floor":50,"turns":6}],"seed_played":"-4594911032496286297","potions_obtained":[{"floor":1.0,"key":"Toxic Potion"},{"floor":6.0,"key":"Explosive Potion"},{"floor":18.0,"key":"blueLaboratory:BottledHope"},{"floor":24,"key":"FearPotion"},{"floor":28,"key":"ColorlessPotion"},{"floor":33,"key":"Reflective Coating"},{"floor":36,"key":"blueLaboratory:EntrenchedPotion"},{"floor":44,"key":"Strength Potion"},{"floor":47,"key":"Elixir"}],"is_trial":false,"path_per_floor":["M","M","$","?","T","E","R","E","T","R","M","E","$","E","R","B",null,"M","$","?","?","AVR","NM","M","M","T","R","E","R","?","M","R","B",null,"M","M","?","$","?","R","?","R","T","E","M","E","M","M","R_BF","B",null],"character_chosen":"IRONCLAD","items_purchased":["Apotheosis","Inflame","ReplayUltimateDefense","StuffTheSpire:DarkSteelAnvil","Shrug It Off"],"campfire_rested":1,"item_purchase_floors":[13,13,19,38,38],"current_hp_per_floor":[66,71,71,74,79,36,60,56,56,56,61,41,41,18,18,23,68,70,70,70,70,70,76,78,83,83,83,76,76,76,82,82,80,82,83,83,83,83,53,53,53,53,53,83,83,83,73,79,79,83],"gold":454,"neow_bonus":"UPGRADE_CARD","is_daily":false,"chose_seed":false,"campfire_upgraded":8,"win_rate":0.0,"timestamp":1609978528,"path_taken":["M","M","$","?","?","E","R","E","T","R","?","E","?","E","R","BOSS","M","$","?","?","AVR","NM","M","M","T","R","E","R","?","M","R","BOSS","M","M","?","$","?","R","?","R","T","E","M","E","M","?","R_BF","BOSS"],"items_purchased_type":["Card","Card","Card","Relic","Card"],"build_version":"2020-12-22","purchased_purges":2,"victory":true,"max_hp_per_floor":[75,75,75,78,83,83,83,83,83,83,83,83,83,83,83,83,83,83,83,83,83,83,83,83,83,83,83,83,83,83,83,83,83,83,83,83,83,83,83,83,83,83,83,83,83,83,83,83,83,83],"card_choices":[{"not_picked":["Thunderclap","Twin Strike"],"picked":"Flame Barrier","floor":1.0},{"not_picked":["StuffTheSpire:RockThrow","Perfected Strike"],"picked":"Twin Strike","floor":2.0},{"not_picked":["ReplayTheSpireMod:Corrosion Curse","conspire:ExplosiveBarrier"],"picked":"Headbutt","floor":6.0},{"not_picked":["jedi:fear","jedi:MakeshiftSword"],"picked":"Immolate","floor":8.0},{"not_picked":["Clash","jedi:fear","Wild Strike"],"picked":"SKIP","floor":11.0},{"not_picked":["Burning Pact","Twin Strike"],"picked":"Sentinel","floor":12.0},{"not_picked":["Shrug It Off","Warcry"],"picked":"Impervious","floor":14.0},{"not_picked":["Berserk","Double Tap"],"picked":"Limit Break","floor":16.0},{"not_picked":["Armaments","jedi:suffering","StuffTheSpire:Incineration"],"picked":"SKIP","floor":18.0},{"not_picked":["ReplayTheSpireMod:Necrogeddon","Specialist"],"picked":"PanicButton","floor":20},{"not_picked":["ReplayTheSpireMod:Chaos Vortex","hubris:Rewind"],"picked":"infinitespire:Gouge","floor":23},{"not_picked":["Clothesline","Heavy Blade"],"picked":"Flame Barrier","floor":23},{"not_picked":["conspire:Purge","Flex"],"picked":"Shrug It Off","floor":24},{"not_picked":["Flex","Second Wind","Fire Breathing"],"picked":"SKIP","floor":25},{"not_picked":["Body Slam","Wild Strike"],"picked":"Inflame","floor":28},{"not_picked":["ReplayTheSpireMod:Strike From Hell+1","Reckless Charge"],"picked":"Headbutt","floor":31},{"not_picked":["Flex+1","Headbutt+1"],"picked":"ReplayTheSpireMod:Stacked","floor":35},{"not_picked":["Headbutt","Anger","Replay:Undeath\u0027s Touch"],"picked":"SKIP","floor":36},{"not_picked":["Berserk","Clothesline"],"picked":"Body Slam+1","floor":39},{"not_picked":["Anger","Body Slam"],"picked":"Immolate","floor":44},{"not_picked":["Heavy Blade","Run Through"],"picked":"ReplayTheSpireMod:Muscle Training+1","floor":45},{"not_picked":["Havoc+1","Cleave+1"],"picked":"Run Through+1","floor":46},{"not_picked":["Wild Strike","Pommel Strike"],"picked":"True Grit","floor":47},{"not_picked":["Headbutt","hubris:CleavingFinish","Berserk"],"picked":"SKIP","floor":48}],"player_experience":1696475,"relics_obtained":[{"floor":5.0,"key":"StuffTheSpire:Rhapsscallions"},{"floor":6.0,"key":"HornCleat"},{"floor":8.0,"key":"jedi:HeartOfTheCards"},{"floor":9.0,"key":"StuffTheSpire:TintedRock"},{"floor":12.0,"key":"jedi:leech"},{"floor":14.0,"key":"hubris:Zylophone"},{"floor":23,"key":"Happy Flower"},{"floor":26,"key":"aspiration:Lifesprig"},{"floor":28,"key":"aspiration:TomeofQuesting"},{"floor":39,"key":"Du-Vu Doll"},{"floor":43,"key":"jedi:ironblood"},{"floor":44,"key":"infinitespire:CheckeredPen"},{"floor":46,"key":"Shuriken"}],"event_choices":[{"damage_healed":0,"gold_gain":0,"player_choice":"Machinery","damage_taken":0,"max_hp_gain":0,"max_hp_loss":0,"event_name":"Elementarium:IncubationChamber","floor":20,"gold_loss":0},{"damage_healed":0,"gold_gain":0,"player_choice":"Fight","damage_taken":0,"max_hp_gain":0,"max_hp_loss":0,"event_name":"Mysterious Sphere","floor":39,"gold_loss":0},{"damage_healed":0,"gold_gain":0,"player_choice":"0 cards matched","damage_taken":0,"max_hp_gain":0,"max_hp_loss":0,"event_name":"Match and Keep!","floor":41,"gold_loss":0,"cards_obtained":[]}],"is_beta":false,"boss_relics":[{"not_picked":["aspiration:SecretTechniqueScroll","halation:PinkAlligatorPlush"],"picked":"halation:CatFaceCupcake"},{"not_picked":["StuffTheSpire:Kangaroo","Replay:Wanted Poster"],"picked":"SlaversCollar"}],"items_purged_floors":[3,22],"is_endless":false,"potions_floor_spawned":[1,6,18,24,28,33,36,44,45,47,48],"ascension_level":17}}