{"host":"ue7jlgf7uv134an9","time":1609999480,"event":{"mods":["BaseMod","Better Third Choice","Defuse TimeMaze Blight","Minty Spire (QoL Compilation)","Quick Restart","Rare Cards Sparkle","Relic Stats","StSLib","UnlockEverythingMod"],"gold_per_floor":[118,118,134,99,99,132,142,152,152,170,170,170],"floor_reached":11,"playtime":223,"items_purged":[],"score":200,"play_id":"33107fba-c3cf-4de7-95cf-04ee10d44248","local_time":"20210107010440","is_ascension_mode":true,"campfire_choices":[],"circlet_count":0,"master_deck":["AscendersBane","Strike_G","Strike_G","Strike_G","Strike_G","Strike_G","Defend_G","Defend_G","Defend_G","Defend_G","Defend_G","Survivor","Neutralize","Poisoned Stab","Endless Agony","All Out Attack","Backflip","PiercingWail"],"relics":["Ring of the Snake","NeowsBlessing","Ancient Tea Set","Shuriken","StrikeDummy"],"acts_visited":["Exordium"],"potions_floor_usage":[11],"damage_taken":[{"damage":0.0,"enemies":"Small Slimes","floor":1.0,"turns":1.0},{"damage":0.0,"enemies":"Jaw Worm","floor":3.0,"turns":1.0},{"damage":0.0,"enemies":"Gremlin Nob","floor":6.0,"turns":1.0},{"damage":0.0,"enemies":"2 Louse","floor":7.0,"turns":2.0},{"damage":6.0,"enemies":"Looter","floor":8.0,"turns":3.0},{"damage":9.0,"enemies":"Blue Slaver","floor":10.0,"turns":4.0},{"damage":22,"enemies":"3 Sentries","floor":11,"turns":6}],"seed_played":"2193136991788013127","potions_obtained":[{"floor":3.0,"key":"FearPotion"},{"floor":10.0,"key":"Poison Potion"}],"is_trial":false,"path_per_floor":["M","?","M","?","?","E","M","M","T","M","E"],"character_chosen":"THE_SILENT","items_purchased":[],"campfire_rested":0,"item_purchase_floors":[],"current_hp_per_floor":[59,14,14,30,30,30,30,24,24,15,0,0],"gold":170,"neow_bonus":"THREE_ENEMY_KILL","is_daily":false,"chose_seed":false,"campfire_upgraded":0,"win_rate":0.0,"timestamp":1609999480,"path_taken":["M","?","M","?","?","E","M","M","T","M","E"],"items_purchased_type":[],"build_version":"2020-12-22","purchased_purges":0,"victory":false,"max_hp_per_floor":[66,66,66,66,66,66,66,66,66,66,66,66],"relic_stats":{"counters":[7,18],"Shuriken":[4],"obtain_stats":[{"NeowsBlessing":0,"Shuriken":6,"Ancient Tea Set":2,"StrikeDummy":9,"Ring of the Snake":0},{"NeowsBlessing":0,"Shuriken":3,"Ancient Tea Set":1,"StrikeDummy":5,"Ring of the Snake":0},{"NeowsBlessing":0,"Shuriken":3,"Ancient Tea Set":1,"StrikeDummy":8,"Ring of the Snake":0}],"Ring of the Snake":[14]},"card_choices":[{"not_picked":["Quick Slash","Skewer"],"picked":"Poisoned Stab","floor":1.0},{"not_picked":["Escape Plan","Riddle With Holes"],"picked":"Endless Agony","floor":3.0},{"not_picked":["Quick Slash","Infinite Blades"],"picked":"All Out Attack","floor":6.0},{"not_picked":["Deadly Poison","Dodge and Roll"],"picked":"Backflip","floor":7.0},{"not_picked":["Dagger Throw","Outmaneuver"],"picked":"PiercingWail","floor":8.0},{"not_picked":["Prepared","Bane","Flying Knee"],"picked":"SKIP","floor":10.0}],"player_experience":53644,"relics_obtained":[{"floor":6.0,"key":"Shuriken"},{"floor":9.0,"key":"StrikeDummy"}],"event_choices":[{"damage_healed":0.0,"max_hp_gain":0.0,"max_hp_loss":0.0,"gold_gain":0.0,"event_name":"betterThird:BetterScrap","player_choice":"Relic ","floor":2.0,"gold_loss":0.0,"damage_taken":45.0,"cards_obtained":["FearNoEvil"]},{"damage_healed":16.0,"max_hp_gain":0.0,"max_hp_loss":0.0,"gold_gain":0.0,"event_name":"The Cleric","player_choice":"Healed","floor":4.0,"gold_loss":35.0,"damage_taken":0.0},{"damage_healed":0.0,"max_hp_gain":0.0,"max_hp_loss":0.0,"gold_gain":0.0,"event_name":"Golden Idol","player_choice":"Ignored","floor":5.0,"gold_loss":0.0,"damage_taken":0.0}],"is_beta":false,"boss_relics":[],"items_purged_floors":[],"is_endless":false,"potions_floor_spawned":[3,10],"killed_by":"3 Sentries","ascension_level":20}}