{"host":"szp1d6dso4pv7ddl","time":1609984899,"event":{"mods":["AchievementEnabler","Alarm Clock","BaseMod","Bestiary","Block Reminder","Colored Map","Colored Powertips","Curses Come First","Displayed Cursed Tome","Highlight Path","Minty Spire (QoL Compilation)","Permanent Neow","Quick Restart","Relic Sorter","Relic Stats","StSLib","Synergy Search"],"gold_per_floor":[114,289,9,20,35,35,35,35,83,83,15,15,28,40,40,40,40],"floor_reached":16,"playtime":439,"items_purged":["Doubt"],"score":153,"play_id":"c5cd5bba-f42f-4043-bebb-03da17ecd2ca","local_time":"20210106180139","is_ascension_mode":true,"campfire_choices":[{"data":"Havoc","floor":6,"key":"SMITH"},{"data":"Burning Pact","floor":8,"key":"SMITH"},{"data":"Bash","floor":10,"key":"SMITH"},{"floor":15,"key":"REST"}],"circlet_count":0,"master_deck":["AscendersBane","Strike_R","Strike_R","Strike_R","Defend_R","Defend_R","Defend_R","Bash+1","Wild Strike","Havoc+1","Sentinel","Spot Weakness","Burning Pact+1","Spot Weakness","True Grit"],"relics":["Burning Blood","Happy Flower","Tiny Chest"],"acts_visited":["Exordium"],"potions_floor_usage":[16],"damage_taken":[{"damage":6,"enemies":"Cultist","floor":1,"turns":4},{"damage":12,"enemies":"2 Louse","floor":4,"turns":3},{"damage":12,"enemies":"Jaw Worm","floor":5,"turns":3},{"damage":12,"enemies":"Large Slime","floor":13,"turns":3},{"damage":13,"enemies":"Blue Slaver","floor":14,"turns":2},{"damage":67,"enemies":"Slime Boss","floor":16,"turns":6}],"seed_played":"-8067114661354786412","potions_obtained":[{"floor":4,"key":"Dexterity Potion"},{"floor":5,"key":"SteroidPotion"}],"is_trial":false,"path_per_floor":["M","?","$","M","M","R","?","R","T","R","$","?","M","M","R","B"],"character_chosen":"IRONCLAD","items_purchased":["Happy Flower","Havoc","Spot Weakness"],"campfire_rested":1,"item_purchase_floors":[3,3,11],"current_hp_per_floor":[50,50,50,44,38,38,38,38,38,38,38,43,37,30,54,0,0],"gold":40,"neow_bonus":"REMOVE_TWO","is_daily":false,"chose_seed":false,"campfire_upgraded":3,"win_rate":0.0,"timestamp":1609984899,"path_taken":["M","?","$","M","M","R","?","R","T","R","?","?","?","M","R","BOSS"],"items_purchased_type":["Relic","Card","Card"],"build_version":"2020-12-22","purchased_purges":1,"victory":false,"max_hp_per_floor":[75,75,75,75,75,75,75,75,75,75,75,80,80,80,80,80,80],"relic_stats":{"Happy Flower":[5],"counters":[6,21],"Tiny Chest":0,"obtain_stats":[{"Happy Flower":3,"Tiny Chest":9,"Burning Blood":0},{"Happy Flower":1,"Tiny Chest":3,"Burning Blood":0},{"Happy Flower":4,"Tiny Chest":10,"Burning Blood":0}],"Burning Blood":30},"card_choices":[{"not_picked":["Infernal Blade","Rupture"],"picked":"Wild Strike","floor":1},{"not_picked":["Hemokinesis","Warcry"],"picked":"Sentinel","floor":4},{"not_picked":["Clothesline","Whirlwind"],"picked":"Spot Weakness","floor":5},{"not_picked":["Anger","Uppercut"],"picked":"True Grit","floor":13},{"not_picked":["Barricade","Sever Soul","Blood for Blood"],"picked":"SKIP","floor":14}],"player_experience":1136339,"relics_obtained":[{"floor":9,"key":"Tiny Chest"}],"event_choices":[{"damage_healed":0,"gold_gain":175,"player_choice":"AGREE","damage_taken":0,"max_hp_gain":0,"max_hp_loss":0,"event_name":"Liars Game","floor":2,"gold_loss":0,"cards_obtained":["Doubt"]},{"damage_healed":0,"gold_gain":0,"cards_transformed":["Strike_R"],"player_choice":"Change","damage_taken":0,"max_hp_gain":0,"max_hp_loss":0,"event_name":"Living Wall","floor":7,"gold_loss":0,"cards_obtained":["Burning Pact"]},{"damage_healed":0,"gold_gain":0,"player_choice":"Donut","damage_taken":0,"max_hp_gain":5,"max_hp_loss":0,"event_name":"Big Fish","floor":12,"gold_loss":0}],"is_beta":false,"boss_relics":[],"items_purged_floors":[3],"is_endless":false,"potions_floor_spawned":[4,5],"killed_by":"Slime Boss","ascension_level":14}}