{"host":"684z1xpuwaoqmmh1","time":1609991413,"event":{"mods":["BaseMod","Downfall","Hermit","Jorbs\u0027s Wanderer Trilogy","Marisa????????","Minty Spire (QoL Compilation)","StSLib","The Hierophant","The Mystic"],"gold_per_floor":[117,117,127,202,221,221,251,251,251,251,285,285,285,285,285,411,411,436,436,436,406,406],"floor_reached":21,"playtime":727,"items_purged":[],"score":284,"play_id":"406c1b94-4129-46ae-8c21-11be4d8758aa","local_time":"20210107055013","is_ascension_mode":true,"campfire_choices":[{"data":"hermit:ShadowCloak","floor":6,"key":"SMITH"},{"data":"hermit:Ricochet","floor":8,"key":"SMITH"},{"floor":12,"key":"REST"},{"floor":15,"key":"REST"}],"circlet_count":0,"master_deck":["AscendersBane","hermit:Strike_Hermit","hermit:Strike_Hermit","hermit:Defend_Hermit+1","hermit:Defend_Hermit","hermit:Defend_Hermit+1","hermit:Snapshot","hermit:Covet","hermit:Enervate","Regret","hermit:ShadowCloak+1","hermit:Ricochet+1","hermit:Determination","hermit:Brawl","Injury","hermit:Dissolve","hermit:ShadowCloak"],"relics":["hermit:Momento","Question Card","Bag of Preparation","Happy Flower","Smiling Mask","Golden Idol","Empty Cage","Nilry\u0027s Codex"],"acts_visited":["Exordium","TheCity"],"potions_floor_usage":[7,21],"damage_taken":[{"damage":0,"enemies":"2 Louse","floor":1,"turns":3},{"damage":4,"enemies":"Small Slimes","floor":3,"turns":4},{"damage":2,"enemies":"Jaw Worm","floor":5,"turns":4},{"damage":18,"enemies":"Lagavulin","floor":7,"turns":8},{"damage":28,"enemies":"Gremlin Nob","floor":11,"turns":4},{"damage":30,"enemies":"The Guardian","floor":16,"turns":14},{"damage":34,"enemies":"3 Byrds","floor":18,"turns":7},{"damage":14,"enemies":"2 Thieves","floor":21,"turns":1}],"seed_played":"8741936694809395557","potions_obtained":[{"floor":5,"key":"AttackPotion"},{"floor":11,"key":"PowerPotion"}],"is_trial":false,"path_per_floor":["M","?","M","?","M","R","E","R","T","?","E","R","?","?","R","B",null,"M","?","?","M"],"character_chosen":"HERMIT","items_purchased":[],"campfire_rested":2,"item_purchase_floors":[],"current_hp_per_floor":[75,75,71,60,58,58,40,40,40,33,5,29,29,13,37,7,63,29,13,13,0,0],"gold":406,"neow_bonus":"TEN_PERCENT_HP_BONUS","is_daily":false,"chose_seed":false,"campfire_upgraded":2,"win_rate":0.0,"timestamp":1609991413,"path_taken":["M","?","M","?","M","R","E","R","T","?","E","R","?","?","R","BOSS","M","?","?","M"],"items_purchased_type":[],"build_version":"2020-12-22","purchased_purges":0,"victory":false,"max_hp_per_floor":[82,82,82,82,82,82,82,82,82,82,82,82,82,82,82,82,82,82,82,82,82,82],"card_choices":[{"not_picked":["hermit:Manifest","hermit:EyeOfTheStorm"],"picked":"hermit:Enervate","floor":1},{"not_picked":["hermit:ItchyTrigger","hermit:Ricochet","hermit:TrackingShot"],"picked":"hermit:ShadowCloak","floor":3},{"not_picked":["hermit:TrackingShot","hermit:Coalescence","hermit:Feint"],"picked":"hermit:Ricochet","floor":5},{"not_picked":["hermit:ItchyTrigger","hermit:Feint","hermit:Dive"],"picked":"hermit:Determination","floor":7},{"not_picked":["hermit:LowProfile","hermit:Gestalt","hermit:Feint"],"picked":"hermit:Brawl","floor":11},{"not_picked":["hermit:HighNoon","hermit:EternalForm","hermit:Magnum"],"picked":"hermit:Dissolve","floor":16},{"not_picked":["hermit:HoleUp","hermit:Gestalt","hermit:Feint"],"picked":"hermit:ShadowCloak","floor":18}],"player_experience":2404876,"relics_obtained":[{"floor":7,"key":"Bag of Preparation"},{"floor":9,"key":"Happy Flower"},{"floor":11,"key":"Smiling Mask"},{"floor":19,"key":"Nilry\u0027s Codex"}],"event_choices":[{"damage_healed":0,"gold_gain":0,"player_choice":"Box","damage_taken":0,"relics_obtained":["Question Card"],"max_hp_gain":0,"max_hp_loss":0,"event_name":"Big Fish","floor":2,"gold_loss":0,"cards_obtained":["Regret"]},{"damage_healed":0,"gold_gain":75,"player_choice":"Gather Gold","damage_taken":11,"max_hp_gain":0,"max_hp_loss":0,"event_name":"World of Goop","floor":4,"gold_loss":0},{"cards_removed":["hermit:Strike_Hermit"],"damage_healed":0,"gold_gain":0,"player_choice":"Card Removal","damage_taken":7,"max_hp_gain":0,"max_hp_loss":0,"event_name":"Golden Wing","floor":10,"gold_loss":0},{"damage_healed":0,"gold_gain":0,"player_choice":"Take Wound","damage_taken":0,"relics_obtained":["Golden Idol"],"max_hp_gain":0,"max_hp_loss":0,"event_name":"Golden Idol","floor":13,"gold_loss":0,"cards_obtained":["Injury"]},{"damage_healed":0,"gold_gain":0,"player_choice":"Entered Light","damage_taken":16,"max_hp_gain":0,"max_hp_loss":0,"event_name":"Shining Light","floor":14,"gold_loss":0,"cards_upgraded":["hermit:Defend_Hermit","hermit:Defend_Hermit"]},{"damage_healed":0,"gold_gain":0,"player_choice":"Obtained Book","damage_taken":16,"max_hp_gain":0,"max_hp_loss":0,"event_name":"Cursed Tome","floor":19,"gold_loss":0}],"is_beta":false,"boss_relics":[{"not_picked":["Velvet Choker","Pandora\u0027s Box"],"picked":"Empty Cage"}],"items_purged_floors":[],"is_endless":false,"potions_floor_spawned":[5,11],"killed_by":"2 Thieves","ascension_level":11}}