{"host":"nox","time":1609988557,"event":{"mods":["Act Like it!","Aspiration","BaseMod","Better Altar","Better Match","Better Note","Better Sensory Stone","Better Skull","Better Third Choice","BetterRewards","Colored Powertips","Conspire","Energized Spire","GifTheSpireLib","Hubris","Infinite Spire","Minty Spire (QoL Compilation)","Pale of the Ancients","Quick Restart","Rare Cards Sparkle","Replay The Spire","Shop Mod","Spikes Relics","StSLib","Stuff the Spire","SuperFastMode","The Alterego","vexMod"],"gold_per_floor":[112,112,125,125,143,143,143],"floor_reached":6,"playtime":222,"items_purged":[],"score":58,"play_id":"085c1bd4-c362-485b-89a0-ab4afb62ff5e","local_time":"20210107100237","is_ascension_mode":true,"campfire_choices":[],"circlet_count":0,"master_deck":["AscendersBane","Strike_R","Strike_R","Strike_R","Strike_R","Strike_R","Defend_R","Defend_R","Defend_R","Defend_R","Bash","ReplayTheSpireMod:Muscle Training","Apotheosis+1"],"relics":["Burning Blood","Iron Hammer","hubris:MobiusCoin","conspire:GlowingRock","Singing Bowl"],"acts_visited":["Exordium"],"potions_floor_usage":[6],"damage_taken":[{"damage":11.0,"enemies":"Cultist","floor":1.0,"turns":4.0},{"damage":5.0,"enemies":"Jaw Worm","floor":3.0,"turns":3.0},{"damage":1.0,"enemies":"2 Louse","floor":5.0,"turns":4.0},{"damage":18,"enemies":"3 Sentries","floor":6,"turns":5}],"seed_played":"-3986907366378828715","potions_obtained":[{"floor":1.0,"key":"ColorlessPotion"},{"floor":3.0,"key":"Weak Potion"}],"is_trial":false,"path_per_floor":["M","$","M","?","M","E"],"character_chosen":"IRONCLAD","items_purchased":["Iron Hammer","hubris:MobiusCoin","conspire:GlowingRock","Singing Bowl"],"campfire_rested":0,"item_purchase_floors":[2,2,2,2],"current_hp_per_floor":[75,7,10,10,17,0,0],"gold":143,"neow_bonus":"TEN_PERCENT_HP_BONUS","is_daily":false,"chose_seed":false,"campfire_upgraded":0,"win_rate":0.0,"timestamp":1609988557,"path_taken":["M","?","M","?","M","E"],"items_purchased_type":["Relic","Relic","Relic","Relic"],"build_version":"2020-11-17","purchased_purges":0,"victory":false,"max_hp_per_floor":[88,88,90,90,92,92,92],"card_choices":[{"not_picked":["Shrug It Off","Infernal Blade"],"picked":"ReplayTheSpireMod:Muscle Training","floor":1.0},{"not_picked":["Body Slam","infinitespire:OneForAll","conspire:ExplosiveBarrier"],"picked":"Singing Bowl","floor":3.0},{"not_picked":["Dark Embrace","Intimidate","Thunderclap"],"picked":"Singing Bowl","floor":5.0}],"player_experience":313815,"relics_obtained":[],"event_choices":[{"damage_healed":10.0,"max_hp_gain":0.0,"max_hp_loss":90.0,"gold_gain":0.0,"event_name":"betterThird:BetterShining","player_choice":"Embrace","floor":4.0,"gold_loss":0.0,"damage_taken":0.0}],"is_beta":true,"boss_relics":[],"items_purged_floors":[],"is_endless":false,"potions_floor_spawned":[1,3],"killed_by":"3 Sentries","ascension_level":12}}