{"host":"tnsigirk6wurdark","time":1609987444,"event":{"mods":["BaseMod","Colored Map","Colored Powertips","DeckTracker","Highlight Path","Minty Spire (QoL Compilation)","Quick Restart","Relic Sorter","StSLib","SuperFastMode","Synergy Search"],"gold_per_floor":[112,112,62,72,72,100,100,135,135,135,22,22,32,48,48,152,152,168,168,180,180,180],"floor_reached":21,"playtime":941,"items_purged":["Strike_G"],"score":249,"play_id":"40e24f50-abd3-4e8a-8a7d-59696cc2ef4a","local_time":"20210107024404","is_ascension_mode":true,"campfire_choices":[{"data":"Blade Dance","floor":7,"key":"SMITH"},{"floor":15,"key":"REST"}],"circlet_count":0,"master_deck":["Strike_G","Defend_G","Defend_G+1","Defend_G","Defend_G","Defend_G","Survivor+1","Neutralize","Dagger Throw","Quick Slash","Footwork","Accuracy","Footwork","Caltrops","Cloak And Dagger+1","Sucker Punch"],"relics":["Ring of the Snake","Ornamental Fan","Oddly Smooth Stone","Blood Vial","Empty Cage"],"acts_visited":["Exordium","TheCity"],"potions_floor_usage":[18],"damage_taken":[{"damage":0,"enemies":"Small Slimes","floor":1,"turns":4},{"damage":0,"enemies":"2 Louse","floor":4,"turns":2},{"damage":22,"enemies":"3 Sentries","floor":6,"turns":12},{"damage":26,"enemies":"Gremlin Nob","floor":8,"turns":5},{"damage":0,"enemies":"Jaw Worm","floor":13,"turns":3},{"damage":0,"enemies":"2 Fungi Beasts","floor":14,"turns":4},{"damage":17,"enemies":"Hexaghost","floor":16,"turns":10},{"damage":16,"enemies":"Spheric Guardian","floor":18,"turns":14},{"damage":8,"enemies":"Chosen","floor":20,"turns":6}],"seed_played":"3135347415223777641","potions_obtained":[{"floor":13,"key":"GhostInAJar"},{"floor":16,"key":"Regen Potion"},{"floor":20,"key":"SteroidPotion"}],"is_trial":false,"path_per_floor":["M","?","?","M","?","E","R","E","T","?","$","?","M","M","R","B",null,"M","?","M","$"],"character_chosen":"THE_SILENT","items_purchased":["Accuracy"],"campfire_rested":1,"item_purchase_floors":[11],"current_hp_per_floor":[77,82,82,82,66,44,44,18,18,18,18,18,20,22,46,31,82,80,92,84,84,84],"gold":180,"neow_bonus":"TEN_PERCENT_HP_BONUS","is_daily":false,"chose_seed":false,"campfire_upgraded":1,"win_rate":0.0,"timestamp":1609987444,"path_taken":["M","?","?","M","?","E","R","E","T","?","$","?","?","M","R","BOSS","M","?","M","$"],"items_purchased_type":["Card"],"build_version":"2020-12-22","purchased_purges":1,"victory":false,"max_hp_per_floor":[77,82,82,82,82,82,82,82,82,82,82,82,82,82,82,82,82,82,92,92,92,92],"card_choices":[{"not_picked":["Underhanded Strike","Prepared"],"picked":"Blade Dance","floor":1},{"not_picked":["Grand Finale","Outmaneuver"],"picked":"Dagger Throw","floor":4},{"not_picked":["Dagger Spray","Underhanded Strike"],"picked":"Quick Slash","floor":6},{"not_picked":["Underhanded Strike","Deflect"],"picked":"Footwork","floor":8},{"not_picked":["Prepared","Sucker Punch"],"picked":"Footwork","floor":13},{"not_picked":["Terror","Dagger Spray"],"picked":"Caltrops","floor":14},{"not_picked":["Glass Knife","After Image"],"picked":"Night Terror","floor":16},{"not_picked":["Backstab","Poisoned Stab"],"picked":"Cloak And Dagger+1","floor":18},{"not_picked":["Bane","All Out Attack+1"],"picked":"Sucker Punch","floor":20}],"player_experience":643877,"relics_obtained":[{"floor":6,"key":"Ornamental Fan"},{"floor":8,"key":"Oddly Smooth Stone"},{"floor":9,"key":"Blood Vial"}],"event_choices":[{"damage_healed":0,"gold_gain":0,"player_choice":"Donut","damage_taken":0,"max_hp_gain":5,"max_hp_loss":0,"event_name":"Big Fish","floor":2,"gold_loss":0},{"cards_removed":["Strike_G"],"damage_healed":0,"gold_gain":0,"player_choice":"Card Removal","damage_taken":0,"max_hp_gain":0,"max_hp_loss":0,"event_name":"The Cleric","floor":3,"gold_loss":50},{"damage_healed":0,"gold_gain":0,"player_choice":"Entered Light","damage_taken":16,"max_hp_gain":0,"max_hp_loss":0,"event_name":"Shining Light","floor":5,"gold_loss":0,"cards_upgraded":["Survivor","Defend_G"]},{"damage_healed":0,"gold_gain":0,"player_choice":"Searched \u00270\u0027 times","damage_taken":0,"max_hp_gain":0,"max_hp_loss":0,"event_name":"Dead Adventurer","floor":10,"gold_loss":0},{"cards_removed":["Strike_G"],"damage_healed":0,"gold_gain":0,"player_choice":"Forget","damage_taken":0,"max_hp_gain":0,"max_hp_loss":0,"event_name":"Living Wall","floor":12,"gold_loss":0},{"cards_removed":["Night Terror"],"damage_healed":2,"gold_gain":0,"player_choice":"Offered Rare","damage_taken":0,"max_hp_gain":10,"max_hp_loss":0,"event_name":"Bonfire Elementals","floor":19,"gold_loss":0}],"is_beta":false,"boss_relics":[{"not_picked":["Cursed Key","Ring of the Serpent"],"picked":"Empty Cage"}],"items_purged_floors":[11],"is_endless":false,"potions_floor_spawned":[13,16,20],"ascension_level":4}}