{"host":"sav7uxregyirlf69","time":1609999391,"event":{"mods":["AchievementEnabler","BaseMod","Colored Map","DeckTracker","Keyboard Shortcuts","Minty Spire (QoL Compilation)","READ ME - Guardian Mod","StSLib","SuperFastMode"],"gold_per_floor":[13,13,32,32,56,56,95,20,20,38,38,38,38,63,63,156,156,170,170,170,170],"floor_reached":20,"playtime":262,"items_purged":["Strike_G"],"score":344,"play_id":"94046551-6374-414a-b16d-fe767fffa62a","local_time":"20210107150311","is_ascension_mode":true,"campfire_choices":[{"data":"All Out Attack","floor":6,"key":"SMITH"},{"floor":11,"key":"REST"},{"data":"Accuracy","floor":15,"key":"SMITH"}],"circlet_count":0,"master_deck":["AscendersBane","Strike_G","Strike_G","Strike_G","Defend_G","Defend_G","Defend_G","Defend_G","Survivor","Neutralize","Accuracy+1","Poisoned Stab+1","All Out Attack+1","Blade Dance","Reflex"],"relics":["Ring of the Snake","Golden Idol","Pantograph","Nunchaku","Black Star","The Courier"],"acts_visited":["Exordium","TheCity"],"potions_floor_usage":[16,16],"damage_taken":[{"damage":0,"enemies":"2 Louse","floor":1,"turns":3},{"damage":11,"enemies":"Cultist","floor":3,"turns":5},{"damage":0,"enemies":"Small Slimes","floor":5,"turns":4},{"damage":31,"enemies":"Gremlin Nob","floor":7,"turns":4},{"damage":0,"enemies":"Exordium Wildlife","floor":10,"turns":2},{"damage":1,"enemies":"Red Slaver","floor":14,"turns":4},{"damage":23,"enemies":"Slime Boss","floor":16,"turns":8},{"damage":27,"enemies":"Shell Parasite","floor":18,"turns":6},{"damage":35,"enemies":"Chosen","floor":20,"turns":5}],"seed_played":"610314909270056151","potions_obtained":[{"floor":1,"key":"Explosive Potion"},{"floor":7,"key":"DuplicationPotion"},{"floor":18,"key":"GamblersBrew"}],"is_trial":false,"path_per_floor":["M","?","M","?","M","R","E","$","T","M","R","$","?","M","R","B",null,"M","T","M"],"character_chosen":"THE_SILENT","items_purchased":[],"campfire_rested":1,"item_purchase_floors":[],"current_hp_per_floor":[59,59,48,48,48,48,17,17,17,17,35,35,35,34,34,36,54,27,27,0,0],"gold":170,"neow_bonus":"REMOVE_TWO","is_daily":false,"chose_seed":false,"campfire_upgraded":2,"win_rate":0.0,"timestamp":1609999391,"path_taken":["M","?","M","?","?","R","E","$","T","M","R","?","?","?","R","BOSS","M","?","M"],"items_purchased_type":[],"build_version":"2020-12-22","purchased_purges":1,"victory":false,"max_hp_per_floor":[66,60,60,60,60,60,60,60,60,60,60,60,60,60,60,60,60,60,60,60,60],"card_choices":[{"not_picked":["Terror","Caltrops"],"picked":"Accuracy","floor":1},{"not_picked":["Deflect","Accuracy"],"picked":"Poisoned Stab","floor":3},{"not_picked":["Skewer","Underhanded Strike"],"picked":"All Out Attack","floor":5},{"not_picked":["Slice","Accuracy"],"picked":"Blade Dance","floor":7},{"not_picked":["Skewer","Expertise"],"picked":"Reflex","floor":10},{"not_picked":["Masterful Stab","Eviscerate","Dash"],"picked":"SKIP","floor":14},{"not_picked":["Deadly Poison","Reflex","Dagger Spray"],"picked":"SKIP","floor":18}],"player_experience":1172467,"relics_obtained":[{"floor":7,"key":"Pantograph"},{"floor":9,"key":"Nunchaku"},{"floor":19,"key":"The Courier"}],"event_choices":[{"damage_healed":0,"gold_gain":0,"player_choice":"Lose Max HP","damage_taken":0,"relics_obtained":["Golden Idol"],"max_hp_gain":0,"max_hp_loss":6,"event_name":"Golden Idol","floor":2,"gold_loss":0},{"damage_healed":0,"gold_gain":0,"player_choice":"Forge","damage_taken":0,"max_hp_gain":0,"max_hp_loss":0,"event_name":"Accursed Blacksmith","floor":4,"gold_loss":0,"cards_upgraded":["Poisoned Stab"]},{"damage_healed":0,"gold_gain":0,"player_choice":"Ignored","damage_taken":0,"max_hp_gain":0,"max_hp_loss":0,"event_name":"Liars Game","floor":13,"gold_loss":0}],"is_beta":false,"boss_relics":[{"not_picked":["Runic Pyramid","Velvet Choker"],"picked":"Black Star"}],"items_purged_floors":[8],"is_endless":false,"potions_floor_spawned":[1,7,14,18],"killed_by":"Chosen","ascension_level":20}}