{"host":"3ek78t4i81ecmdy1","time":1609987517,"event":{"mods":["2.2 Compatiblity","AchievementEnabler","BaseMod","Colored Map","DeckTracker","Filter the Spire","Keyboard Shortcuts","Minty Spire (QoL Compilation)","Permanent Neow","Quick Restart","SuperFastMode","everything is the same but u backflip on backflip"],"gold_per_floor":[119,119,137,157,167,167,137,137,137],"floor_reached":8,"playtime":318,"items_purged":[],"score":48,"play_id":"579938fd-5079-4e78-a7bb-f8393e8390e8","local_time":"20210107114517","is_ascension_mode":false,"campfire_choices":[{"data":"Apotheosis","floor":6,"key":"SMITH"}],"circlet_count":0,"master_deck":["Strike_G","Strike_G","Strike_G","Strike_G","Strike_G","Defend_G","Defend_G","Defend_G","Defend_G","Defend_G","Survivor","Neutralize","Apotheosis+1","Heel Hook","Adrenaline","Enlightenment","Noxious Fumes","Footwork","Leg Sweep","Tools of the Trade"],"relics":["Ring of the Snake"],"acts_visited":["Exordium"],"potions_floor_usage":[8],"damage_taken":[{"damage":2,"enemies":"Small Slimes","floor":1,"turns":4},{"damage":0,"enemies":"Cultist","floor":3,"turns":3},{"damage":3,"enemies":"Jaw Worm","floor":4,"turns":5},{"damage":9,"enemies":"3 Louse","floor":5,"turns":4},{"damage":7,"enemies":"Looter","floor":7,"turns":4},{"damage":49,"enemies":"Gremlin Nob","floor":8,"turns":4}],"seed_played":"-8799146594946198234","potions_obtained":[{"floor":3,"key":"Poison Potion"}],"is_trial":false,"path_per_floor":["M","?","M","M","M","R","M","E"],"character_chosen":"THE_SILENT","items_purchased":[],"campfire_rested":0,"item_purchase_floors":[],"current_hp_per_floor":[61,61,61,58,49,49,42,0,0],"gold":137,"neow_bonus":"RANDOM_COLORLESS_2","is_daily":false,"chose_seed":false,"campfire_upgraded":1,"win_rate":0.0,"timestamp":1609987517,"path_taken":["M","?","M","M","M","R","M","E"],"items_purchased_type":[],"build_version":"2020-12-22","purchased_purges":0,"victory":false,"max_hp_per_floor":[63,63,63,63,63,63,63,63,63],"card_choices":[{"not_picked":["Chrysalis","Secret Technique"],"picked":"Apotheosis","floor":0},{"not_picked":["Outmaneuver","Prepared"],"picked":"Heel Hook","floor":1},{"not_picked":["Dodge and Roll","Deadly Poison"],"picked":"Noxious Fumes","floor":3},{"not_picked":["Quick Slash","Slice"],"picked":"Footwork","floor":4},{"not_picked":["Poisoned Stab","Dash"],"picked":"Leg Sweep","floor":5},{"not_picked":["Bane","Quick Slash"],"picked":"Tools of the Trade","floor":7}],"player_experience":51788,"relics_obtained":[],"event_choices":[{"damage_healed":0,"gold_gain":0,"player_choice":"2 cards matched","damage_taken":0,"max_hp_gain":0,"max_hp_loss":0,"event_name":"Match and Keep!","floor":2,"gold_loss":0,"cards_obtained":["Adrenaline","Enlightenment"]}],"is_beta":false,"boss_relics":[],"items_purged_floors":[],"is_endless":false,"potions_floor_spawned":[3],"killed_by":"Gremlin Nob","ascension_level":0}}