{"host":"kg61lsvem4dxoat8","time":1609995121,"event":{"mods":["BaseMod","Colored Powertips","Minty Spire (QoL Compilation)","Quick Restart","Rare Cards Sparkle","Relic Stats","slay the spire mod where everything is the same but ironclad has a cowboy hat"],"gold_per_floor":[111,286,304,319,165,165,165,165,165,177,193,204,204,204,204,308,358,370,384,397,397,98,98,98,98,121,121,71,82,93,120,120,224,224,234,234,258,274,274,293,323,323,323],"floor_reached":42,"playtime":1108,"items_purged":["Doubt","Strike_P"],"score":465,"play_id":"f6e0c25d-096f-460f-a727-6a776e853a31","local_time":"20210107125201","is_ascension_mode":false,"campfire_choices":[{"data":"Eruption","floor":6,"key":"SMITH"},{"data":"Ragnarok","floor":13,"key":"SMITH"},{"data":"ClearTheMind","floor":15,"key":"SMITH"},{"floor":23,"key":"REST"},{"data":"Crescendo","floor":27,"key":"SMITH"},{"data":"FlurryOfBlows","floor":32,"key":"SMITH"}],"circlet_count":0,"master_deck":["Strike_P","Strike_P","Defend_P","Defend_P","Defend_P","Defend_P","Eruption+1","Vigilance","EmptyBody+1","ClearTheMind+1","Ragnarok+1","EmptyFist","Devotion","Crescendo+1","FlurryOfBlows+1","FlurryOfBlows","FlurryOfBlows","BattleHymn","Finesse"],"relics":["PureWater","NeowsBlessing","Singing Bowl","Kunai","CloakClasp","StoneCalendar","Tiny House","Damaru","Tiny Chest","Calipers","Sozu","Bag of Marbles"],"acts_visited":["Exordium","TheCity","TheBeyond"],"potions_floor_usage":[11,25,25,31,41],"damage_taken":[{"damage":0,"enemies":"2 Louse","floor":1,"turns":2},{"damage":0,"enemies":"Small Slimes","floor":3,"turns":1},{"damage":0,"enemies":"Jaw Worm","floor":4,"turns":1},{"damage":0,"enemies":"Red Slaver","floor":10,"turns":1},{"damage":0,"enemies":"Lots of Slimes","floor":11,"turns":3},{"damage":0,"enemies":"Exordium Wildlife","floor":12,"turns":3},{"damage":14,"enemies":"Slime Boss","floor":16,"turns":7},{"damage":8,"enemies":"Chosen","floor":18,"turns":4},{"damage":28,"enemies":"2 Thieves","floor":19,"turns":4},{"damage":16,"enemies":"3 Cultists","floor":20,"turns":4},{"damage":0,"enemies":"Snecko","floor":25,"turns":2},{"damage":12,"enemies":"Centurion and Healer","floor":29,"turns":3},{"damage":0,"enemies":"Chosen and Byrds","floor":30,"turns":4},{"damage":21,"enemies":"Gremlin Leader","floor":31,"turns":7},{"damage":12,"enemies":"Collector","floor":33,"turns":8},{"damage":7,"enemies":"3 Darklings","floor":35,"turns":5},{"damage":0,"enemies":"3 Shapes","floor":38,"turns":5},{"damage":9,"enemies":"Spire Growth","floor":40,"turns":3},{"damage":28,"enemies":"Reptomancer","floor":41,"turns":5},{"damage":60,"enemies":"Writhing Mass","floor":42,"turns":3}],"seed_played":"-8184899688489986491","potions_obtained":[{"floor":1,"key":"Energy Potion"},{"floor":17,"key":"SmokeBomb"},{"floor":18,"key":"DuplicationPotion"},{"floor":20,"key":"Regen Potion"},{"floor":30,"key":"Explosive Potion"}],"is_trial":false,"path_per_floor":["M","?","M","M","$","R","?","T","T","M","M","M","R","T","R","B",null,"M","M","M","?","$","R","$","M","T","R","?","M","M","E","R","B",null,"M","?","T","M","?","M","E","M"],"character_chosen":"WATCHER","items_purchased":["Ragnarok","Damaru","FlurryOfBlows"],"campfire_rested":1,"item_purchase_floors":[5,22,22],"current_hp_per_floor":[72,72,72,72,72,72,69,69,69,71,73,73,73,73,73,59,81,75,47,31,31,31,55,55,60,60,60,60,50,52,33,33,23,91,84,84,84,86,86,79,53,0,0],"gold":323,"neow_bonus":"THREE_ENEMY_KILL","is_daily":false,"chose_seed":false,"campfire_upgraded":5,"win_rate":0.0,"timestamp":1609995121,"path_taken":["M","?","M","M","$","R","?","?","T","?","?","M","R","?","R","BOSS","M","M","?","?","$","R","$","M","T","R","?","M","?","E","R","BOSS","M","?","?","M","?","?","E","M"],"items_purchased_type":["Card","Relic","Card"],"build_version":"2020-12-22","purchased_purges":2,"victory":false,"max_hp_per_floor":[72,72,72,72,72,72,72,72,72,74,76,76,76,76,76,76,81,83,83,83,83,83,83,83,83,83,83,83,85,87,89,89,91,91,91,91,91,93,93,95,97,97,97],"relic_stats":{"Sozu":4,"Singing Bowl":20,"counters":[20,75],"StoneCalendar":[161],"Tiny Chest":1,"CloakClasp":[131],"Kunai":[48],"obtain_stats":[{"Sozu":34,"Tiny House":17,"Calipers":31,"NeowsBlessing":0,"Singing Bowl":7,"Damaru":22,"StoneCalendar":14,"Tiny Chest":26,"CloakClasp":9,"Bag of Marbles":41,"Kunai":8,"PureWater":0},{"Sozu":15,"Tiny House":7,"Calipers":14,"NeowsBlessing":0,"Singing Bowl":3,"Damaru":10,"StoneCalendar":6,"Tiny Chest":11,"CloakClasp":3,"Bag of Marbles":19,"Kunai":3,"PureWater":0},{"Sozu":54,"Tiny House":18,"Calipers":46,"NeowsBlessing":0,"Singing Bowl":4,"Damaru":30,"StoneCalendar":11,"Tiny Chest":32,"CloakClasp":4,"Bag of Marbles":72,"Kunai":4,"PureWater":0}]},"card_choices":[{"not_picked":["ForeignInfluence","CutThroughFate"],"picked":"EmptyBody","floor":1},{"not_picked":["Evaluate","FollowUp"],"picked":"ClearTheMind","floor":3},{"not_picked":["PathToVictory","CrushJoints","ClearTheMind"],"picked":"SKIP","floor":4},{"not_picked":["CarveReality","Evaluate","Indignation"],"picked":"Singing Bowl","floor":10},{"not_picked":["BowlingBash","FollowUp","ForeignInfluence"],"picked":"Singing Bowl","floor":11},{"not_picked":["Nirvana","Sanctity"],"picked":"EmptyFist","floor":12},{"not_picked":["Brilliance","ConjureBlade"],"picked":"Devotion","floor":16},{"not_picked":["Consecrate","Indignation"],"picked":"Crescendo","floor":17},{"not_picked":["ClearTheMind","Collect","InnerPeace"],"picked":"Singing Bowl","floor":18},{"not_picked":["Crescendo+1","ThirdEye"],"picked":"FlurryOfBlows","floor":19},{"not_picked":["CutThroughFate","LikeWater"],"picked":"FlurryOfBlows","floor":20},{"not_picked":["Alpha","Evaluate","Adaptation"],"picked":"Singing Bowl","floor":29},{"not_picked":["Consecrate","EmptyFist","CrushJoints"],"picked":"Singing Bowl","floor":30},{"not_picked":["Adaptation","WaveOfTheHand","ClearTheMind"],"picked":"Singing Bowl","floor":31},{"not_picked":["SpiritShield","Alpha","Omniscience"],"picked":"Singing Bowl","floor":33},{"not_picked":["PathToVictory+1","Pray+1"],"picked":"BattleHymn","floor":35},{"not_picked":["WaveOfTheHand","Perseverance","ForeignInfluence+1"],"picked":"Singing Bowl","floor":38},{"not_picked":["Mind Blast","Secret Technique"],"picked":"Finesse","floor":39},{"not_picked":["CutThroughFate+1","Worship+1","Indignation+1"],"picked":"Singing Bowl","floor":40},{"not_picked":["FollowUp","JustLucky+1","FlurryOfBlows"],"picked":"Singing Bowl","floor":41}],"player_experience":1315456,"relics_obtained":[{"floor":8,"key":"Kunai"},{"floor":9,"key":"CloakClasp"},{"floor":14,"key":"StoneCalendar"},{"floor":26,"key":"Tiny Chest"},{"floor":31,"key":"Calipers"},{"floor":41,"key":"Bag of Marbles"}],"event_choices":[{"damage_healed":0,"gold_gain":175,"player_choice":"AGREE","damage_taken":0,"max_hp_gain":0,"max_hp_loss":0,"event_name":"Liars Game","floor":2,"gold_loss":0,"cards_obtained":["Doubt"]},{"damage_healed":0,"gold_gain":0,"player_choice":"Success","damage_taken":3,"relics_obtained":["Singing Bowl"],"max_hp_gain":0,"max_hp_loss":0,"event_name":"Scrap Ooze","floor":7,"gold_loss":0},{"cards_removed":["Strike_P"],"damage_healed":0,"gold_gain":0,"player_choice":"Elegance","damage_taken":0,"max_hp_gain":0,"max_hp_loss":0,"event_name":"Back to Basics","floor":21,"gold_loss":0},{"damage_healed":0,"gold_gain":0,"player_choice":"Bet on Owner","damage_taken":0,"max_hp_gain":0,"max_hp_loss":0,"event_name":"The Joust","floor":28,"gold_loss":50},{"damage_healed":0,"gold_gain":0,"player_choice":"Got Potions","damage_taken":0,"max_hp_gain":0,"max_hp_loss":0,"event_name":"Lab","floor":36,"gold_loss":0},{"damage_healed":0,"gold_gain":0,"player_choice":"Memory 1","damage_taken":0,"max_hp_gain":0,"max_hp_loss":0,"event_name":"SensoryStone","floor":39,"gold_loss":0}],"is_beta":false,"boss_relics":[{"not_picked":["Snecko Eye","Black Star"],"picked":"Tiny House"},{"not_picked":["Runic Pyramid","Runic Dome"],"picked":"Sozu"}],"items_purged_floors":[5,22],"is_endless":false,"potions_floor_spawned":[1,18,20,25,30,38,40],"killed_by":"Writhing Mass","ascension_level":0}}