{"host":"684z1xpuwaoqmmh1","time":1609990501,"event":{"mods":["BaseMod","Downfall","Hermit","Jorbs\u0027s Wanderer Trilogy","Marisa????????","Minty Spire (QoL Compilation)","StSLib","The Hierophant","The Mystic"],"gold_per_floor":[117,8,21,21,39,66,66,98,98,132,207,228,241,241,241,351,351,368,368,396,430,98,141,141,184,245,257,306,64,64,77,77,77,77],"floor_reached":33,"playtime":1437,"items_purged":["hermit:Strike_Hermit"],"score":578,"play_id":"c4483a24-509d-4c4c-9b64-b23e2b876e49","local_time":"20210107053501","is_ascension_mode":true,"campfire_choices":[{"data":"hermit:BlackWind","floor":7.0,"key":"SMITH"},{"data":"hermit:Reprieve","floor":15,"key":"SMITH"},{"floor":24,"key":"REST"},{"floor":30,"key":"REST"},{"data":"hermit:FatalDesire","floor":32,"key":"SMITH"}],"circlet_count":0,"master_deck":["AscendersBane","hermit:Strike_Hermit","hermit:Strike_Hermit","hermit:Strike_Hermit","hermit:Defend_Hermit","hermit:Defend_Hermit","hermit:Defend_Hermit","hermit:Snapshot","hermit:Covet","hermit:Deadeye","hermit:PistolWhip","hermit:Brawl+1","hermit:BodyArmor","hermit:BlackWind+1","hermit:GhostlyPresence","hermit:Headshot","hermit:Reprieve+1","hermit:FatalDesire+1","hermit:ShadowCloak","hermit:Manifest","hermit:Deadeye","hermit:FlashPowder","hermit:FinalCanter","hermit:GhostlyPresence+1"],"relics":["hermit:Momento","NeowsBlessing","hexamod:BolsterEngine","Meat on the Bone","CeramicFish","Boot","sneckomod:SneckoTalon","Nilry\u0027s Codex","champ:DuelingGlove","PreservedInsect","MawBank","Blood Vial","MutagenicStrength","Darkstone Periapt","Kunai"],"acts_visited":["Exordium","TheCity"],"potions_floor_usage":[13,16,20,20,20,23,25,25,25,28],"damage_taken":[{"damage":0.0,"enemies":"Cultist","floor":1.0,"turns":1.0},{"damage":0.0,"enemies":"Jaw Worm","floor":3.0,"turns":1.0},{"damage":0.0,"enemies":"2 Louse","floor":5.0,"turns":1.0},{"damage":15.0,"enemies":"3 Sentries","floor":6.0,"turns":7.0},{"damage":21,"enemies":"Gremlin Nob","floor":8,"turns":4},{"damage":15,"enemies":"3 Sentries","floor":10,"turns":8},{"damage":0,"enemies":"Looter","floor":12,"turns":1},{"damage":0,"enemies":"Blue Slaver","floor":13,"turns":2},{"damage":0,"enemies":"Slime Boss","floor":16,"turns":6},{"damage":20,"enemies":"2 Thieves","floor":18,"turns":4},{"damage":2,"enemies":"Chosen","floor":20,"turns":5},{"damage":25,"enemies":"Shelled Parasite and Fungi","floor":21,"turns":5},{"damage":41,"enemies":"Gremlin Leader","floor":23,"turns":7},{"damage":12,"enemies":"Book of Stabbing","floor":25,"turns":3},{"damage":40,"enemies":"Gremlin Leader","floor":28,"turns":6},{"damage":1,"enemies":"Chosen and Byrds","floor":31,"turns":6},{"damage":43,"enemies":"Collector","floor":33,"turns":3}],"seed_played":"-7424124507365014248","potions_obtained":[{"floor":1.0,"key":"Guardian:BlockOnCardUsePotion"},{"floor":8,"key":"BlessingOfTheForge"},{"floor":10,"key":"PowerPotion"},{"floor":13,"key":"AttackPotion"},{"floor":16,"key":"Ancient Potion"},{"floor":18,"key":"EntropicBrew"},{"floor":20,"key":"Swift Potion"},{"floor":23,"key":"EntropicBrew"},{"floor":31,"key":"hermit:BlackBile"}],"is_trial":false,"path_per_floor":["M","$","M","?","M","E","R","E","T","E","?","M","M","?","R","B",null,"M","?","M","M","$","E","R","E","T","?","E","$","R","M","R","B"],"character_chosen":"HERMIT","items_purchased":["hermit:PistolWhip","champ:DuelingGlove","hermit:Deadeye","Kunai"],"campfire_rested":2,"item_purchase_floors":[2,22,22,29],"current_hp_per_floor":[68,68,68,68,68,53,53,32,32,29,18,30,42,35,35,47,68,55,39,55,46,46,17,39,39,39,39,13,13,35,40,40,0,0],"gold":77,"neow_bonus":"THREE_ENEMY_KILL","is_daily":false,"chose_seed":false,"campfire_upgraded":3,"win_rate":0.0,"timestamp":1609990501,"path_taken":["M","$","?","?","M","E","R","E","T","E","?","M","M","?","R","BOSS","M","?","M","M","$","E","R","E","T","?","E","?","R","M","R","BOSS"],"items_purchased_type":["Card","Relic","Card","Relic"],"build_version":"2020-12-22","purchased_purges":1,"victory":false,"max_hp_per_floor":[75,75,75,75,75,75,75,75,75,75,75,75,75,75,75,75,75,75,75,75,75,75,75,75,75,75,75,75,75,75,75,75,75,75],"card_choices":[{"not_picked":["hermit:DeadMansHand","hermit:Gestalt"],"picked":"hermit:Deadeye","floor":1.0},{"not_picked":["hermit:WideOpen","hermit:EyeOfTheStorm","hermit:Brawl"],"picked":"SKIP","floor":3.0},{"not_picked":["hermit:WideOpen","hermit:EyeOfTheStorm"],"picked":"hermit:Brawl","floor":3.0},{"not_picked":["hermit:Coalescence","hermit:ItchyTrigger"],"picked":"hermit:BodyArmor","floor":5.0},{"not_picked":["hermit:Cheat","hermit:Ricochet"],"picked":"hermit:BlackWind","floor":6.0},{"not_picked":["hermit:Showdown","hermit:Dive"],"picked":"hermit:GhostlyPresence","floor":8},{"not_picked":["hermit:Coalescence","hermit:ItchyTrigger"],"picked":"hermit:Headshot","floor":10},{"not_picked":["hermit:Quickdraw","hermit:CursedWeapon"],"picked":"hermit:Reprieve","floor":12},{"not_picked":["hermit:BodyArmor","hermit:Virtue","hermit:Headshot"],"picked":"SKIP","floor":13},{"not_picked":["hermit:BodyArmor","hermit:Virtue","hermit:Headshot"],"picked":"SKIP","floor":13},{"not_picked":["hermit:EternalForm","hermit:HeroicBravado"],"picked":"hermit:FatalDesire","floor":16},{"not_picked":["hermit:Combo","hermit:Horror","hermit:Feint"],"picked":"SKIP","floor":18},{"not_picked":["hermit:FlashPowder","hermit:Cheat"],"picked":"hermit:ShadowCloak","floor":20},{"not_picked":["hermit:WideOpen+1","hermit:Headshot"],"picked":"hermit:Manifest","floor":21},{"not_picked":["hermit:CalledShot","hermit:Determination"],"picked":"hermit:FlashPowder","floor":23},{"not_picked":["hermit:Combo+1","hermit:Horror+1"],"picked":"hermit:FinalCanter","floor":25},{"not_picked":["hermit:PistolWhip+1","hermit:Snipe"],"picked":"hermit:GhostlyPresence+1","floor":28},{"not_picked":["hermit:WideOpen","hermit:GoldenBullet+1","hermit:SprayPray"],"picked":"SKIP","floor":31}],"player_experience":2403439,"relics_obtained":[{"floor":6.0,"key":"hexamod:BolsterEngine"},{"floor":8,"key":"Meat on the Bone"},{"floor":9,"key":"CeramicFish"},{"floor":10,"key":"Boot"},{"floor":19,"key":"Nilry\u0027s Codex"},{"floor":23,"key":"PreservedInsect"},{"floor":25,"key":"MawBank"},{"floor":26,"key":"Blood Vial"},{"floor":28,"key":"Darkstone Periapt"}],"event_choices":[{"damage_healed":0.0,"max_hp_gain":0.0,"max_hp_loss":0.0,"gold_gain":0.0,"event_name":"Living Wall","player_choice":"Grow","floor":4.0,"gold_loss":0.0,"damage_taken":0.0,"cards_upgraded":["hermit:Brawl"]},{"damage_healed":0,"gold_gain":75,"player_choice":"Gather Gold","damage_taken":11,"max_hp_gain":0,"max_hp_loss":0,"event_name":"World of Goop","floor":11,"gold_loss":0},{"cards_removed":["hermit:Defend_Hermit"],"damage_healed":0,"gold_gain":0,"player_choice":"Card Removal","damage_taken":7,"max_hp_gain":0,"max_hp_loss":0,"event_name":"Golden Wing","floor":14,"gold_loss":0},{"damage_healed":0,"gold_gain":0,"player_choice":"Obtained Book","damage_taken":16,"max_hp_gain":0,"max_hp_loss":0,"event_name":"Cursed Tome","floor":19,"gold_loss":0},{"damage_healed":0,"gold_gain":0,"player_choice":"Inject Mutagens","damage_taken":0,"relics_obtained":["MutagenicStrength"],"max_hp_gain":0,"max_hp_loss":0,"event_name":"Drug Dealer","floor":27,"gold_loss":0}],"is_beta":false,"boss_relics":[{"not_picked":["Snecko Eye","Sozu"],"picked":"sneckomod:SneckoTalon"}],"items_purged_floors":[2],"is_endless":false,"potions_floor_spawned":[1,8,10,13,16,18,20,23,31],"killed_by":"Collector","ascension_level":11}}