{"host":"fxh4234sf5pb3xr6","time":1609993387,"event":{"mods":["BaseMod","Colored Map","Colored Powertips","Minty Spire (QoL Compilation)","StSLib"],"gold_per_floor":[115,290,38,38,58,58,71,71,71,104,119,154,171,200,212,319,381,404,416,445,457,6,33,33,33,33,50,50,50,50,61,61,159,159,174,190,201,201,201,227,0,0,0,0,0,0],"floor_reached":45,"playtime":3163,"items_purged":["Doubt","Writhe"],"score":624,"play_id":"152cfcaa-7f62-46f9-b476-67f7064366dc","local_time":"20210106232307","is_ascension_mode":true,"campfire_choices":[{"data":"Capacitor","floor":6,"key":"SMITH"},{"floor":15,"key":"REST"},{"floor":24,"key":"REST"},{"floor":30,"key":"REST"},{"floor":32,"key":"REST"},{"floor":42,"key":"REST"}],"circlet_count":0,"master_deck":["Strike_B","Strike_B","Strike_B","Strike_B","Defend_B","Defend_B","Defend_B","Defend_B","Zap","Dualcast","Compile Driver+1","Sunder","Capacitor+1","Conserve Battery","Ball Lightning","White Noise","Static Discharge","Chill","Glacier","Storm","Echo Form","Melter+1","Defragment","Self Repair","White Noise","Conserve Battery+1"],"relics":["Cracked Core","Thread and Needle","Gremlin Horn","Ancient Tea Set","Bottled Flame","MawBank","Tiny House","Unceasing Top","Calipers","Gambling Chip","White Beast Statue","SacredBark","Molten Egg 2","Oddly Smooth Stone","Red Mask","Incense Burner"],"acts_visited":["Exordium","TheCity","TheBeyond"],"potions_floor_usage":[14,16,20,33,37,45,45],"damage_taken":[{"damage":8,"enemies":"Jaw Worm","floor":1,"turns":4},{"damage":3,"enemies":"2 Louse","floor":5,"turns":2},{"damage":0,"enemies":"Small Slimes","floor":7,"turns":2},{"damage":25,"enemies":"Lagavulin","floor":10,"turns":8},{"damage":0,"enemies":"3 Louse","floor":11,"turns":2},{"damage":10,"enemies":"3 Sentries","floor":12,"turns":6},{"damage":1,"enemies":"Gremlin Gang","floor":13,"turns":3},{"damage":17,"enemies":"Gremlin Nob","floor":14,"turns":4},{"damage":28,"enemies":"The Guardian","floor":16,"turns":13},{"damage":6,"enemies":"Chosen","floor":18,"turns":4},{"damage":11,"enemies":"3 Byrds","floor":20,"turns":5},{"damage":33,"enemies":"Slavers","floor":23,"turns":5},{"damage":18,"enemies":"Snake Plant","floor":27,"turns":4},{"damage":4,"enemies":"Cultist and Chosen","floor":31,"turns":5},{"damage":24,"enemies":"Champ","floor":33,"turns":13},{"damage":21,"enemies":"Orb Walker","floor":35,"turns":5},{"damage":30,"enemies":"3 Darklings","floor":36,"turns":4},{"damage":7,"enemies":"Maw","floor":37,"turns":12},{"damage":73,"enemies":"Nemesis","floor":40,"turns":11},{"damage":43,"enemies":"Transient","floor":45,"turns":4}],"seed_played":"-4320610611096444460","potions_obtained":[{"floor":7,"key":"LiquidMemories"},{"floor":12,"key":"SpeedPotion"},{"floor":13,"key":"Fire Potion"},{"floor":14,"key":"Ancient Potion"},{"floor":17,"key":"SmokeBomb"},{"floor":18,"key":"Swift Potion"},{"floor":27,"key":"Swift Potion"},{"floor":31,"key":"SpeedPotion"},{"floor":33,"key":"SkillPotion"},{"floor":37,"key":"Swift Potion"},{"floor":40,"key":"SpeedPotion"}],"is_trial":false,"path_per_floor":["M","?","$","?","M","R","M","?","T","E","M","E","M","E","R","B",null,"M","?","M","?","$","E","R","?","T","M","$","?","R","M","R","B",null,"M","M","M","?","T","E","?","R","T","$","M"],"character_chosen":"DEFECT","items_purchased":["Sunder","Capacitor","Conserve Battery","Calipers","Self Repair"],"campfire_rested":5,"item_purchase_floors":[3,3,3,22,22],"current_hp_per_floor":[74,74,74,74,71,71,71,71,71,46,46,36,35,18,42,14,70,64,64,53,36,36,3,30,30,30,12,12,3,30,40,67,50,82,68,38,45,80,80,14,14,38,38,38,0,0],"gold":0,"neow_bonus":"TEN_PERCENT_HP_BONUS","is_daily":false,"chose_seed":false,"campfire_upgraded":1,"win_rate":0.0,"timestamp":1609993387,"path_taken":["M","?","$","?","M","R","M","?","T","E","M","E","M","E","R","BOSS","M","?","M","?","$","E","R","?","T","?","?","?","R","M","R","BOSS","M","?","M","?","?","E","?","R","T","?","?"],"items_purchased_type":["Card","Card","Card","Relic","Card"],"build_version":"2020-12-22","purchased_purges":2,"victory":false,"max_hp_per_floor":[82,82,82,82,82,82,82,82,82,82,82,82,82,82,82,82,87,87,87,87,92,92,92,92,92,92,92,92,92,92,92,92,92,92,92,92,92,80,80,80,80,80,80,80,80,80],"card_choices":[{"not_picked":["Go for the Eyes","Force Field"],"picked":"Compile Driver","floor":1},{"not_picked":["Steam","Steam Power"],"picked":"Ball Lightning","floor":5},{"not_picked":["Defragment","Glacier"],"picked":"White Noise","floor":7},{"not_picked":["Streamline","Skim"],"picked":"Static Discharge","floor":10},{"not_picked":["Double Energy","Go for the Eyes"],"picked":"Chill","floor":11},{"not_picked":["Undo","Sweeping Beam"],"picked":"Glacier","floor":12},{"not_picked":["Hologram","Leap","Go for the Eyes"],"picked":"SKIP","floor":13},{"not_picked":["BootSequence","Machine Learning"],"picked":"Storm","floor":14},{"not_picked":["Electrodynamics","Rainbow"],"picked":"Echo Form","floor":16},{"not_picked":["Auto Shields+1","Turbo+1"],"picked":"Melter+1","floor":18},{"not_picked":["Redo","Tempest+1"],"picked":"Defragment","floor":20},{"not_picked":["Ball Lightning+1","Reprogram","Consume"],"picked":"SKIP","floor":23},{"not_picked":["Hologram","Darkness+1"],"picked":"Conserve Battery+1","floor":27},{"not_picked":["Undo","Steam","Storm"],"picked":"SKIP","floor":31},{"not_picked":["Hologram+1","Sweeping Beam+1","Static Discharge"],"picked":"SKIP","floor":35},{"not_picked":["Streamline","Conserve Battery","Ball Lightning+1"],"picked":"SKIP","floor":36},{"not_picked":["Ball Lightning+1","Rebound+1","Self Repair+1"],"picked":"SKIP","floor":37},{"not_picked":["Lockon+1","Melter+1","Chill"],"picked":"SKIP","floor":40}],"player_experience":313948,"relics_obtained":[{"floor":9,"key":"Gremlin Horn"},{"floor":10,"key":"Ancient Tea Set"},{"floor":12,"key":"Bottled Flame"},{"floor":14,"key":"MawBank"},{"floor":23,"key":"Gambling Chip"},{"floor":26,"key":"White Beast Statue"},{"floor":39,"key":"Molten Egg 2"},{"floor":40,"key":"Oddly Smooth Stone"},{"floor":43,"key":"Incense Burner"}],"event_choices":[{"damage_healed":0,"gold_gain":175,"player_choice":"AGREE","damage_taken":0,"max_hp_gain":0,"max_hp_loss":0,"event_name":"Liars Game","floor":2,"gold_loss":0,"cards_obtained":["Doubt"]},{"damage_healed":0,"gold_gain":0,"player_choice":"Box","damage_taken":0,"relics_obtained":["Thread and Needle"],"max_hp_gain":0,"max_hp_loss":0,"event_name":"Big Fish","floor":4,"gold_loss":0,"cards_obtained":["Regret"]},{"cards_removed":["Regret"],"damage_healed":0,"gold_gain":0,"player_choice":"Forget","damage_taken":0,"max_hp_gain":0,"max_hp_loss":0,"event_name":"Living Wall","floor":8,"gold_loss":0},{"damage_healed":0,"gold_gain":0,"player_choice":"Opened","damage_taken":0,"relics_obtained":["Unceasing Top"],"max_hp_gain":0,"max_hp_loss":0,"event_name":"The Mausoleum","floor":19,"gold_loss":0,"cards_obtained":["Writhe"]},{"damage_healed":0,"gold_gain":0,"player_choice":"Shed Blood","damage_taken":22,"max_hp_gain":5,"max_hp_loss":0,"event_name":"Forgotten Altar","floor":21,"gold_loss":0},{"damage_healed":0,"gold_gain":0,"player_choice":"Copied","damage_taken":0,"max_hp_gain":0,"max_hp_loss":0,"event_name":"Duplicator","floor":25,"gold_loss":0,"cards_obtained":["White Noise"]},{"damage_healed":0,"gold_gain":0,"player_choice":"Damaged","damage_taken":9,"max_hp_gain":0,"max_hp_loss":0,"event_name":"Wheel of Change","floor":29,"gold_loss":0},{"damage_healed":80,"gold_gain":0,"player_choice":"Heal","damage_taken":0,"max_hp_gain":0,"max_hp_loss":12,"event_name":"The Moai Head","floor":38,"gold_loss":0},{"damage_healed":0,"gold_gain":0,"player_choice":"Paid","damage_taken":0,"relics_obtained":["Red Mask"],"max_hp_gain":0,"max_hp_loss":0,"event_name":"Tomb of Lord Red Mask","floor":41,"gold_loss":227}],"is_beta":false,"boss_relics":[{"not_picked":["Runic Pyramid","SlaversCollar"],"picked":"Tiny House"},{"not_picked":["Philosopher\u0027s Stone","Cursed Key"],"picked":"SacredBark"}],"items_purged_floors":[3,22],"is_endless":false,"potions_floor_spawned":[7,12,13,14,18,27,31,33,35,36,37,40],"killed_by":"Transient","ascension_level":5}}