{"host":"b7j598ve05halrwk","time":1609994516,"event":{"mods":["2.2 Compatiblity","BaseMod","Block Reminder","DeckTracker","Minty Spire (QoL Compilation)","Relic Stats","Slay the Relics Exporter","StSLib","ojb\u0027s Better Paths Mod","ojb\u0027s Info Mod"],"gold_per_floor":[115,131,199,199,199,226,243,0,26,39,70,70,97,107,107,178,178,188,208,13,33,33,63,63,78,78,78,78,78,107,119,119,119,119],"floor_reached":33,"playtime":2167,"items_purged":[],"score":610,"play_id":"f6be1e68-cd56-423e-bc60-592b68cad8cf","local_time":"20210106234156","is_ascension_mode":true,"campfire_choices":[{"floor":12.0,"key":"REST"},{"data":"Loop","floor":15.0,"key":"SMITH"},{"floor":24,"key":"REST"},{"data":"Hologram","floor":27,"key":"SMITH"},{"data":"Ghostly","floor":29,"key":"SMITH"},{"data":"Sunder","floor":32,"key":"SMITH"}],"circlet_count":0,"master_deck":["AscendersBane","Strike_B","Strike_B","Defend_B","Defend_B","Defend_B","Defend_B","Zap","Dualcast","Rip and Tear","Doom and Gloom+1","Loop+1","Recycle","Fusion","Hologram+1","Leap","Compile Driver","Coolheaded","Echo Form","Heatsinks+1","Turbo+1","Sunder+1","Reinforced Body","Melter","Electrodynamics","Conserve Battery","Skim","Ghostly+1","Ghostly","Ghostly","Scrape"],"relics":["Snecko Eye","Nunchaku","ClockworkSouvenir","Happy Flower","Strawberry","MealTicket","Philosopher\u0027s Stone","Bronze Scales","Unceasing Top"],"acts_visited":["Exordium","TheCity"],"potions_floor_usage":[19,23,33,33],"damage_taken":[{"damage":2.0,"enemies":"Jaw Worm","floor":1.0,"turns":4.0},{"damage":2.0,"enemies":"Small Slimes","floor":2.0,"turns":3.0},{"damage":10.0,"enemies":"3 Sentries","floor":6.0,"turns":5.0},{"damage":6.0,"enemies":"Cultist","floor":7.0,"turns":4.0},{"damage":11.0,"enemies":"Gremlin Gang","floor":10.0,"turns":3.0},{"damage":27.0,"enemies":"Gremlin Nob","floor":11.0,"turns":4.0},{"damage":28.0,"enemies":"Lagavulin","floor":13.0,"turns":7.0},{"damage":0.0,"enemies":"3 Louse","floor":14.0,"turns":1.0},{"damage":3.0,"enemies":"Hexaghost","floor":16.0,"turns":7.0},{"damage":29.0,"enemies":"3 Byrds","floor":18.0,"turns":4.0},{"damage":27,"enemies":"2 Thieves","floor":19,"turns":3},{"damage":10,"enemies":"Chosen and Byrds","floor":21,"turns":4},{"damage":32,"enemies":"Slavers","floor":23,"turns":2},{"damage":14,"enemies":"Snecko","floor":25,"turns":4},{"damage":6,"enemies":"Gremlin Leader","floor":30,"turns":4},{"damage":0,"enemies":"Cultist and Chosen","floor":31,"turns":6},{"damage":14,"enemies":"Automaton","floor":33,"turns":4}],"seed_played":"5860793302101552052","potions_obtained":[{"floor":1.0,"key":"SneckoOil"},{"floor":7.0,"key":"GamblersBrew"},{"floor":11.0,"key":"Block Potion"},{"floor":13.0,"key":"Energy Potion"},{"floor":14.0,"key":"GamblersBrew"},{"floor":16.0,"key":"PowerPotion"},{"floor":25,"key":"PotionOfCapacity"},{"floor":31,"key":"PowerPotion"}],"is_trial":false,"path_per_floor":["M","M","?","?","?","E","M","$","T","M","E","R","E","M","R","B",null,"M","M","$","M","?","E","R","M","T","R","?","R","E","M","R","B"],"character_chosen":"DEFECT","items_purchased":["ClockworkSouvenir","Fusion","Sunder","FairyPotion"],"campfire_rested":2,"item_purchase_floors":[8,8,20,20],"current_hp_per_floor":[62,60,60,65,65,55,49,49,49,38,18,42,14,14,14,11,65,36,9,24,14,14,9,33,19,19,19,19,19,13,13,13,0,0],"gold":119,"neow_bonus":"BOSS_RELIC","is_daily":false,"chose_seed":false,"campfire_upgraded":4,"win_rate":0.0,"timestamp":1609994516,"path_taken":["M","M","?","?","?","E","?","$","T","M","E","R","E","M","R","BOSS","M","?","$","M","?","E","R","M","T","R","?","R","E","M","R","BOSS"],"items_purchased_type":["Relic","Card","Card","Potion"],"build_version":"2020-12-22","purchased_purges":0,"victory":false,"max_hp_per_floor":[71,71,71,76,76,76,76,76,76,76,83,83,83,83,83,83,83,83,83,83,83,83,83,83,83,83,83,41,41,41,41,41,41,41],"relic_stats":{"Nunchaku":[10],"Happy Flower":[17],"counters":[17,68],"Bronze Scales":[51],"Snecko Eye":[122,140,117,133],"MealTicket":15,"obtain_stats":[{"Nunchaku":6,"Happy Flower":9,"Strawberry":11,"Bronze Scales":23,"Snecko Eye":0,"MealTicket":13,"Philosopher\u0027s Stone":17,"Cracked Core":0,"Unceasing Top":30,"ClockworkSouvenir":8},{"Nunchaku":3,"Happy Flower":4,"Strawberry":6,"Bronze Scales":13,"Snecko Eye":0,"MealTicket":7,"Philosopher\u0027s Stone":9,"Cracked Core":0,"Unceasing Top":15,"ClockworkSouvenir":4},{"Nunchaku":12,"Happy Flower":16,"Strawberry":23,"Bronze Scales":51,"Snecko Eye":0,"MealTicket":30,"Philosopher\u0027s Stone":38,"Cracked Core":0,"Unceasing Top":58,"ClockworkSouvenir":16}],"Unceasing Top":[0]},"card_choices":[{"not_picked":["Consume","Stack"],"picked":"Rip and Tear","floor":1.0},{"not_picked":["Compile Driver","Capacitor"],"picked":"Doom and Gloom","floor":2.0},{"not_picked":["Turbo","Barrage"],"picked":"Loop","floor":6.0},{"not_picked":["Rebound","Beam Cell"],"picked":"Recycle","floor":7.0},{"not_picked":["Gash","Reboot"],"picked":"Hologram","floor":10.0},{"not_picked":["Recycle","Defragment"],"picked":"Leap","floor":11.0},{"not_picked":["Coolheaded","Beam Cell"],"picked":"Compile Driver","floor":13.0},{"not_picked":["Cold Snap","Heatsinks"],"picked":"Coolheaded","floor":14.0},{"not_picked":["Biased Cognition","Hyperbeam"],"picked":"Echo Form","floor":16.0},{"not_picked":["Conserve Battery","Turbo"],"picked":"Heatsinks+1","floor":18.0},{"not_picked":["Redo+1","Chill"],"picked":"Turbo+1","floor":19},{"not_picked":["Aggregate","Rip and Tear"],"picked":"Reinforced Body","floor":21},{"not_picked":["Recycle","Ball Lightning"],"picked":"Conserve Battery","floor":23},{"not_picked":["Turbo","Go for the Eyes"],"picked":"Skim","floor":25},{"not_picked":["Sweeping Beam","Gash","Leap"],"picked":"SKIP","floor":30},{"not_picked":["Lockon+1","Go for the Eyes"],"picked":"Scrape","floor":31}],"player_experience":846064,"relics_obtained":[{"floor":6.0,"key":"Nunchaku"},{"floor":9.0,"key":"Happy Flower"},{"floor":11.0,"key":"Strawberry"},{"floor":13.0,"key":"MealTicket"},{"floor":23,"key":"Bronze Scales"},{"floor":30,"key":"Unceasing Top"}],"event_choices":[{"damage_healed":0.0,"max_hp_gain":0.0,"max_hp_loss":0.0,"gold_gain":68.0,"event_name":"Golden Wing","player_choice":"Gained Gold","floor":3.0,"gold_loss":0.0,"damage_taken":0.0},{"damage_healed":0.0,"max_hp_gain":5.0,"max_hp_loss":0.0,"gold_gain":0.0,"event_name":"Big Fish","player_choice":"Donut","floor":4.0,"gold_loss":0.0,"damage_taken":0.0},{"damage_healed":0.0,"max_hp_gain":0.0,"max_hp_loss":0.0,"gold_gain":0.0,"event_name":"Upgrade Shrine","player_choice":"Upgraded","floor":5.0,"gold_loss":0.0,"damage_taken":0.0,"cards_upgraded":["Doom and Gloom"]},{"damage_healed":0,"gold_gain":0,"cards_transformed":["Strike_B","Strike_B"],"player_choice":"Became Test Subject","damage_taken":0,"max_hp_gain":0,"max_hp_loss":0,"event_name":"Drug Dealer","floor":22,"gold_loss":0,"cards_obtained":["Melter","Electrodynamics"]},{"damage_healed":0,"gold_gain":0,"player_choice":"Became a Ghost","damage_taken":0,"max_hp_gain":0,"max_hp_loss":42,"event_name":"Ghosts","floor":28,"gold_loss":0,"cards_obtained":["Ghostly","Ghostly","Ghostly"]}],"is_beta":false,"boss_relics":[{"not_picked":["SlaversCollar","Empty Cage"],"picked":"Philosopher\u0027s Stone"}],"items_purged_floors":[],"is_endless":false,"potions_floor_spawned":[1,7,11,13,14,16,18,25,31],"killed_by":"Automaton","ascension_level":20}}