{"host":"njruw0b0uprlitpx","time":1609988935,"event":{"mods":["2.2 Compatiblity","Astrologer","Bartender","BaseMod","Better Altar","Better Match","Better Note","Better Sensory Stone","Better Skull","Better Third Choice","BetterRewards","Block Reminder","Colored Map","Colored Powertips","Energized Spire","Jedi Mod","Keyboard Shortcuts","Magitek Elite","Minty Spire (QoL Compilation)","Quick Restart","Relic Stats","Replay The Spire","SacredBarkPlus","Spicy Shops","StSLib","SuperFastMode","The Dragon Tamer","The Forsaken","The Gatherer","The Marked","The Mystic","The Necromancer","The Spell Scribe","Wandering Minibosses"],"gold_per_floor":[112,132,4,4,21,21,54,151,151,151,151,6,32,32,32,136,136,155,371,388,3,3,3,37,37,37,48,48,62,62,80,80,179,179,197,0,0,0,12,44,57,57,80,97,15,15,15,28,28,28],"floor_reached":51,"playtime":1515,"items_purged":["Forgetful","Decay","Injury"],"score":776,"play_id":"415a6847-5418-4d4e-ac44-793739f906b7","local_time":"20210106210855","is_ascension_mode":false,"campfire_choices":[{"data":"Dark Embrace","floor":6,"key":"SMITH"},{"data":"Body Slam","floor":11,"key":"SMITH"},{"floor":15,"key":"REST"},{"data":"Limit Break","floor":23,"key":"SMITH"},{"data":"Perfected Strike","floor":28,"key":"SMITH"},{"data":"ReplayTheSpireMod:Muscle Training","floor":30,"key":"SMITH"},{"data":"Flame Barrier","floor":32,"key":"SMITH"},{"floor":42,"key":"REST"},{"data":"ReplayTheSpireMod:LeadingStrike","floor":46,"key":"SMITH"},{"data":"Corruption","floor":49,"key":"SMITH"}],"circlet_count":0,"master_deck":["Strike_R","Strike_R","Strike_R","Strike_R","Strike_R","Defend_R","Defend_R+1","Defend_R+1","Defend_R+1","Bash","AbeCurse","Clothesline+1","Run Through","Reaper","Juggernaut","Twin Strike","Reckless Charge","Dark Embrace+1","Infernal Blade+1","Rage+1","Spot Weakness","Body Slam+1","Pommel Strike","Disarm","Limit Break+1","Flame Barrier+1","Disarm","Disarm","Slow","ReplayTheSpireMod:Muscle Training+1","CommonCold","Perfected Strike+1","Pummel","Double Tap+1","Uppercut","Writhe","Corruption+1","Demon Form","ReplayTheSpireMod:LeadingStrike+1","Heavy Blade+1","Headbutt","Pummel","Armaments+1"],"relics":["Burning Blood","Abe\u0027s Treasure","Orrery","Mummified Hand","Orichalcum","ReplayTheSpireMod:TigerMarble","Another Sword","energizedSpire:DeadBattery","Brimstone","Gambling Chip","ReplayTheSpireMod:Ring of Addiction","Chameleon Ring","SacredBark","ReplayTheSpireMod:Ring of Challenge","Bottled Flame","Runic Pyramid","ReplayTheSpireMod:CursedCoin","Strange Spoon","War Paint","ReplayTheSpireMod:Spearhead","Mango"],"acts_visited":["Exordium","TheCity","TheBeyond"],"potions_floor_usage":[7,33,33,39,41,50],"damage_taken":[{"damage":7,"enemies":"Jaw Worm","floor":1,"turns":4},{"damage":5,"enemies":"2 Louse","floor":2,"turns":3},{"damage":8,"enemies":"Small Slimes","floor":5,"turns":3},{"damage":31,"enemies":"3 Sentries","floor":7,"turns":6},{"damage":4,"enemies":"Replay:BlueRogue","floor":13,"turns":2},{"damage":32,"enemies":"The Guardian","floor":16,"turns":6},{"damage":4,"enemies":"Shell Parasite","floor":18,"turns":3},{"damage":9,"enemies":"Chosen","floor":20,"turns":4},{"damage":12,"enemies":"Book of Stabbing","floor":24,"turns":3},{"damage":0,"enemies":"Sentry and Sphere","floor":27,"turns":2},{"damage":0,"enemies":"Snecko","floor":29,"turns":3},{"damage":0,"enemies":"Chosen and Byrds","floor":31,"turns":2},{"damage":7,"enemies":"Champ","floor":33,"turns":4},{"damage":1,"enemies":"Orb Walker","floor":35,"turns":1},{"damage":15,"enemies":"3 Darklings","floor":39,"turns":3},{"damage":4,"enemies":"Giant Head","floor":40,"turns":3},{"damage":6,"enemies":"Sphere and 2 Shapes","floor":41,"turns":2},{"damage":0,"enemies":"Transient","floor":44,"turns":5},{"damage":13,"enemies":"Maw","floor":48,"turns":5},{"damage":23,"enemies":"Time Eater","floor":50,"turns":4}],"seed_played":"8750205320038064174","potions_obtained":[{"floor":1,"key":"AttackPotion"},{"floor":2,"key":"Energy Potion"},{"floor":7,"key":"Block Potion"},{"floor":16,"key":"Explosive Potion"},{"floor":24,"key":"Dexterity Potion"},{"floor":25,"key":"BloodPotion"},{"floor":31,"key":"SkillPotion"},{"floor":39,"key":"Adrenaline Potion"},{"floor":44,"key":"Block Potion"}],"is_trial":false,"path_per_floor":["M","M","$","?","M","R","E","?","T","?","R","$","E","$","R","B",null,"M","?","M","$","?","R","E","?","T","M","R","M","R","M","R","B",null,"M","$","?","?","M","E","M","R","T","M","$","R","?","M","R","B",null],"character_chosen":"IRONCLAD","items_purchased":["Orrery","Infernal Blade+1","Pommel Strike","Brimstone","Disarm","FearPotion","ReplayTheSpireMod:CursedCoin","Corruption","Strange Spoon","Adrenaline Potion","Mango"],"campfire_rested":2,"item_purchase_floors":[3,3,12,21,21,21,36,36,36,36,45],"current_hp_per_floor":[79,80,80,80,80,80,59,59,59,43,43,43,45,45,69,49,80,80,64,61,61,61,61,80,80,80,80,80,78,78,78,76,76,76,76,76,60,60,51,53,53,74,74,74,86,86,86,84,84,67],"gold":28,"neow_bonus":"CURSED_BOSS_RELIC","is_daily":false,"chose_seed":false,"campfire_upgraded":8,"win_rate":0.0,"timestamp":1609988935,"path_taken":["M","M","$","?","M","R","E","?","T","?","R","$","E","?","R","BOSS","M","?","M","$","?","R","E","?","T","M","R","?","R","M","R","BOSS","M","$","?","?","M","E","M","R","T","M","?","R","?","?","R","BOSS"],"items_purchased_type":["Relic","Card","Card","Relic","Card","Potion","Relic","Card","Relic","Potion","Relic"],"build_version":"2020-12-22","purchased_purges":3,"victory":true,"max_hp_per_floor":[80,80,80,80,80,80,80,80,80,80,80,80,80,80,80,80,80,80,80,80,80,80,80,80,80,80,80,80,78,78,78,76,76,76,76,76,74,74,74,74,74,74,74,74,86,86,86,84,84,84],"relic_stats":{"Strange Spoon":[26],"counters":[22,73],"Mummified Hand":[29],"Gambling Chip":[17],"Orichalcum":[120],"War Paint":["Defend_R","Defend_R"],"obtain_stats":[{"ReplayTheSpireMod:CursedCoin":36,"ReplayTheSpireMod:Ring of Addiction":25,"SacredBark":25,"Mango":45,"Orichalcum":8,"War Paint":40,"energizedSpire:DeadBattery":17,"Burning Blood":0,"Strange Spoon":36,"Bottled Flame":26,"ReplayTheSpireMod:Spearhead":43,"Chameleon Ring":25,"Mummified Hand":7,"Brimstone":21,"Gambling Chip":24,"Orrery":3,"Another Sword":13,"ReplayTheSpireMod:TigerMarble":9,"ReplayTheSpireMod:Ring of Challenge":25,"Abe\u0027s Treasure":0,"Runic Pyramid":34},{"ReplayTheSpireMod:CursedCoin":16,"ReplayTheSpireMod:Ring of Addiction":11,"SacredBark":11,"Mango":20,"Orichalcum":6,"War Paint":18,"energizedSpire:DeadBattery":8,"Burning Blood":0,"Strange Spoon":16,"Bottled Flame":11,"ReplayTheSpireMod:Spearhead":19,"Chameleon Ring":11,"Mummified Hand":6,"Brimstone":10,"Gambling Chip":11,"Orrery":4,"Another Sword":7,"ReplayTheSpireMod:TigerMarble":6,"ReplayTheSpireMod:Ring of Challenge":11,"Abe\u0027s Treasure":2,"Runic Pyramid":15},{"ReplayTheSpireMod:CursedCoin":51,"ReplayTheSpireMod:Ring of Addiction":39,"SacredBark":39,"Mango":64,"Orichalcum":21,"War Paint":57,"energizedSpire:DeadBattery":29,"Burning Blood":0,"Strange Spoon":51,"Bottled Flame":39,"ReplayTheSpireMod:Spearhead":59,"Chameleon Ring":39,"Mummified Hand":21,"Brimstone":36,"Gambling Chip":39,"Orrery":12,"Another Sword":23,"ReplayTheSpireMod:TigerMarble":21,"ReplayTheSpireMod:Ring of Challenge":39,"Abe\u0027s Treasure":5,"Runic Pyramid":50}],"Burning Blood":86},"card_choices":[{"not_picked":["ReplayTheSpireMod:Strike From Hell","True Grit"],"picked":"Clothesline","floor":1},{"not_picked":["Havoc","Abandon"],"picked":"Run Through","floor":2},{"not_picked":["Run Through","ReplayTheSpireMod:LeadingStrike"],"picked":"Reaper","floor":3},{"not_picked":["ReplayReversal","Twin Strike"],"picked":"Juggernaut","floor":3},{"not_picked":["Replay:Undeath\u0027s Touch","ReplayTheSpireMod:LeadingStrike"],"picked":"Twin Strike","floor":3},{"not_picked":["Iron Wave","Searing Blow"],"picked":"Reckless Charge","floor":3},{"not_picked":["jedi:controlledanger","Abandon"],"picked":"Dark Embrace","floor":3},{"not_picked":["Wild Strike","ReplayTheSpireMod:Corrosion Curse"],"picked":"Rage","floor":5},{"not_picked":["Rampage","Heavy Blade"],"picked":"Spot Weakness","floor":7},{"not_picked":["Shrug It Off","Clash"],"picked":"Body Slam","floor":8},{"not_picked":["Feel No Pain","Demonic Infusion"],"picked":"Disarm","floor":13},{"not_picked":["Impervious","jedi:strikingstrike"],"picked":"Limit Break","floor":16},{"not_picked":["Flex","Rampage","Iron Wave"],"picked":"SKIP","floor":18},{"not_picked":["Body Slam","Wild Strike+1"],"picked":"Flame Barrier","floor":20},{"not_picked":["Intimidate+1","Shrug It Off"],"picked":"ReplayTheSpireMod:Muscle Training","floor":24},{"not_picked":["Power Through","Seeing Red"],"picked":"Perfected Strike","floor":27},{"not_picked":["Flex","Anger","Seeing Red"],"picked":"SKIP","floor":29},{"not_picked":["Thunderclap","Havoc+1"],"picked":"Pummel","floor":31},{"not_picked":["Reaper","jedi:strikingstrike"],"picked":"Double Tap","floor":33},{"not_picked":["Clash+1","Replay:Undeath\u0027s Touch"],"picked":"Uppercut","floor":35},{"not_picked":["Thunderclap","Bloodletting+1"],"picked":"ReplayTheSpireMod:LeadingStrike","floor":39},{"not_picked":["Run Through+1","Limit Break"],"picked":"Heavy Blade+1","floor":40},{"not_picked":["Shrug It Off","Cleave+1"],"picked":"Headbutt","floor":41},{"not_picked":["Run Through","Pommel Strike"],"picked":"Pummel","floor":44},{"not_picked":["Fire Breathing","Iron Wave"],"picked":"Armaments+1","floor":48}],"player_experience":1652526,"relics_obtained":[{"floor":7,"key":"Mummified Hand"},{"floor":8,"key":"Orichalcum"},{"floor":9,"key":"ReplayTheSpireMod:TigerMarble"},{"floor":13,"key":"Another Sword"},{"floor":24,"key":"Gambling Chip"},{"floor":25,"key":"ReplayTheSpireMod:Ring of Addiction"},{"floor":25,"key":"Chameleon Ring"},{"floor":25,"key":"SacredBark"},{"floor":25,"key":"ReplayTheSpireMod:Ring of Challenge"},{"floor":26,"key":"Bottled Flame"},{"floor":40,"key":"War Paint"},{"floor":43,"key":"ReplayTheSpireMod:Spearhead"}],"event_choices":[{"damage_healed":0,"gold_gain":0,"player_choice":"Ignored","damage_taken":4,"max_hp_gain":0,"max_hp_loss":0,"event_name":"betterThird:BetterSerpent","floor":4,"gold_loss":0},{"damage_healed":59,"gold_gain":0,"player_choice":"Upgrade","damage_taken":16,"max_hp_gain":0,"max_hp_loss":80,"event_name":"betterThird:BetterShining","floor":10,"gold_loss":0,"cards_upgraded":["Rage","Clothesline"]},{"damage_healed":0,"gold_gain":216,"player_choice":"GO GO ","damage_taken":18,"relics_obtained":[],"max_hp_gain":0,"max_hp_loss":0,"event_name":"betterSkull:BetterSkull","floor":19,"gold_loss":0,"cards_upgraded":[]},{"cards_removed":["Infernal Blade"],"damage_healed":0,"gold_gain":0,"player_choice":"Take \u0026 Give","damage_taken":0,"max_hp_gain":0,"max_hp_loss":0,"event_name":"betterNote:BetterNote","floor":22,"gold_loss":0,"cards_obtained":["Slow"]},{"damage_healed":0,"gold_gain":3,"player_choice":"2","damage_taken":0,"max_hp_gain":0,"max_hp_loss":14,"event_name":"betterStone:BetterStone","floor":37,"gold_loss":0},{"damage_healed":0,"gold_gain":0,"player_choice":"Upgraded","damage_taken":0,"max_hp_gain":0,"max_hp_loss":0,"event_name":"Upgrade Shrine","floor":47,"gold_loss":0,"cards_upgraded":["Double Tap"]}],"is_beta":false,"boss_relics":[{"not_picked":["Honey Jar","Ooze Armor"],"picked":"energizedSpire:DeadBattery"},{"not_picked":["Replay:Wanted Poster","Tiny House"],"picked":"Runic Pyramid"}],"items_purged_floors":[3,12,21],"is_endless":false,"potions_floor_spawned":[1,2,7,16,24,31,39,44],"ascension_level":0}}