{"host":"sav7uxregyirlf69","time":1609999872,"event":{"mods":["AchievementEnabler","BaseMod","Colored Map","DeckTracker","Keyboard Shortcuts","Minty Spire (QoL Compilation)","READ ME - Guardian Mod","StSLib","SuperFastMode"],"gold_per_floor":[119,119,119,142,67,105,105,105,129,162,2,36,36,51,51,51,51],"floor_reached":16,"playtime":178,"items_purged":["Strike_G"],"score":266,"play_id":"b24f1aec-9f05-4c1d-b062-8b8c304168c3","local_time":"20210107151112","is_ascension_mode":true,"campfire_choices":[{"data":"Tactician","floor":8,"key":"SMITH"},{"floor":13,"key":"REST"},{"data":"Deadly Poison","floor":15,"key":"SMITH"}],"circlet_count":0,"master_deck":["AscendersBane","Strike_G","Strike_G","Strike_G","Strike_G+1","Defend_G","Defend_G","Defend_G","Defend_G","Defend_G","Survivor","Neutralize","Tactician+1","Masterful Stab+1","Blade Dance","Well Laid Plans","Deadly Poison+1"],"relics":["Ring of the Snake","NeowsBlessing","Golden Idol","Toy Ornithopter","MawBank","Lee\u0027s Waffle","Tiny Chest"],"acts_visited":["Exordium"],"potions_floor_usage":[12,16],"damage_taken":[{"damage":0,"enemies":"Cultist","floor":1,"turns":1},{"damage":0,"enemies":"2 Louse","floor":4,"turns":1},{"damage":0,"enemies":"3 Sentries","floor":6,"turns":1},{"damage":4,"enemies":"Small Slimes","floor":10,"turns":3},{"damage":57,"enemies":"Gremlin Nob","floor":12,"turns":5},{"damage":1,"enemies":"Blue Slaver","floor":14,"turns":4},{"damage":40,"enemies":"Slime Boss","floor":16,"turns":7}],"seed_played":"-7339201869656240237","potions_obtained":[{"floor":1,"key":"CunningPotion"},{"floor":12,"key":"Explosive Potion"}],"is_trial":false,"path_per_floor":["M","T","?","M","$","E","?","R","T","M","$","E","R","M","R","B"],"character_chosen":"THE_SILENT","items_purchased":["Lee\u0027s Waffle"],"campfire_rested":1,"item_purchase_floors":[11],"current_hp_per_floor":[59,59,59,59,59,59,41,41,41,37,67,10,30,29,29,0,0],"gold":51,"neow_bonus":"THREE_ENEMY_KILL","is_daily":false,"chose_seed":false,"campfire_upgraded":2,"win_rate":0.0,"timestamp":1609999872,"path_taken":["M","?","?","M","$","E","?","R","T","M","?","E","R","?","R","BOSS"],"items_purchased_type":["Relic"],"build_version":"2020-12-22","purchased_purges":1,"victory":false,"max_hp_per_floor":[66,66,60,60,60,60,60,60,60,60,67,67,67,67,67,67,67],"card_choices":[{"not_picked":["Eviscerate","Underhanded Strike","Expertise"],"picked":"SKIP","floor":1},{"not_picked":["Acrobatics","Predator"],"picked":"Tactician","floor":4},{"not_picked":["PiercingWail","Outmaneuver"],"picked":"Masterful Stab","floor":6},{"not_picked":["Dodge and Roll","All Out Attack"],"picked":"Blade Dance","floor":10},{"not_picked":["Dash","Deadly Poison"],"picked":"Well Laid Plans","floor":12},{"not_picked":["Distraction","Backflip"],"picked":"Deadly Poison","floor":14}],"player_experience":1173016,"relics_obtained":[{"floor":6,"key":"Toy Ornithopter"},{"floor":9,"key":"MawBank"},{"floor":12,"key":"Tiny Chest"}],"event_choices":[{"damage_healed":0,"gold_gain":0,"player_choice":"Lose Max HP","damage_taken":0,"relics_obtained":["Golden Idol"],"max_hp_gain":0,"max_hp_loss":6,"event_name":"Golden Idol","floor":3,"gold_loss":0},{"damage_healed":0,"gold_gain":0,"player_choice":"Entered Light","damage_taken":18,"max_hp_gain":0,"max_hp_loss":0,"event_name":"Shining Light","floor":7,"gold_loss":0,"cards_upgraded":["Strike_G","Masterful Stab"]}],"is_beta":false,"boss_relics":[],"items_purged_floors":[5],"is_endless":false,"potions_floor_spawned":[1,12],"killed_by":"Slime Boss","ascension_level":20}}