{"host":"ji1fk25fd1ga4ji1","time":1609998573,"event":{"mods":["2.2 Compatiblity","BaseMod","Colored Map","DeckTracker","Minty Spire (QoL Compilation)","Permanent Neow","Quick Restart","StSLib","SuperFastMode"],"gold_per_floor":[116,116,41,52,67,95,95,125,125,15,35,35,46,81,81,178,178,189,189,201,213,113,141,141,167,235,235,270,289,169,183,183,280,280,299,299,299,327,68,68,97,97,145,145,87,122,122,152,152,152],"floor_reached":51,"playtime":1297,"items_purged":["Strike_R","Strike_R","Strike_R","Strike_R","Battle Trance+1"],"score":1136,"play_id":"be9879d5-05eb-4b7e-bcb9-56606352ad73","local_time":"20210107144933","daily_mods":["Heirloom","DeadlyEvents","Elite Swarm"],"is_ascension_mode":true,"campfire_choices":[{"data":"Immolate","floor":7.0,"key":"SMITH"},{"data":"Power Through","floor":12.0,"key":"SMITH"},{"data":"Barricade","floor":15.0,"key":"SMITH"},{"floor":24,"key":"REST"},{"floor":27,"key":"REST"},{"data":"Second Wind","floor":32,"key":"SMITH"},{"data":"Evolve","floor":40,"key":"SMITH"},{"data":"Juggernaut","floor":44,"key":"SMITH"},{"data":"Rampage","floor":49,"key":"SMITH"}],"circlet_count":0,"master_deck":["Defend_R","Defend_R","Defend_R","Bash","Whirlwind","Wild Strike","Power Through+1","Immolate+1","Reaper","Second Wind+1","Barricade+1","Ghostly Armor","Feed","Juggernaut+1","Shrug It Off","Offering","Offering","Entrench","Evolve+1","Offering","Rampage+1","Impervious"],"relics":["Burning Blood","Ice Cream","Bag of Marbles","The Courier","Tiny Chest","Peace Pipe","Philosopher\u0027s Stone","Self Forming Clay","Thread and Needle","Gremlin Horn","Charon\u0027s Ashes","Sozu","Kunai","StrikeDummy","InkBottle","Strawberry","PreservedInsect","Pantograph","Eternal Feather","Calipers"],"acts_visited":["Exordium","TheCity","TheBeyond"],"potions_floor_usage":[23,23,25,29],"damage_taken":[{"damage":6.0,"enemies":"Jaw Worm","floor":1.0,"turns":3.0},{"damage":3.0,"enemies":"2 Louse","floor":4.0,"turns":2.0},{"damage":6.0,"enemies":"Cultist","floor":5.0,"turns":3.0},{"damage":29.0,"enemies":"Lagavulin","floor":6.0,"turns":8.0},{"damage":9.0,"enemies":"3 Sentries","floor":8.0,"turns":3.0},{"damage":0.0,"enemies":"Large Slime","floor":11.0,"turns":2.0},{"damage":6.0,"enemies":"Red Slaver","floor":13.0,"turns":3.0},{"damage":14.0,"enemies":"Gremlin Nob","floor":14.0,"turns":4.0},{"damage":45.0,"enemies":"Hexaghost","floor":16.0,"turns":11.0},{"damage":18.0,"enemies":"Shell Parasite","floor":18.0,"turns":6.0},{"damage":11.0,"enemies":"Chosen","floor":20.0,"turns":5.0},{"damage":19.0,"enemies":"Snecko","floor":21.0,"turns":8.0},{"damage":39,"enemies":"Book of Stabbing","floor":23,"turns":6},{"damage":46,"enemies":"Slavers","floor":25,"turns":4},{"damage":6,"enemies":"Gremlin Leader","floor":28,"turns":6},{"damage":16,"enemies":"Snake Plant","floor":29,"turns":3},{"damage":0,"enemies":"Centurion and Healer","floor":31,"turns":7},{"damage":6,"enemies":"Collector","floor":33,"turns":10},{"damage":6,"enemies":"3 Darklings","floor":35,"turns":3},{"damage":18,"enemies":"Nemesis","floor":38,"turns":9},{"damage":12,"enemies":"Giant Head","floor":41,"turns":11},{"damage":18,"enemies":"Nemesis","floor":46,"turns":4},{"damage":12,"enemies":"Reptomancer","floor":48,"turns":4},{"damage":18,"enemies":"Awakened One","floor":50,"turns":9}],"seed_played":"-9126105424349714460","potions_obtained":[{"floor":6.0,"key":"BloodPotion"},{"floor":8.0,"key":"SmokeBomb"},{"floor":11.0,"key":"CultistPotion"},{"floor":13.0,"key":"Swift Potion"},{"floor":14.0,"key":"Fire Potion"},{"floor":21.0,"key":"Energy Potion"},{"floor":23,"key":"DuplicationPotion"},{"floor":25,"key":"SpeedPotion"},{"floor":28,"key":"Regen Potion"},{"floor":29,"key":"Regen Potion"}],"is_trial":true,"path_per_floor":["M","?","$","M","M","E","R","E","T","$","M","R","M","E","R","B",null,"M","?","M","M","$","E","R","E","T","R","E","M","$","M","R","B",null,"M","T","?","E","$","R","E","$","T","R","$","E","T","E","R","B",null],"character_chosen":"IRONCLAD","items_purchased":["Second Wind","Entrench","Evolve","Rampage"],"campfire_rested":2,"item_purchase_floors":[10,39,39,45],"current_hp_per_floor":[80,85,85,85,85,62,62,59,59,59,65,65,85,77,77,50,85,76,76,71,67,67,38,64,36,36,62,74,71,71,88,88,92,97,100,100,100,89,89,89,100,100,100,100,100,88,88,90,102,109],"gold":152,"neow_bonus":"","is_daily":false,"chose_seed":false,"campfire_upgraded":7,"win_rate":0.0,"timestamp":1609998573,"path_taken":["M","?","$","M","M","E","R","E","T","$","M","R","M","E","R","BOSS","M","?","M","?","$","E","R","E","T","R","E","M","?","M","R","BOSS","M","?","?","?","$","R","E","?","T","R","$","E","?","E","R","BOSS"],"items_purchased_type":["Card","Card","Card","Card"],"build_version":"2020-12-22","purchased_purges":5,"victory":true,"max_hp_per_floor":[80,85,85,85,85,85,85,85,85,85,85,85,85,85,85,85,85,85,85,85,88,88,88,88,88,88,88,91,94,94,97,97,97,97,100,100,100,100,100,100,110,110,110,110,110,110,110,110,110,110],"card_choices":[{"not_picked":["Clothesline","Rupture"],"picked":"Whirlwind","floor":1.0},{"not_picked":["Headbutt","Sword Boomerang"],"picked":"Wild Strike","floor":4.0},{"not_picked":["Armaments","Sentinel"],"picked":"Power Through","floor":5.0},{"not_picked":["Bludgeon","Reaper"],"picked":"Immolate","floor":6.0},{"not_picked":["Barricade","Fiend Fire"],"picked":"Reaper","floor":8.0},{"not_picked":["Warcry","Dual Wield","Clothesline"],"picked":"SKIP","floor":11.0},{"not_picked":["Warcry","Infernal Blade","Rupture"],"picked":"SKIP","floor":13.0},{"not_picked":["Limit Break","Berserk"],"picked":"Barricade","floor":14.0},{"not_picked":["Sword Boomerang","Cleave"],"picked":"Ghostly Armor","floor":18.0},{"not_picked":["Thunderclap","Perfected Strike"],"picked":"Shrug It Off","floor":20.0},{"not_picked":["Pommel Strike+1","Sever Soul","Flame Barrier+1"],"picked":"SKIP","floor":21.0},{"not_picked":["Pommel Strike+1","Sever Soul","Flame Barrier+1"],"picked":"SKIP","floor":21.0},{"not_picked":["Brutality","Exhume","Reaper"],"picked":"SKIP","floor":23},{"not_picked":["Fiend Fire","Exhume"],"picked":"Offering","floor":25},{"not_picked":["Limit Break","Bludgeon","Corruption"],"picked":"SKIP","floor":28},{"not_picked":["Armaments","Infernal Blade+1","Thunderclap+1"],"picked":"SKIP","floor":29},{"not_picked":["Clash","Infernal Blade","Pummel"],"picked":"SKIP","floor":31},{"not_picked":["Perfected Strike+1","Sword Boomerang+1"],"picked":"Battle Trance+1","floor":35},{"not_picked":["Berserk","Feed"],"picked":"Offering","floor":38},{"not_picked":["Limit Break","Demon Form"],"picked":"Offering","floor":41},{"not_picked":["Limit Break","Reaper"],"picked":"Impervious","floor":46},{"not_picked":["Juggernaut","Limit Break","Exhume"],"picked":"SKIP","floor":48}],"player_experience":808171,"relics_obtained":[{"floor":6.0,"key":"Bag of Marbles"},{"floor":8.0,"key":"The Courier"},{"floor":9.0,"key":"Tiny Chest"},{"floor":14.0,"key":"Peace Pipe"},{"floor":23,"key":"Self Forming Clay"},{"floor":25,"key":"Thread and Needle"},{"floor":26,"key":"Gremlin Horn"},{"floor":28,"key":"Charon\u0027s Ashes"},{"floor":36,"key":"Kunai"},{"floor":38,"key":"InkBottle"},{"floor":41,"key":"Strawberry"},{"floor":43,"key":"PreservedInsect"},{"floor":46,"key":"Pantograph"},{"floor":47,"key":"Eternal Feather"},{"floor":48,"key":"Calipers"}],"event_choices":[{"damage_healed":0.0,"max_hp_gain":5.0,"max_hp_loss":0.0,"gold_gain":0.0,"event_name":"Big Fish","player_choice":"Donut","floor":2.0,"gold_loss":0.0,"damage_taken":0.0},{"damage_healed":0.0,"max_hp_gain":0.0,"max_hp_loss":0.0,"gold_gain":0.0,"cards_transformed":["Strike_R","Defend_R"],"event_name":"Drug Dealer","player_choice":"Became Test Subject","floor":19.0,"gold_loss":0.0,"damage_taken":0.0,"cards_obtained":["Feed","Juggernaut"]},{"damage_healed":0,"gold_gain":0,"player_choice":"Gave Potion","damage_taken":0,"relics_obtained":["StrikeDummy"],"max_hp_gain":0,"max_hp_loss":0,"event_name":"WeMeetAgain","floor":37,"gold_loss":0}],"is_beta":false,"boss_relics":[{"not_picked":["Pandora\u0027s Box","SlaversCollar"],"picked":"Philosopher\u0027s Stone"},{"not_picked":["Busted Crown","Black Star"],"picked":"Sozu"}],"items_purged_floors":[3,10,22,30,39],"is_endless":false,"potions_floor_spawned":[6,8,11,13,14,21,23,25,28,29,35,38,46],"ascension_level":1}}