{"host":"26vbmo0961zutl1z","time":1609980099,"event":{"mods":["AchievementEnabler","BaseMod","Colored Map","Colored Powertips","Minty Spire (QoL Compilation)","Permanent Neow","Quick Restart","Relic Stats","StSLib","UnlockEverythingMod"],"gold_per_floor":[115,75,90,108,123,123,11,23,23,23,23,53,69,96,96,170,170,188,188,188],"floor_reached":19,"playtime":783,"items_purged":[],"score":358,"play_id":"b9db94b6-e9ee-4d59-97e1-38272bce39aa","local_time":"20210107014139","is_ascension_mode":true,"campfire_choices":[{"data":"Quick Slash","floor":6,"key":"SMITH"},{"floor":11,"key":"REST"},{"floor":15,"key":"REST"}],"circlet_count":0,"master_deck":["AscendersBane","Strike_G","Strike_G","Strike_G","Strike_G","Strike_G","Defend_G","Defend_G","Defend_G","Defend_G","Defend_G","Survivor","Neutralize","PiercingWail","Quick Slash+1","Well Laid Plans","Backflip","Deadly Poison","Noxious Fumes","Poisoned Stab","Predator","Bouncing Flask","Die Die Die","Malaise","Backflip"],"relics":["Ring of the Snake","Juzu Bracelet","Kunai","Sozu"],"acts_visited":["Exordium","TheCity"],"potions_floor_usage":[12,16,19],"damage_taken":[{"damage":4,"enemies":"Jaw Worm","floor":1,"turns":8},{"damage":0,"enemies":"Cultist","floor":3,"turns":4},{"damage":4,"enemies":"Small Slimes","floor":4,"turns":3},{"damage":5,"enemies":"Blue Slaver","floor":5,"turns":6},{"damage":4,"enemies":"2 Fungi Beasts","floor":8,"turns":4},{"damage":8,"enemies":"Gremlin Nob","floor":12,"turns":3},{"damage":13,"enemies":"Lots of Slimes","floor":13,"turns":4},{"damage":22,"enemies":"Lagavulin","floor":14,"turns":5},{"damage":27,"enemies":"The Guardian","floor":16,"turns":10},{"damage":24,"enemies":"2 Thieves","floor":18,"turns":4},{"damage":38,"enemies":"Masked Bandits","floor":19,"turns":3}],"seed_played":"-2325468656633625122","potions_obtained":[{"floor":2,"key":"CultistPotion"},{"floor":2,"key":"Strength Potion"},{"floor":16,"key":"Explosive Potion"}],"is_trial":false,"path_per_floor":["M","?","M","M","M","R","$","M","T","$","R","E","M","E","R","B",null,"M","?"],"character_chosen":"THE_SILENT","items_purchased":["Deadly Poison","Noxious Fumes"],"campfire_rested":2,"item_purchase_floors":[7,7],"current_hp_per_floor":[52,52,52,48,43,43,43,39,39,39,62,54,41,19,42,15,62,38,0,0],"gold":188,"neow_bonus":"TWENTY_PERCENT_HP_BONUS","is_daily":false,"chose_seed":false,"campfire_upgraded":1,"win_rate":0.0,"timestamp":1609980099,"path_taken":["M","?","M","?","M","R","$","M","T","?","R","E","M","E","R","BOSS","M","?"],"items_purchased_type":["Card","Card"],"build_version":"2020-12-22","purchased_purges":0,"victory":false,"max_hp_per_floor":[78,78,78,78,78,78,78,78,78,78,78,78,78,78,78,78,78,78,78,78],"relic_stats":{"Sozu":0,"counters":[11,54],"Juzu Bracelet":1,"Kunai":[1],"obtain_stats":[{"Sozu":17,"Juzu Bracelet":12,"Kunai":14,"Ring of the Snake":0},{"Sozu":9,"Juzu Bracelet":6,"Kunai":8,"Ring of the Snake":0},{"Sozu":47,"Juzu Bracelet":28,"Kunai":37,"Ring of the Snake":0}],"Ring of the Snake":[22]},"card_choices":[{"not_picked":["Underhanded Strike","Prepared"],"picked":"PiercingWail","floor":1},{"not_picked":["Outmaneuver","Prepared"],"picked":"Quick Slash","floor":3},{"not_picked":["Finisher","Flechettes"],"picked":"Well Laid Plans","floor":4},{"not_picked":["Bane","Quick Slash"],"picked":"Backflip","floor":5},{"not_picked":["Flying Knee","Calculated Gamble"],"picked":"Poisoned Stab","floor":8},{"not_picked":["Sucker Punch","PiercingWail"],"picked":"Predator","floor":12},{"not_picked":["Caltrops","Accuracy"],"picked":"Bouncing Flask","floor":13},{"not_picked":["Caltrops","PiercingWail"],"picked":"Die Die Die","floor":14},{"not_picked":["Venomology","Storm of Steel"],"picked":"Malaise","floor":16},{"not_picked":["Underhanded Strike","Heel Hook"],"picked":"Backflip","floor":18}],"player_experience":480609,"relics_obtained":[{"floor":12,"key":"Juzu Bracelet"},{"floor":14,"key":"Kunai"}],"event_choices":[{"damage_healed":0,"gold_gain":0,"player_choice":"Bought 3 Potions","damage_taken":0,"max_hp_gain":0,"max_hp_loss":0,"event_name":"The Woman in Blue","floor":2,"gold_loss":0},{"damage_healed":0,"gold_gain":0,"player_choice":"Fought Bandits","damage_taken":0,"max_hp_gain":0,"max_hp_loss":0,"event_name":"Masked Bandits","floor":19,"gold_loss":0}],"is_beta":false,"boss_relics":[{"not_picked":["WristBlade","Busted Crown"],"picked":"Sozu"}],"items_purged_floors":[],"is_endless":false,"potions_floor_spawned":[4,5,16],"killed_by":"Masked Bandits","ascension_level":20}}