{"host":"llpusn9usp8rznkj","time":1609991674,"event":{"mods":["2.2 Compatiblity","Aspiration","BaseMod","Colored Map","Colored Powertips","Conspire","Hubris","Minty Spire (QoL Compilation)","Quick Restart","Rare Cards Sparkle","Replay The Spire","StSLib","The Cursed"],"gold_per_floor":[115,150,170,188,263,294,294,324,347,347,382,382,413,413,413,413,413],"floor_reached":16,"playtime":482,"items_purged":[],"score":252,"play_id":"5a72b671-aa09-403b-8def-3aead4f88543","local_time":"20210106225434","is_ascension_mode":true,"campfire_choices":[{"floor":7,"key":"REST"},{"data":"ReplayTheSpireMod:Corrosion Curse","floor":10,"key":"SMITH"},{"data":"Body Slam","floor":12,"key":"SMITH"},{"data":"Pommel Strike","floor":15,"key":"SMITH"}],"circlet_count":0,"master_deck":["AscendersBane","Strike_R","Strike_R","Strike_R","Strike_R","Strike_R","Defend_R","Defend_R","Defend_R","Defend_R","Bash","Perfected Strike","Pommel Strike+1","Run Through","Anger","Body Slam+1","ReplayTheSpireMod:Corrosion Curse+1","Inflame+1","Flex","Power Through"],"relics":["Burning Blood","NeowsBlessing","Frozen Egg 2","Anchor","Pocketwatch","Blue Doll","hubris:MedicalManual","Lantern"],"acts_visited":["Exordium"],"potions_floor_usage":[8,11],"damage_taken":[{"damage":0,"enemies":"Jaw Worm","floor":1,"turns":1},{"damage":0,"enemies":"conspire:MimicChest","floor":2,"turns":1},{"damage":0,"enemies":"Cultist","floor":3,"turns":1},{"damage":0,"enemies":"Small Slimes","floor":4,"turns":2},{"damage":55,"enemies":"3 Sentries","floor":6,"turns":8},{"damage":8,"enemies":"Gremlin Nob","floor":8,"turns":3},{"damage":5,"enemies":"3 Sentries","floor":11,"turns":6},{"damage":9,"enemies":"Gremlin Nob","floor":13,"turns":3},{"damage":36,"enemies":"The Guardian","floor":16,"turns":2}],"seed_played":"2254709402440725821","potions_obtained":[{"floor":6,"key":"Energy Potion"},{"floor":8,"key":"SkillPotion"}],"is_trial":false,"path_per_floor":["M","?","M","M","?","E","R","E","T","R","E","R","E","?","R","B"],"character_chosen":"IRONCLAD","items_purchased":[],"campfire_rested":1,"item_purchase_floors":[],"current_hp_per_floor":[74,75,75,75,64,15,37,35,35,35,36,36,33,33,33,0,0],"gold":413,"neow_bonus":"THREE_ENEMY_KILL","is_daily":false,"chose_seed":false,"campfire_upgraded":3,"win_rate":0.0,"timestamp":1609991674,"path_taken":["M","?","M","?","?","E","R","E","T","R","E","R","E","?","R","BOSS"],"items_purchased_type":[],"build_version":"2020-12-22","purchased_purges":0,"victory":false,"max_hp_per_floor":[75,75,75,75,75,75,75,75,75,75,75,75,75,75,75,75,75],"card_choices":[{"not_picked":["Sword Boomerang","Anger"],"picked":"Perfected Strike","floor":1},{"not_picked":["Flex","Havoc"],"picked":"Pommel Strike","floor":2},{"not_picked":["Sentinel","Power Through"],"picked":"Run Through","floor":3},{"not_picked":["Fiend Fire","Bloodletting"],"picked":"Anger","floor":4},{"not_picked":["Clothesline","Thunderclap"],"picked":"Body Slam","floor":6},{"not_picked":["hubris:ReadiedAction","Combust+1"],"picked":"ReplayTheSpireMod:Corrosion Curse","floor":8},{"not_picked":["ReplayTheSpireMod:Stacked","Havoc"],"picked":"Inflame+1","floor":11},{"not_picked":["Demonic Infusion","Sword Boomerang"],"picked":"Flex","floor":13}],"player_experience":1127296,"relics_obtained":[{"floor":2,"key":"Frozen Egg 2"},{"floor":6,"key":"Anchor"},{"floor":8,"key":"Pocketwatch"},{"floor":9,"key":"Blue Doll"},{"floor":11,"key":"hubris:MedicalManual"},{"floor":13,"key":"Lantern"}],"event_choices":[{"damage_healed":0,"gold_gain":75,"player_choice":"Gather Gold","damage_taken":11,"max_hp_gain":0,"max_hp_loss":0,"event_name":"World of Goop","floor":5,"gold_loss":0}],"is_beta":false,"boss_relics":[],"items_purged_floors":[],"is_endless":false,"potions_floor_spawned":[6,8],"killed_by":"The Guardian","ascension_level":20}}