{"host":"u3jctbsl7uavviuy","time":1609999673,"event":{"mods":["ATMod(阿瑾Mod)","Arknights The Spire","BaseMod","BetterRewards","GungeonMod","HololiveMod","Luminous","Marisa（F雨　魔理沙）","Minty Spire (QoL Compilation)","Relic Stats","Replay The Spire","Shop Mod","Spicy Shops","StSLib","TestMod","The Animator","The Cursed","The Gatherer","The Servant 0.9.4","WarShipGirlsR/战舰少女R mod","vexMod","篝火指南"],"gold_per_floor":[109,129,129,129,129,129,148,148,148,176,188,202,127,127,127,232,232,249,249,189,189,209,288,88,147,196,208,208],"floor_reached":27,"playtime":1361,"items_purged":["ats:Strike V"],"score":231,"play_id":"f01068ea-8fb1-4308-a48b-e7f78c7c3a4b","local_time":"20210107150753","is_ascension_mode":false,"campfire_choices":[{"data":"AT_MachinaRedman","floor":6.0,"key":"SMITH"},{"data":"ats:Shell Defense","floor":15.0,"key":"SMITH"}],"circlet_count":0,"master_deck":["ats:Strike C","ats:Strike G","ats:Strike S","ats:Armor Crushing Shot","ats:Defend","ats:Defend","ats:Defend","ats:Defend","ats:Emotion Absorption","AT_MachinaRedman+1","ats:Thermite Blade","ats:Explosion Area Strengthen","ats:Defend Order","ats:Ignite","ats:Shell Defense+1","ats:Powerful Strike","ats:Nebulous Foxfire+1","CurseOfTheBell","ats:Revitalization+1","ats:Overload+1","ats:Composite Medical Shells+1","ats:Assault Order","ats:Healing Strengthening"],"relics":["ats:Sanity","testmod-TestBox","AT_ATBox","testmod-Déjàvu","NeowsBlessing","testmod-Nyarlathotep","ats:Originium","Simple Rune","Calling Bell","ats:Ability Aura","vexMod:ConsolationPrize","vexMod:PlasmaPancake","Replay:Kaleidoscope","vexMod:PaidLearning","testmod-IndustrialRevolution"],"acts_visited":["Exordium","TheCity"],"potions_floor_usage":[23,27],"damage_taken":[{"damage":0.0,"enemies":"Jaw Worm","floor":1.0,"turns":1.0},{"damage":0.0,"enemies":"Small Slimes","floor":2.0,"turns":1.0},{"damage":0.0,"enemies":"2 Louse","floor":7.0,"turns":1.0},{"damage":24.0,"enemies":"3 Sentries","floor":10.0,"turns":8.0},{"damage":4.0,"enemies":"Blue Slaver","floor":11.0,"turns":4.0},{"damage":0.0,"enemies":"Looter","floor":12.0,"turns":2.0},{"damage":39.0,"enemies":"The Guardian","floor":16.0,"turns":9.0},{"damage":6.0,"enemies":"3 Byrds","floor":18.0,"turns":4.0},{"damage":4.0,"enemies":"2 Thieves","floor":22.0,"turns":2.0},{"damage":47,"enemies":"Book of Stabbing","floor":23,"turns":7},{"damage":48,"enemies":"Shelled Parasite and Fungi","floor":25,"turns":7},{"damage":20,"enemies":"Centurion and Healer","floor":27,"turns":1}],"seed_played":"2763740030886514812","potions_obtained":[{"floor":1.0,"key":"PowerPotion"},{"floor":2.0,"key":"Dexterity Potion"},{"floor":7.0,"key":"FearPotion"},{"floor":18.0,"key":"Swift Potion"}],"is_trial":false,"path_per_floor":["M","M","$","?","?","R","M","?","T","E","M","M","$","?","R","B",null,"M","$","?","?","M","E","$","M","T","M"],"character_chosen":"DOCTOR_CLASS","items_purchased":["vexMod:PaidLearning","ats:Assault Order"],"campfire_rested":0,"item_purchase_floors":[24,24],"current_hp_per_floor":[72,72,72,72,72,72,72,77,77,53,49,49,49,49,49,23,83,77,77,77,77,73,46,46,10,10,0,0],"gold":208,"neow_bonus":"THREE_ENEMY_KILL","is_daily":false,"chose_seed":false,"campfire_upgraded":2,"win_rate":0.0,"timestamp":1609999673,"path_taken":["M","M","$","?","?","R","M","?","T","E","M","M","$","?","R","BOSS","M","$","?","?","M","E","$","M","T","M"],"items_purchased_type":["Relic","Card"],"build_version":"2020-12-22","purchased_purges":1,"victory":false,"max_hp_per_floor":[72,72,72,72,72,72,72,77,77,77,77,77,77,77,77,77,83,83,83,83,83,83,83,83,83,83,83,83],"relic_stats":{"counters":[12,47],"obtain_stats":[{"ats:Ability Aura":17,"vexMod:PlasmaPancake":17,"testmod-TestBox":0,"AT_ATBox":0,"NeowsBlessing":0,"vexMod:ConsolationPrize":17,"DemoMod:GlassGuonStoneRelic":1,"vexMod:PaidLearning":24,"testmod-Nyarlathotep":9,"Replay:Kaleidoscope":23,"testmod-IndustrialRevolution":26,"Calling Bell":17,"ats:Originium":10,"Simple Rune":10,"testmod-Déjàvu":0,"ats:Sanity":0},{"ats:Ability Aura":7,"vexMod:PlasmaPancake":7,"testmod-TestBox":0,"AT_ATBox":0,"NeowsBlessing":0,"vexMod:ConsolationPrize":7,"DemoMod:GlassGuonStoneRelic":1,"vexMod:PaidLearning":10,"testmod-Nyarlathotep":3,"Replay:Kaleidoscope":10,"testmod-IndustrialRevolution":11,"Calling Bell":7,"ats:Originium":4,"Simple Rune":4,"testmod-Déjàvu":0,"ats:Sanity":0},{"ats:Ability Aura":26,"vexMod:PlasmaPancake":26,"testmod-TestBox":0,"AT_ATBox":0,"NeowsBlessing":0,"vexMod:ConsolationPrize":26,"DemoMod:GlassGuonStoneRelic":1,"vexMod:PaidLearning":39,"testmod-Nyarlathotep":3,"Replay:Kaleidoscope":39,"testmod-IndustrialRevolution":46,"Calling Bell":26,"ats:Originium":11,"Simple Rune":11,"testmod-Déjàvu":0,"ats:Sanity":0}]},"card_choices":[{"not_picked":["ats:Cat Scratch","ats:Curse Doll"],"picked":"ats:Thermite Blade","floor":1.0},{"not_picked":["ats:Very Hot Blade","ats:Cat Scratch"],"picked":"ats:Explosion Area Strengthen","floor":2.0},{"not_picked":["ats:Childhood Dance","ats:Soul Absorption"],"picked":"ats:Defend Order","floor":7.0},{"not_picked":["ats:LN2 Cannon","ats:Mental Burst"],"picked":"ats:Ignite","floor":10.0},{"not_picked":["ats:Cat Scratch","ats:Demon Strength"],"picked":"ats:Shell Defense","floor":11.0},{"not_picked":["ats:Leaping Hammer","ats:Blood Oath"],"picked":"ats:Powerful Strike","floor":12.0},{"not_picked":[],"picked":"ats:Nebulous Foxfire","floor":14.0},{"not_picked":["ats:Curse Doll","ats:Childhood Dance"],"picked":"ats:Revitalization","floor":18.0},{"not_picked":["ats:Revitalization","ats:Shell Defense+1"],"picked":"ats:Overload+1","floor":22.0},{"not_picked":["ats:Hook Shot","ats:Overload+1"],"picked":"ats:Composite Medical Shells+1","floor":23},{"not_picked":["ats:Curse Doll","ats:Overload"],"picked":"ats:Healing Strengthening","floor":25}],"player_experience":414640,"relics_obtained":[{"floor":9.0,"key":"testmod-Nyarlathotep"},{"floor":10.0,"key":"ats:Originium"},{"floor":10.0,"key":"Simple Rune"},{"floor":17.0,"key":"ats:Ability Aura"},{"floor":17.0,"key":"vexMod:ConsolationPrize"},{"floor":17.0,"key":"vexMod:PlasmaPancake"},{"floor":23,"key":"ats:Originium"},{"floor":23,"key":"Replay:Kaleidoscope"},{"floor":26,"key":"testmod-IndustrialRevolution"}],"event_choices":[{"damage_healed":0.0,"max_hp_gain":5.0,"max_hp_loss":0.0,"gold_gain":0.0,"event_name":"Big Fish","player_choice":"Donut","floor":8.0,"gold_loss":0.0,"damage_taken":0.0},{"damage_healed":0.0,"max_hp_gain":0.0,"max_hp_loss":0.0,"gold_gain":0.0,"event_name":"给自己的盒子","player_choice":"Ignored","floor":21.0,"gold_loss":0.0,"damage_taken":0.0}],"is_beta":false,"boss_relics":[{"not_picked":["ats:Tactical Delivery","testmod-DreamHouse"],"picked":"Calling Bell"}],"items_purged_floors":[13],"is_endless":false,"potions_floor_spawned":[1,2,7,18,22],"killed_by":"Centurion and Healer","ascension_level":0}}