{"host":"sav7uxregyirlf69","time":1609987182,"event":{"mods":["AchievementEnabler","BaseMod","Colored Map","DeckTracker","Keyboard Shortcuts","Minty Spire (QoL Compilation)","READ ME - Guardian Mod","StSLib","SuperFastMode"],"gold_per_floor":[114,129,144,144,163,163,201,201,226,301,301,320,339,358,358,483,483,502,552,283,302,321,321,359,359,359,397,416,435,473,492,492,617,617,636,655,303,322,341,341,379,379,379,379,122,460,479,498,498,498],"floor_reached":51,"playtime":948,"items_purged":["EmptyFist","BowlingBash"],"score":1148,"play_id":"0d805c45-d024-48c6-8584-a63e9f6443a9","local_time":"20210107113942","daily_mods":["SealedDeck","Vintage","Lethality"],"is_ascension_mode":false,"campfire_choices":[{"data":"Adaptation","floor":6.0,"key":"SMITH"},{"data":"MentalFortress","floor":15,"key":"SMITH"},{"data":"EmptyMind","floor":23,"key":"SMITH"},{"data":"Crescendo","floor":25,"key":"SMITH"},{"data":"ReachHeaven","floor":32,"key":"SMITH"},{"data":"TalkToTheHand","floor":40,"key":"SMITH"},{"data":"Flash of Steel","floor":42,"key":"SMITH"},{"data":"Adaptation","floor":44,"key":"SMITH"},{"data":"Tantrum","floor":49,"key":"SMITH"}],"circlet_count":0,"master_deck":["EmptyBody","EmptyFist","EmptyMind+1","Crescendo+1","Crescendo+1","Adaptation+1","MentalFortress+1","Adaptation+1","DeusExMachina+1","InnerPeace+1","Finesse+1","ReachHeaven+1","ClearTheMind+1","Vault+1","Prostrate+1","Flash of Steel+1","TalkToTheHand+1","Tantrum+1"],"relics":["PureWater","TeardropLocket","Shuriken","Bronze Scales","Golden Idol","Matryoshka","Mercury Hourglass","Toxic Egg 2","Vajra","Meat on the Bone","Mummified Hand","Question Card","Sozu","Incense Burner","MealTicket","The Courier","Potion Belt","HornCleat","Happy Flower","Ornamental Fan","Anchor","Bottled Tornado","Pear","Lizard Tail","VioletLotus","Blood Vial","Frozen Egg 2","Kunai","Yang","Bottled Lightning","Letter Opener","Bottled Flame","Medical Kit","Old Coin","Smiling Mask","Blue Candle"],"acts_visited":["Exordium","TheCity","TheBeyond"],"potions_floor_usage":[16],"damage_taken":[{"damage":6.0,"enemies":"Jaw Worm","floor":1.0,"turns":2.0},{"damage":0.0,"enemies":"2 Louse","floor":2.0,"turns":1.0},{"damage":0.0,"enemies":"Cultist","floor":3.0,"turns":2.0},{"damage":1.0,"enemies":"Looter","floor":5.0,"turns":2.0},{"damage":0.0,"enemies":"Gremlin Nob","floor":7.0,"turns":2.0},{"damage":3,"enemies":"Large Slime","floor":12,"turns":2},{"damage":0,"enemies":"Gremlin Gang","floor":13,"turns":2},{"damage":0,"enemies":"3 Louse","floor":14,"turns":1},{"damage":44,"enemies":"Hexaghost","floor":16,"turns":6},{"damage":3,"enemies":"Chosen","floor":18,"turns":2},{"damage":0,"enemies":"Spheric Guardian","floor":21,"turns":2},{"damage":0,"enemies":"Centurion and Healer","floor":22,"turns":1},{"damage":0,"enemies":"Gremlin Leader","floor":24,"turns":1},{"damage":0,"enemies":"Slavers","floor":27,"turns":1},{"damage":0,"enemies":"Snecko","floor":28,"turns":2},{"damage":0,"enemies":"Sentry and Sphere","floor":29,"turns":1},{"damage":0,"enemies":"Book of Stabbing","floor":30,"turns":1},{"damage":0,"enemies":"Centurion and Healer","floor":31,"turns":1},{"damage":0,"enemies":"Automaton","floor":33,"turns":3},{"damage":0,"enemies":"Orb Walker","floor":35,"turns":1},{"damage":0,"enemies":"3 Darklings","floor":36,"turns":3},{"damage":0,"enemies":"Maw","floor":38,"turns":3},{"damage":0,"enemies":"4 Shapes","floor":39,"turns":3},{"damage":0,"enemies":"Reptomancer","floor":41,"turns":2},{"damage":0,"enemies":"Giant Head","floor":46,"turns":3},{"damage":0,"enemies":"Sphere and 2 Shapes","floor":47,"turns":2},{"damage":0,"enemies":"3 Darklings","floor":48,"turns":2},{"damage":0,"enemies":"Time Eater","floor":50,"turns":5}],"seed_played":"8350349167999303424","potions_obtained":[{"floor":2.0,"key":"BlessingOfTheForge"},{"floor":12,"key":"FearPotion"},{"floor":14,"key":"FairyPotion"}],"is_trial":false,"path_per_floor":["M","M","M","?","M","R","E","?","T","?","?","M","M","M","R","B",null,"M","?","$","M","M","R","E","R","T","E","M","M","E","M","R","B",null,"M","M","$","M","M","R","E","R","T","R","$","E","M","M","R","B",null],"character_chosen":"WATCHER","items_purchased":["InnerPeace+1","Finesse+1","ReachHeaven","Prostrate+1","Kunai","Flash of Steel","TalkToTheHand","Medical Kit","Tantrum"],"campfire_rested":0,"item_purchase_floors":[20,20,20,37,37,37,37,45,45],"current_hp_per_floor":[66,66,66,66,65,65,65,65,65,54,47,44,44,44,44,32,67,64,64,64,64,64,64,64,64,64,64,64,64,74,74,74,74,77,77,77,77,77,77,77,77,77,77,77,77,77,77,77,77,77],"gold":498,"neow_bonus":"","is_daily":true,"chose_seed":false,"campfire_upgraded":9,"win_rate":0.0,"timestamp":1609987182,"path_taken":["M","M","M","?","M","R","E","?","T","?","?","?","M","M","R","BOSS","M","?","$","M","M","R","E","R","T","E","M","M","E","?","R","BOSS","M","M","$","M","M","R","E","R","T","R","$","E","M","M","R","BOSS"],"items_purchased_type":["Card","Card","Card","Card","Relic","Card","Card","Relic","Card"],"build_version":"2020-12-22","purchased_purges":2,"victory":true,"max_hp_per_floor":[72,72,72,67,67,67,67,67,67,67,67,67,67,67,67,67,67,67,67,67,67,67,67,67,67,67,67,67,67,77,77,77,77,77,77,77,77,77,77,77,77,77,77,77,77,77,77,77,77,77],"card_choices":[{"not_picked":["CutThroughFate","EmptyFist"],"picked":"Adaptation","floor":7.0},{"not_picked":["Judgement+1","Omniscience+1","LessonLearned"],"picked":"DeusExMachina+1","floor":16},{"not_picked":["Blasphemy+1","PathToVictory+1","FlyingSleeves","Wireheading"],"picked":"SKIP","floor":24},{"not_picked":["PathToVictory+1","SashWhip","EmptyFist","EmptyMind+1"],"picked":"SKIP","floor":27},{"not_picked":["Crescendo+1","CutThroughFate","CrushJoints"],"picked":"ClearTheMind+1","floor":30},{"not_picked":["DevaForm","Omniscience+1","Blasphemy+1"],"picked":"Vault+1","floor":33},{"not_picked":["FollowUp+1","Wish+1","Protect+1","WaveOfTheHand+1"],"picked":"SKIP","floor":41},{"not_picked":["Crescendo+1","ReachHeaven","Wireheading+1","Swivel+1"],"picked":"SKIP","floor":46}],"player_experience":1166520,"relics_obtained":[{"floor":1.0,"key":"TeardropLocket"},{"floor":2.0,"key":"Shuriken"},{"floor":3.0,"key":"Bronze Scales"},{"floor":5.0,"key":"Matryoshka"},{"floor":7.0,"key":"Mercury Hourglass"},{"floor":9,"key":"Toxic Egg 2"},{"floor":9,"key":"Vajra"},{"floor":12,"key":"Meat on the Bone"},{"floor":13,"key":"Mummified Hand"},{"floor":14,"key":"Question Card"},{"floor":18,"key":"Incense Burner"},{"floor":21,"key":"MealTicket"},{"floor":22,"key":"The Courier"},{"floor":24,"key":"Potion Belt"},{"floor":26,"key":"HornCleat"},{"floor":26,"key":"Happy Flower"},{"floor":27,"key":"Ornamental Fan"},{"floor":28,"key":"Anchor"},{"floor":29,"key":"Bottled Tornado"},{"floor":30,"key":"Pear"},{"floor":31,"key":"Lizard Tail"},{"floor":35,"key":"Blood Vial"},{"floor":36,"key":"Frozen Egg 2"},{"floor":38,"key":"Yang"},{"floor":39,"key":"Bottled Lightning"},{"floor":41,"key":"Letter Opener"},{"floor":43,"key":"Bottled Flame"},{"floor":46,"key":"Old Coin"},{"floor":47,"key":"Smiling Mask"},{"floor":48,"key":"Blue Candle"}],"event_choices":[{"damage_healed":0.0,"max_hp_gain":0.0,"max_hp_loss":5.0,"gold_gain":0.0,"event_name":"Golden Idol","player_choice":"Lose Max HP","floor":4.0,"gold_loss":0.0,"damage_taken":0.0,"relics_obtained":["Golden Idol"]},{"damage_healed":0,"gold_gain":0,"player_choice":"Grow","damage_taken":0,"max_hp_gain":0,"max_hp_loss":0,"event_name":"Living Wall","floor":8,"gold_loss":0,"cards_upgraded":["Crescendo"]},{"damage_healed":0,"gold_gain":75,"player_choice":"Gather Gold","damage_taken":11,"max_hp_gain":0,"max_hp_loss":0,"event_name":"World of Goop","floor":10,"gold_loss":0},{"cards_removed":["Prostrate"],"damage_healed":0,"gold_gain":0,"player_choice":"Card Removal","damage_taken":7,"max_hp_gain":0,"max_hp_loss":0,"event_name":"Golden Wing","floor":11,"gold_loss":0},{"damage_healed":0,"gold_gain":100,"player_choice":"Bet on Murderer","damage_taken":0,"max_hp_gain":0,"max_hp_loss":0,"event_name":"The Joust","floor":19,"gold_loss":50}],"is_beta":false,"boss_relics":[{"not_picked":["Busted Crown","Philosopher\u0027s Stone"],"picked":"Sozu"},{"not_picked":["SlaversCollar","Velvet Choker"],"picked":"VioletLotus"}],"items_purged_floors":[20,45],"is_endless":false,"potions_floor_spawned":[2,12,14,18,21,28,29,30,31,36,39,47,48],"ascension_level":0}}