{"host":"lq7kzi2nz43yw1nt","time":1609980521,"event":{"mods":["AchievementEnabler","Act Like it!","BaseMod","Better Third Choice","BetterRewards","Block Reminder","Conspire","Gensokyo","GifTheSpireLib","Hubris","Infinite Spire","Koishi","Marisa????????","Minty Spire (QoL Compilation)","Quick Restart","Rare Cards Sparkle","Relic Sorter","Remilia??????","Replay The Spire","Shop Mod","Spicy Shops","Spikes Relics","StSLib","SuperFastMode","The Servant 0.9.4","Trackpad"],"gold_per_floor":[110,110,110,110,25,51,51,68,68,93,93,93,106,122,122,220,220,237,255,255,255,255,255,283,283,364,395,183,209,223,223,223],"floor_reached":31,"playtime":751,"items_purged":[],"score":482,"play_id":"edce2931-44d2-48de-8a5d-955ad042bf72","local_time":"20210106194841","is_ascension_mode":true,"campfire_choices":[{"data":"Dualcast","floor":7,"key":"SMITH"},{"floor":12,"key":"REST"},{"floor":15,"key":"DIG"},{"floor":23,"key":"REST"},{"floor":25,"key":"REST"}],"circlet_count":0,"master_deck":["Strike_B","Strike_B","Strike_B","Strike_B","Defend_B","Defend_B","Defend_B","Defend_B","Zap","Dualcast+1","Clumsy","Doom and Gloom+1","Ball Lightning","Replay:Sluggish","Normality","hubris:Fate","Rebound","Melter+1","Electrodynamics","Stack","Amplify","Gensokyo:Shovel","infinitespire:Gouge","Beam Cell","Redo"],"relics":["Cracked Core","NeowsBlessing","Gensokyo:NagashiBinaDoll","ScarletDevilRocket","Strawberry","Blue Candle","Tiny Chest","Toy Ornithopter","trackpad:ZombieHeart","Busted Crown","Ginger","ChewingGum","Gensokyo:ConquerorOfFear","Smiling Mask","RoseTintedShades","Bronze Scales","hubris:EmptyBottle","Whetstone"],"acts_visited":["Exordium","Gensokyo:Gensokyo"],"potions_floor_usage":[16,16,29,29,29,30,30,31],"damage_taken":[{"damage":0,"enemies":"Gensokyo:Python","floor":1,"turns":1},{"damage":0,"enemies":"Gensokyo:Mamizou","floor":6,"turns":2},{"damage":0,"enemies":"Gensokyo:Gryphon","floor":8,"turns":1},{"damage":20,"enemies":"Gensokyo:Cirno","floor":10,"turns":5},{"damage":9,"enemies":"Gensokyo:2_Kodama","floor":13,"turns":3},{"damage":15,"enemies":"Gensokyo:2_Rabbits","floor":14,"turns":3},{"damage":14,"enemies":"Gensokyo:Kokoro","floor":16,"turns":3},{"damage":2,"enemies":"Gensokyo:2_Gloops","floor":18,"turns":3},{"damage":41,"enemies":"Gensokyo:3_Dogs","floor":19,"turns":5},{"damage":24,"enemies":"Gensokyo:Koishi","floor":24,"turns":4},{"damage":0,"enemies":"Gensokyo:Reisen","floor":27,"turns":2},{"damage":55,"enemies":"Nightmare","floor":29,"turns":7},{"damage":20,"enemies":"Gensokyo:Slime_Group","floor":30,"turns":3},{"damage":27,"enemies":"Gensokyo:Tenshi","floor":31,"turns":1}],"seed_played":"-6653023086932287381","potions_obtained":[{"floor":6,"key":"Adrenaline Potion"},{"floor":8,"key":"EntropicBrew"},{"floor":16,"key":"LifebloodPotion"},{"floor":24,"key":"Explosive Potion"}],"is_trial":false,"path_per_floor":["M","?","?","T","COS","E","R","M","T","E","?","R","M","M","R","B",null,"M","M","?","AVR","?","R","E","R","T","E","COS","NM","M","E"],"character_chosen":"DEFECT","items_purchased":[],"campfire_rested":3,"item_purchase_floors":[],"current_hp_per_floor":[68,68,68,68,68,75,75,75,75,55,55,79,70,55,55,51,74,74,36,36,36,36,62,38,64,64,64,64,25,17,0,0],"gold":223,"neow_bonus":"THREE_ENEMY_KILL","is_daily":false,"chose_seed":false,"campfire_upgraded":1,"win_rate":0.0,"timestamp":1609980521,"path_taken":["M","?","?","?","COS","E","R","?","T","E","?","R","M","M","R","BOSS","M","M","?","AVR","?","R","E","R","T","E","COS","NM","M","E"],"items_purchased_type":[],"build_version":"2020-12-22","purchased_purges":0,"victory":false,"max_hp_per_floor":[75,75,75,75,75,82,82,82,82,82,82,82,82,82,82,82,82,84,87,87,87,87,87,87,87,87,87,87,88,90,90,90],"card_choices":[{"not_picked":["Streamline","Skim","Sweeping Beam"],"picked":"SKIP","floor":1},{"not_picked":["ReplaySort","Rip and Tear"],"picked":"Doom and Gloom","floor":6},{"not_picked":["Cold Snap","Beam Cell"],"picked":"Ball Lightning","floor":8},{"not_picked":["Compile Driver","Cold Snap","hubris:Prefetch"],"picked":"SKIP","floor":10},{"not_picked":["infinitespire:SealOfDarkness+","ReplayTheSpireMod:Black Plague"],"picked":"hubris:Fate","floor":11},{"not_picked":["Barrage","Stack"],"picked":"Rebound","floor":13},{"not_picked":["Lockon","Panic Button"],"picked":"Melter","floor":14},{"not_picked":["Seek","Reboot"],"picked":"Electrodynamics","floor":16},{"not_picked":[],"picked":"Stack","floor":18},{"not_picked":[],"picked":"FTL+1","floor":19},{"not_picked":["Recycle"],"picked":"SKIP","floor":24},{"not_picked":["Rebound"],"picked":"SKIP","floor":27},{"not_picked":["ReplayTheSpireMod:Black Plague","infinitespire:Execution"],"picked":"infinitespire:Gouge","floor":29},{"not_picked":[],"picked":"Beam Cell","floor":29},{"not_picked":[],"picked":"Redo","floor":30}],"player_experience":532517,"relics_obtained":[{"floor":4,"key":"ScarletDevilRocket"},{"floor":6,"key":"Strawberry"},{"floor":9,"key":"Blue Candle"},{"floor":10,"key":"Tiny Chest"},{"floor":15,"key":"Toy Ornithopter"},{"floor":24,"key":"Gensokyo:ConquerorOfFear"},{"floor":24,"key":"Smiling Mask"},{"floor":26,"key":"RoseTintedShades"},{"floor":27,"key":"Bronze Scales"},{"floor":29,"key":"Whetstone"}],"event_choices":[{"damage_healed":0,"gold_gain":0,"player_choice":"Leave","damage_taken":0,"max_hp_gain":0,"max_hp_loss":0,"event_name":"conspire:Investor","floor":3,"gold_loss":0}],"is_beta":false,"boss_relics":[{"not_picked":["ReplayTheSpireMod:SealedPack","conspire:SpecialSausage"],"picked":"Busted Crown"}],"items_purged_floors":[],"is_endless":false,"potions_floor_spawned":[6,8,16,24],"killed_by":"Gensokyo:Tenshi","ascension_level":8}}