{"host":"sav7uxregyirlf69","time":1609998517,"event":{"mods":["AchievementEnabler","BaseMod","Colored Map","DeckTracker","Keyboard Shortcuts","Minty Spire (QoL Compilation)","READ ME - Guardian Mod","StSLib","SuperFastMode"],"gold_per_floor":[369,369,63,78,91,91,122,122,175,191,217,267,280,291,291,291,291],"floor_reached":16,"playtime":215,"items_purged":[],"score":224,"play_id":"110a4e14-dffd-4955-9b60-aa74b15bae9a","local_time":"20210107144837","is_ascension_mode":true,"campfire_choices":[{"data":"Apotheosis","floor":6.0,"key":"SMITH"},{"floor":8.0,"key":"REST"},{"data":"Evolve","floor":15.0,"key":"SMITH"}],"circlet_count":0,"master_deck":["AscendersBane","Strike_R","Strike_R","Strike_R","Strike_R","Defend_R","Defend_R","Defend_R","Defend_R","Bash","Power Through","Apotheosis+1","Carnage","Dark Embrace","Fire Breathing","Shockwave","Evolve+1","Second Wind","Body Slam"],"relics":["Burning Blood","Membership Card","Toy Ornithopter","Dream Catcher","Bronze Scales"],"acts_visited":["Exordium"],"potions_floor_usage":[16,16],"damage_taken":[{"damage":11.0,"enemies":"Jaw Worm","floor":1.0,"turns":5.0},{"damage":3.0,"enemies":"Cultist","floor":4.0,"turns":4.0},{"damage":8.0,"enemies":"2 Louse","floor":5.0,"turns":3.0},{"damage":39.0,"enemies":"Gremlin Nob","floor":7.0,"turns":4.0},{"damage":9.0,"enemies":"Red Slaver","floor":10.0,"turns":4.0},{"damage":24.0,"enemies":"3 Sentries","floor":11.0,"turns":4.0},{"damage":6.0,"enemies":"Exordium Thugs","floor":13.0,"turns":5.0},{"damage":1.0,"enemies":"3 Louse","floor":14.0,"turns":4.0},{"damage":31,"enemies":"The Guardian","floor":16,"turns":5}],"seed_played":"1878791120924105024","potions_obtained":[{"floor":4.0,"key":"FearPotion"},{"floor":7.0,"key":"SpeedPotion"}],"is_trial":false,"path_per_floor":["M","?","$","M","M","R","E","R","T","M","E","?","M","M","R","B"],"character_chosen":"IRONCLAD","items_purchased":["Membership Card","Apotheosis","Carnage"],"campfire_rested":1,"item_purchase_floors":[3,3,3],"current_hp_per_floor":[45,45,45,48,46,46,13,35,35,32,14,14,14,19,19,0,0],"gold":291,"neow_bonus":"TWO_FIFTY_GOLD","is_daily":false,"chose_seed":false,"campfire_upgraded":2,"win_rate":0.0,"timestamp":1609998517,"path_taken":["M","?","$","M","M","R","E","R","T","?","E","?","M","M","R","BOSS"],"items_purchased_type":["Relic","Card","Card"],"build_version":"2020-12-22","purchased_purges":0,"victory":false,"max_hp_per_floor":[75,75,75,75,75,75,75,75,75,75,75,75,75,75,75,75,75],"card_choices":[{"not_picked":["Thunderclap","Havoc"],"picked":"Power Through","floor":1.0},{"not_picked":["Pommel Strike","Searing Blow"],"picked":"Dark Embrace","floor":4.0},{"not_picked":["Clash","Twin Strike"],"picked":"Fire Breathing","floor":5.0},{"not_picked":["Disarm","Pummel"],"picked":"Shockwave","floor":7.0},{"not_picked":["Pummel","Shockwave"],"picked":"Evolve","floor":10.0},{"not_picked":["Pommel Strike","Feed"],"picked":"Second Wind","floor":11.0},{"not_picked":["Iron Wave","Sword Boomerang"],"picked":"Body Slam","floor":13.0},{"not_picked":["Twin Strike","Armaments","Demon Form"],"picked":"SKIP","floor":14.0}],"player_experience":1171696,"relics_obtained":[{"floor":7.0,"key":"Toy Ornithopter"},{"floor":9.0,"key":"Dream Catcher"},{"floor":11.0,"key":"Bronze Scales"}],"event_choices":[{"cards_removed":["Strike_R"],"damage_healed":0.0,"max_hp_gain":0.0,"max_hp_loss":0.0,"gold_gain":0.0,"event_name":"Purifier","player_choice":"Purged","floor":2.0,"gold_loss":0.0,"damage_taken":0.0},{"damage_healed":0.0,"max_hp_gain":0.0,"max_hp_loss":0.0,"gold_gain":50.0,"event_name":"Golden Shrine","player_choice":"Pray","floor":12.0,"gold_loss":0.0,"damage_taken":0.0}],"is_beta":false,"boss_relics":[],"items_purged_floors":[],"is_endless":false,"potions_floor_spawned":[4,7,10,13],"killed_by":"The Guardian","ascension_level":20}}