{"host":"p9c4qzklcm73s90n","time":1609988937,"event":{"mods":["Arknights The Spire","Aspiration","BaseMod","Dota2Spire","Minty Spire (QoL Compilation)","MostiFishMod","Replay The Spire","StSLib"],"gold_per_floor":[109,109,122,122,141,141,161,161,161,161,3,13,13,40,40,40,40],"floor_reached":16,"playtime":538,"items_purged":["Regret"],"score":100,"play_id":"bf539cc8-cb58-4e25-a0c9-af5308465f5d","local_time":"20210107110857","is_ascension_mode":false,"campfire_choices":[{"data":"ats:Explosion Area Strengthen","floor":6,"key":"SMITH"},{"data":"ats:Defend Order","floor":8,"key":"SMITH"},{"data":"ats:Leaping Hammer","floor":13,"key":"SMITH"},{"floor":15,"key":"REST"}],"circlet_count":0,"master_deck":["ats:Strike C","ats:Strike G","ats:Strike S","ats:Strike V","ats:Armor Crushing Shot","ats:Defend","ats:Defend","ats:Defend","ats:Defend","ats:Emotion Absorption","ats:Consecutive Shot Auto+1","ats:Leaping Hammer+1","ats:Explosion Area Strengthen+1","ats:Defend Order+1","ats:Powerful Strike","ats:True Silver Slash"],"relics":["ats:Sanity","DaveBox","aspiration:DSix","Nloth\u0027s Gift","SynthV:TestCard","Matryoshka","Replay:Wax Seal","ats:Originium","Blood Vial"],"acts_visited":["Exordium"],"potions_floor_usage":[14],"damage_taken":[{"damage":6,"enemies":"Jaw Worm","floor":1,"turns":3},{"damage":6,"enemies":"Cultist","floor":3,"turns":3},{"damage":2,"enemies":"2 Louse","floor":5,"turns":2},{"damage":0,"enemies":"2 Fungi Beasts","floor":7,"turns":2},{"damage":15,"enemies":"Exordium Wildlife","floor":12,"turns":4},{"damage":26,"enemies":"3 Sentries","floor":14,"turns":6},{"damage":50,"enemies":"Hexaghost","floor":16,"turns":9}],"seed_played":"-3489139488644540904","potions_obtained":[{"floor":1,"key":"AttackPotion"},{"floor":3,"key":"SteroidPotion"}],"is_trial":false,"path_per_floor":["M","?","M","?","M","R","M","R","T","?","$","M","R","E","R","B"],"character_chosen":"DOCTOR_CLASS","items_purchased":["Replay:Wax Seal"],"campfire_rested":1,"item_purchase_floors":[11],"current_hp_per_floor":[66,66,60,60,58,58,58,58,58,65,65,50,50,24,45,0,0],"gold":40,"neow_bonus":"DSIX","is_daily":false,"chose_seed":false,"campfire_upgraded":3,"win_rate":0.0,"timestamp":1609988937,"path_taken":["M","?","?","?","M","R","M","R","T","?","$","M","R","E","R","BOSS"],"items_purchased_type":["Relic"],"build_version":"2020-12-22","purchased_purges":1,"victory":false,"max_hp_per_floor":[72,72,72,72,72,72,72,72,72,72,72,72,72,72,72,72,72],"card_choices":[{"not_picked":["ats:Neurotoxin","ats:Nebulous Foxfire"],"picked":"ats:Consecutive Shot Auto","floor":1},{"not_picked":["ats:Explosion Area Strengthen","ats:Cat Scratch","ats:Durian","ats:Childhood Dance"],"picked":"ats:Leaping Hammer","floor":3},{"not_picked":["ats:Assault Order","ats:Curse Doll","ats:Powerful Strike","ats:Thermite Blade"],"picked":"ats:Explosion Area Strengthen","floor":5},{"not_picked":["ats:Revitalization","ats:Ignite","ats:Assault Order","ats:Consecutive Shot Auto"],"picked":"ats:Defend Order","floor":7},{"not_picked":["ats:Shadow Raid","ats:Support Order","ats:Spore Proliferation","ats:Fractured Body"],"picked":"ats:Powerful Strike","floor":12},{"not_picked":["ats:Mental Burst","ats:Powerful Strike","ats:Nebulous Foxfire","ats:Calcification"],"picked":"ats:True Silver Slash","floor":14}],"player_experience":49170,"relics_obtained":[{"floor":1,"key":"SynthV:TestCard"},{"floor":14,"key":"ats:Originium"},{"floor":14,"key":"Blood Vial"}],"event_choices":[{"damage_healed":0,"gold_gain":0,"player_choice":"Upgraded","damage_taken":0,"max_hp_gain":0,"max_hp_loss":0,"event_name":"Upgrade Shrine","floor":2,"gold_loss":0,"cards_upgraded":["ats:Consecutive Shot Auto"]},{"damage_healed":0,"gold_gain":0,"player_choice":"Box","damage_taken":0,"relics_obtained":["Matryoshka"],"max_hp_gain":0,"max_hp_loss":0,"event_name":"Big Fish","floor":4,"gold_loss":0,"cards_obtained":["Regret"]}],"is_beta":false,"boss_relics":[],"items_purged_floors":[11],"is_endless":false,"potions_floor_spawned":[1,3],"killed_by":"Hexaghost","ascension_level":0}}