{"host":"dv93mabv568wiefh","time":1609992949,"event":{"mods":["BaseMod","Hermit","Hubris","Infinite Spire","Marisa????????","Minty Spire (QoL Compilation)","Replay The Spire","StSLib","The Construct"],"gold_per_floor":[118,130,130,130,55,55,84,4,27,27,27,42,122,140,140,239,239,253,253,271,271,271],"floor_reached":21,"playtime":2105,"items_purged":["hermit:Defend_Hermit"],"score":177,"play_id":"872c2411-8d51-4ce5-a47d-6ee90d75ded6","local_time":"20210106231549","is_ascension_mode":false,"campfire_choices":[{"floor":6,"key":"REST"},{"data":"hermit:LoneWolf","floor":11,"key":"SMITH"}],"circlet_count":0,"master_deck":["hermit:Strike_Hermit","hermit:Strike_Hermit","hermit:Strike_Hermit","hermit:Defend_Hermit","hermit:Defend_Hermit","hermit:Snapshot","hermit:Covet","hermit:Manifest","hermit:Magnum+1","hermit:BigShot","hermit:Ricochet+1","hermit:Combo","hermit:LoneWolf+1","hermit:GoldenBullet","hermit:Maintenance","hermit:Reprieve","hermit:Vantage","hermit:WideOpen"],"relics":["hermit:Momento","Replay:PocketPolymizer","Simple Rune","hubris:TenFootPole"],"acts_visited":["Exordium","TheCity"],"potions_floor_usage":[16,21],"damage_taken":[{"damage":0,"enemies":"Small Slimes","floor":1,"turns":3},{"damage":6,"enemies":"Jaw Worm","floor":2,"turns":3},{"damage":31,"enemies":"Gremlin Nob","floor":7,"turns":5},{"damage":13,"enemies":"infinitespire:Voidling","floor":12,"turns":3},{"damage":0,"enemies":"Lots of Slimes","floor":14,"turns":4},{"damage":50,"enemies":"Hexaghost","floor":16,"turns":10},{"damage":41,"enemies":"Spheric Guardian","floor":18,"turns":6},{"damage":30,"enemies":"Chosen","floor":20,"turns":6},{"damage":27,"enemies":"Snecko","floor":21,"turns":4}],"seed_played":"-1979957353977681751","potions_obtained":[{"floor":7,"key":"CultistPotion"},{"floor":16,"key":"hermit:Eclipse"},{"floor":20,"key":"Fire Potion"}],"is_trial":false,"path_per_floor":["M","M","?","?","$","R","E","$","T","?","R","M","?","M","R","B",null,"M","?","M","M"],"character_chosen":"HERMIT","items_purchased":["hermit:Combo"],"campfire_rested":1,"item_purchase_floors":[8],"current_hp_per_floor":[82,76,60,48,48,72,41,41,41,41,41,28,28,28,52,2,82,41,41,15,0,0],"gold":271,"neow_bonus":"TEN_PERCENT_HP_BONUS","is_daily":false,"chose_seed":false,"campfire_upgraded":1,"win_rate":0.0,"timestamp":1609992949,"path_taken":["M","M","?","?","$","R","E","$","T","?","R","M","?","M","R","BOSS","M","?","?","M"],"items_purchased_type":["Card"],"build_version":"2020-12-22","purchased_purges":1,"victory":false,"max_hp_per_floor":[82,82,82,82,82,82,82,82,82,82,82,82,82,82,82,82,82,82,82,82,82,82],"card_choices":[{"not_picked":["hermit:HoleUp","hermit:Feint"],"picked":"hermit:Manifest","floor":1},{"not_picked":["hermit:Roulette","hermit:Desperado"],"picked":"hermit:Magnum","floor":2},{"not_picked":["hermit:Manifest","hermit:RoundhouseKick"],"picked":"hermit:Ricochet","floor":7},{"not_picked":["hermit:Snipe","hermit:HoleUp"],"picked":"hermit:GoldenBullet","floor":12},{"not_picked":["hermit:Glare","hermit:Malice"],"picked":"hermit:Maintenance","floor":14},{"not_picked":["hermit:FromBeyond","hermit:Adapt"],"picked":"hermit:Reprieve","floor":16},{"not_picked":["hermit:Feint","hermit:TakeAim"],"picked":"hermit:Vantage","floor":18},{"not_picked":["hermit:DeadMansHand","hermit:HighCaliber"],"picked":"hermit:WideOpen","floor":20}],"player_experience":872741,"relics_obtained":[{"floor":7,"key":"Simple Rune"},{"floor":9,"key":"hubris:TenFootPole"}],"event_choices":[{"damage_healed":0,"gold_gain":0,"player_choice":"Entered Light","damage_taken":16,"max_hp_gain":0,"max_hp_loss":0,"event_name":"Shining Light","floor":3,"gold_loss":0,"cards_upgraded":["hermit:Defend_Hermit","hermit:Magnum"]},{"damage_healed":0,"gold_gain":0,"player_choice":"Success","damage_taken":12,"relics_obtained":["Replay:PocketPolymizer"],"max_hp_gain":0,"max_hp_loss":0,"event_name":"Scrap Ooze","floor":4,"gold_loss":0},{"damage_healed":0,"gold_gain":0,"player_choice":"Ignored","damage_taken":0,"max_hp_gain":0,"max_hp_loss":0,"event_name":"NoteForYourself","floor":19,"gold_loss":0}],"is_beta":false,"boss_relics":[{"not_picked":["Empty Cage","hubris:CrackedHourglass","Snecko Eye"]}],"items_purged_floors":[5],"is_endless":false,"potions_floor_spawned":[7,16,20],"killed_by":"Snecko","ascension_level":0}}