{"host":"3i0tc1zs9k2bo7un","time":1609997626,"event":{"mods":["Act Like it!","Aspiration","BaseMod","Better Synergies","Communication Mod","Gensokyo","Minty Spire (QoL Compilation)","MostiFishMod","Quick Restart","Replay The Spire","StSLib","TestMod","[IsaacMod]ÒÔÈö¼âËþ","¡¾ÒÅÎï¿¨ÅÆ¡¿REMEMod"],"gold_per_floor":[113,132,46,46,96,96,96],"floor_reached":6,"playtime":184,"items_purged":[],"score":66,"play_id":"ffe48f71-bf1c-4383-9d4a-726777bc2fe9","local_time":"20210107133346","is_ascension_mode":true,"campfire_choices":[],"circlet_count":0,"master_deck":["AscendersBane","Strike_B","Strike_B","Strike_B","Strike_B","Defend_B","Defend_B","Defend_B","Defend_B","Zap","Dualcast","REME_Cut","Glacier","Ball Lightning","Gensokyo:Shovel","Self Repair"],"relics":["Cracked Core","DaveBox","testmod-TestBox","HushsDoor","REME_ComplimentaryCards","Damocles","BrkXgEgg","testmod-Muramasa","NeowsBlessing","aspiration:ChemicalBlood","SynthV:TestCard","Replay:Wax Seal","Carrot","Juzu Bracelet","BookOfRevelations","aspiration:Lifesprig"],"acts_visited":["Gensokyo:Gensokyo"],"potions_floor_usage":[],"damage_taken":[{"damage":0,"enemies":"Gensokyo:3_Fairies","floor":1,"turns":1},{"damage":0,"enemies":"Gensokyo:Gryphon","floor":2,"turns":1},{"damage":0,"enemies":"Hiden Room Battle","floor":5,"turns":1},{"damage":0,"enemies":"Gensokyo:Mamizou","floor":6,"turns":3}],"seed_played":"-3029941897521449666","potions_obtained":[{"floor":1,"key":"ColorlessPotion"},{"floor":2,"key":"Fire Potion"}],"is_trial":false,"path_per_floor":["M","M","COS","?","?","E"],"character_chosen":"DEFECT","items_purchased":[],"campfire_rested":0,"item_purchase_floors":[],"current_hp_per_floor":[64,64,64,64,49,49,49],"gold":96,"neow_bonus":"THREE_ENEMY_KILL","is_daily":false,"chose_seed":false,"campfire_upgraded":0,"win_rate":0.0,"timestamp":1609997626,"path_taken":["M","M","COS","?","?","E"],"items_purchased_type":[],"build_version":"2020-12-22","purchased_purges":0,"victory":false,"max_hp_per_floor":[71,71,71,71,71,71,71],"card_choices":[{"not_picked":["Cold Snap","Coolheaded"],"picked":"Glacier","floor":1},{"not_picked":["Hologram","Cold Snap","MostiFishMod:PushDownKick","Self Repair"],"picked":"Ball Lightning","floor":2},{"not_picked":["ReplayTheSpireMod:GoodbyeWorld","Go for the Eyes","Steam Power","Coolheaded"],"picked":"Self Repair","floor":5}],"player_experience":673488,"relics_obtained":[{"floor":1,"key":"aspiration:ChemicalBlood"},{"floor":1,"key":"SynthV:TestCard"},{"floor":2,"key":"Replay:Wax Seal"},{"floor":5,"key":"Carrot"},{"floor":5,"key":"Juzu Bracelet"},{"floor":5,"key":"BookOfRevelations"}],"event_choices":[{"damage_healed":0,"gold_gain":0,"player_choice":"Fight","damage_taken":0,"max_hp_gain":0,"max_hp_loss":0,"event_name":"HidenRoomEvent","floor":5,"gold_loss":0}],"is_beta":false,"boss_relics":[],"items_purged_floors":[],"is_endless":false,"potions_floor_spawned":[1,2],"killed_by":"Gensokyo:Mamizou","ascension_level":19}}