{"host":"q206iib20se9i6w7","time":1609987705,"event":{"mods":["AchievementEnabler","BaseMod","Block Reminder","Colored Powertips","Googly Eyes","Highlight Path","Minty Spire (QoL Compilation)","Quick Restart","Relic Stats","StSLib","SuperFastMode"],"gold_per_floor":[114,129,144,159,174,204,204,204,229,244,244,244,259,289,289,389,389,404,424,439,454,469,499,514,514,514,544,559,574,613,613,613,722,722,737,752,767,1082,1097,1097,1136,1136,1136,1151,127,166,181,196,196,196],"floor_reached":51,"playtime":2978,"items_purged":[],"score":1189,"play_id":"da35256b-6c26-474f-90a8-ddff2b3f3be2","local_time":"20210106204825","daily_mods":["SealedDeck","Vintage","Lethality"],"is_ascension_mode":false,"campfire_choices":[{"data":"Study","floor":7.0,"key":"SMITH"},{"data":"Adaptation","floor":11.0,"key":"SMITH"},{"data":"MentalFortress","floor":15.0,"key":"SMITH"},{"data":"EmptyMind","floor":25,"key":"SMITH"},{"data":"EmptyFist","floor":32,"key":"SMITH"},{"data":"CutThroughFate","floor":40,"key":"SMITH"},{"data":"Tantrum","floor":42,"key":"SMITH"},{"data":"DevaForm","floor":49,"key":"SMITH"}],"circlet_count":0,"master_deck":["SashWhip","EmptyBody","Study+1","Consecrate+1","CutThroughFate+1","EmptyFist+1","Crescendo+1","Adaptation+1","EmptyMind+1","MentalFortress+1","CutThroughFate","FearNoEvil+1","Vault+1","InnerPeace+1","Crescendo+1","DevaForm+1","Tantrum+1","Sadistic Nature+1","Study+1","Wireheading+1","Fasting2+1"],"relics":["PureWater","TeardropLocket","Shuriken","Bronze Scales","Matryoshka","Mercury Hourglass","Vajra","MealTicket","Potion Belt","Toxic Egg 2","Meat on the Bone","Incense Burner","Philosopher\u0027s Stone","Happy Flower","Red Mask","Mummified Hand","Anchor","Blood Vial","Question Card","Smiling Mask","CeramicFish","Pen Nib","The Courier","Lizard Tail","Whetstone","HornCleat","VioletLotus","Ornamental Fan","Bottled Tornado","Pear","Old Coin","Dream Catcher","Frozen Egg 2","Yang","Strawberry","Frozen Eye","Kunai","Eternal Feather","Singing Bowl","Bottled Lightning","Letter Opener","Bottled Flame"],"acts_visited":["Exordium","TheCity","TheBeyond"],"potions_floor_usage":[],"damage_taken":[{"damage":14.0,"enemies":"Jaw Worm","floor":1.0,"turns":2.0},{"damage":0.0,"enemies":"2 Louse","floor":2.0,"turns":1.0},{"damage":0.0,"enemies":"Cultist","floor":3.0,"turns":1.0},{"damage":0.0,"enemies":"Looter","floor":4.0,"turns":1.0},{"damage":0.0,"enemies":"Large Slime","floor":5.0,"turns":2.0},{"damage":0.0,"enemies":"Gremlin Nob","floor":6.0,"turns":2.0},{"damage":0.0,"enemies":"Gremlin Gang","floor":10.0,"turns":1.0},{"damage":0.0,"enemies":"3 Louse","floor":13.0,"turns":1.0},{"damage":0.0,"enemies":"3 Sentries","floor":14.0,"turns":1.0},{"damage":12.0,"enemies":"Hexaghost","floor":16.0,"turns":3.0},{"damage":0.0,"enemies":"Chosen","floor":18.0,"turns":1.0},{"damage":0.0,"enemies":"Masked Bandits","floor":19.0,"turns":1.0},{"damage":0.0,"enemies":"Spheric Guardian","floor":20.0,"turns":1.0},{"damage":0.0,"enemies":"Centurion and Healer","floor":21.0,"turns":2.0},{"damage":0,"enemies":"Snecko","floor":22,"turns":3},{"damage":0,"enemies":"Gremlin Leader","floor":23,"turns":2},{"damage":0,"enemies":"Sentry and Sphere","floor":24,"turns":1},{"damage":0,"enemies":"Slavers","floor":27,"turns":2},{"damage":0,"enemies":"Centurion and Healer","floor":28,"turns":1},{"damage":0,"enemies":"Chosen and Byrds","floor":29,"turns":2},{"damage":0,"enemies":"Book of Stabbing","floor":30,"turns":2},{"damage":0,"enemies":"Automaton","floor":33,"turns":2},{"damage":0,"enemies":"Orb Walker","floor":35,"turns":2},{"damage":0,"enemies":"3 Darklings","floor":36,"turns":1},{"damage":0,"enemies":"Maw","floor":37,"turns":2},{"damage":0,"enemies":"4 Shapes","floor":38,"turns":1},{"damage":0,"enemies":"Sphere and 2 Shapes","floor":39,"turns":1},{"damage":0,"enemies":"Reptomancer","floor":41,"turns":1},{"damage":0,"enemies":"3 Darklings","floor":44,"turns":2},{"damage":0,"enemies":"Giant Head","floor":46,"turns":2},{"damage":0,"enemies":"Jaw Worm Horde","floor":47,"turns":1},{"damage":0,"enemies":"4 Shapes","floor":48,"turns":1},{"damage":0,"enemies":"Time Eater","floor":50,"turns":3}],"seed_played":"8350349167999303424","potions_obtained":[{"floor":2.0,"key":"BlessingOfTheForge"},{"floor":6.0,"key":"FearPotion"},{"floor":13.0,"key":"FairyPotion"},{"floor":16.0,"key":"DuplicationPotion"},{"floor":19.0,"key":"StancePotion"},{"floor":20.0,"key":"LiquidMemories"},{"floor":22,"key":"SkillPotion"},{"floor":38,"key":"DuplicationPotion"}],"is_trial":false,"path_per_floor":["M","M","M","M","M","E","R","?","T","M","R","?","M","E","R","B",null,"M","?","M","M","M","E","M","R","T","E","M","M","E","?","R","B",null,"M","M","M","M","M","R","E","R","T","M","$","E","M","M","R","B",null],"character_chosen":"WATCHER","items_purchased":["Sadistic Nature+1","Ambrosia","Frozen Eye","Kunai","Study+1","Wireheading+1","Eternal Feather","Singing Bowl"],"campfire_rested":0,"item_purchase_floors":[45,45,45,45,45,45,45,45],"current_hp_per_floor":[58,58,58,58,58,58,58,58,58,58,58,58,58,58,58,46,72,72,72,72,72,72,72,72,72,72,72,72,72,72,72,72,72,72,72,72,82,82,82,82,82,82,82,89,89,89,89,89,89,89],"gold":196,"neow_bonus":"","is_daily":true,"chose_seed":false,"campfire_upgraded":8,"win_rate":0.0,"timestamp":1609987705,"path_taken":["M","M","M","M","M","E","R","?","T","M","R","?","M","E","R","BOSS","M","?","M","M","M","E","M","R","T","E","M","M","E","?","R","BOSS","M","M","M","M","M","R","E","R","T","M","$","E","M","M","R","BOSS"],"items_purchased_type":["Card","Potion","Relic","Relic","Card","Card","Relic","Relic"],"build_version":"2020-12-22","purchased_purges":0,"victory":true,"max_hp_per_floor":[72,72,72,72,72,72,72,72,72,72,72,72,72,72,72,72,72,72,72,72,72,72,72,72,72,72,72,72,72,72,72,72,72,72,72,72,82,82,82,82,82,82,82,89,89,89,89,89,89,89],"relic_stats":{"Happy Flower":[12],"Singing Bowl":0,"counters":[33,52],"CeramicFish":63,"Yang":[29],"Eternal Feather":0,"Pen Nib":[10],"Whetstone":["Consecrate","FearNoEvil"],"Letter Opener":[35],"Question Card":5,"Smiling Mask":0,"Mercury Hourglass":[228],"Blood Vial":0,"Lizard Tail":0,"Dream Catcher":0,"Shuriken":[49],"Mummified Hand":[94],"Ornamental Fan":[68],"Bronze Scales":[32],"MealTicket":0,"VioletLotus":[20],"Kunai":[6],"obtain_stats":[{"Singing Bowl":45,"CeramicFish":26,"Vajra":6,"Yang":43,"Incense Burner":14,"TeardropLocket":1,"Whetstone":29,"Bottled Tornado":36,"Smiling Mask":24,"Old Coin":38,"Blood Vial":22,"Frozen Eye":45,"Lizard Tail":28,"Dream Catcher":39,"Matryoshka":4,"HornCleat":30,"Mummified Hand":20,"Strawberry":44,"MealTicket":9,"Philosopher\u0027s Stone":17,"VioletLotus":34,"Red Mask":19,"Kunai":45,"Toxic Egg 2":10,"Potion Belt":9,"Pear":37,"Happy Flower":18,"Eternal Feather":45,"Pen Nib":26,"The Courier":27,"Letter Opener":47,"Frozen Egg 2":41,"Question Card":23,"Mercury Hourglass":5,"Anchor":21,"Bottled Flame":48,"Shuriken":2,"Ornamental Fan":35,"Bronze Scales":3,"Bottled Lightning":46,"PureWater":0,"Meat on the Bone":13},{"Singing Bowl":29,"CeramicFish":17,"Vajra":6,"Yang":28,"Incense Burner":9,"TeardropLocket":1,"Whetstone":20,"Bottled Tornado":24,"Smiling Mask":17,"Old Coin":26,"Blood Vial":15,"Frozen Eye":29,"Lizard Tail":19,"Dream Catcher":27,"Matryoshka":4,"HornCleat":21,"Mummified Hand":13,"Strawberry":29,"MealTicket":6,"Philosopher\u0027s Stone":10,"VioletLotus":22,"Red Mask":12,"Kunai":29,"Toxic Egg 2":7,"Potion Belt":6,"Pear":25,"Happy Flower":11,"Eternal Feather":29,"Pen Nib":17,"The Courier":18,"Letter Opener":31,"Frozen Egg 2":28,"Question Card":16,"Mercury Hourglass":5,"Anchor":14,"Bottled Flame":32,"Shuriken":2,"Ornamental Fan":23,"Bronze Scales":3,"Bottled Lightning":30,"PureWater":0,"Meat on the Bone":8},{"Singing Bowl":45,"CeramicFish":26,"Vajra":9,"Yang":43,"Incense Burner":12,"TeardropLocket":2,"Whetstone":31,"Bottled Tornado":38,"Smiling Mask":26,"Old Coin":41,"Blood Vial":23,"Frozen Eye":45,"Lizard Tail":29,"Dream Catcher":42,"Matryoshka":5,"HornCleat":33,"Mummified Hand":18,"Strawberry":45,"MealTicket":9,"Philosopher\u0027s Stone":15,"VioletLotus":35,"Red Mask":17,"Kunai":45,"Toxic Egg 2":10,"Potion Belt":9,"Pear":40,"Happy Flower":16,"Eternal Feather":45,"Pen Nib":26,"The Courier":28,"Letter Opener":48,"Frozen Egg 2":43,"Question Card":25,"Mercury Hourglass":7,"Anchor":20,"Bottled Flame":49,"Shuriken":3,"Ornamental Fan":37,"Bronze Scales":4,"Bottled Lightning":47,"PureWater":0,"Meat on the Bone":11}],"Meat on the Bone":0},"card_choices":[{"not_picked":["EmptyFist","Adaptation"],"picked":"CutThroughFate","floor":6.0},{"not_picked":["DeceiveReality+1","PathToVictory+1"],"picked":"FearNoEvil","floor":14.0},{"not_picked":["Judgement+1","MasterReality"],"picked":"Vault+1","floor":16.0},{"not_picked":["Halt+1","Perseverance+1"],"picked":"InnerPeace+1","floor":19.0},{"not_picked":["WindmillStrike+1","Collect+1","WaveOfTheHand+1"],"picked":"SKIP","floor":23},{"not_picked":["Protect+1","FollowUp","PathToVictory+1","SashWhip+1"],"picked":"SKIP","floor":27},{"not_picked":["CutThroughFate","Wireheading","CrushJoints"],"picked":"Crescendo+1","floor":30},{"not_picked":["Brilliance","Vault+1","Omniscience+1"],"picked":"DevaForm","floor":33},{"not_picked":["EmptyBody+1","CrushJoints","Protect+1"],"picked":"Tantrum","floor":41},{"not_picked":["Protect+1","DeceiveReality+1","ThirdEye+1"],"picked":"Fasting2+1","floor":46}],"player_experience":199364,"relics_obtained":[{"floor":1.0,"key":"TeardropLocket"},{"floor":2.0,"key":"Shuriken"},{"floor":3.0,"key":"Bronze Scales"},{"floor":4.0,"key":"Matryoshka"},{"floor":5.0,"key":"Mercury Hourglass"},{"floor":6.0,"key":"Vajra"},{"floor":9.0,"key":"MealTicket"},{"floor":9.0,"key":"Potion Belt"},{"floor":10.0,"key":"Toxic Egg 2"},{"floor":13.0,"key":"Meat on the Bone"},{"floor":14.0,"key":"Incense Burner"},{"floor":18.0,"key":"Happy Flower"},{"floor":19.0,"key":"Red Mask"},{"floor":20.0,"key":"Mummified Hand"},{"floor":21,"key":"Anchor"},{"floor":22,"key":"Blood Vial"},{"floor":23,"key":"Question Card"},{"floor":24,"key":"Smiling Mask"},{"floor":26,"key":"CeramicFish"},{"floor":26,"key":"Pen Nib"},{"floor":27,"key":"The Courier"},{"floor":28,"key":"Lizard Tail"},{"floor":29,"key":"Whetstone"},{"floor":30,"key":"HornCleat"},{"floor":35,"key":"Ornamental Fan"},{"floor":36,"key":"Bottled Tornado"},{"floor":37,"key":"Pear"},{"floor":38,"key":"Old Coin"},{"floor":39,"key":"Dream Catcher"},{"floor":41,"key":"Frozen Egg 2"},{"floor":43,"key":"Yang"},{"floor":44,"key":"Strawberry"},{"floor":46,"key":"Bottled Lightning"},{"floor":47,"key":"Letter Opener"},{"floor":48,"key":"Bottled Flame"}],"event_choices":[{"damage_healed":0.0,"max_hp_gain":0.0,"max_hp_loss":0.0,"gold_gain":0.0,"event_name":"Liars Game","player_choice":"Ignored","floor":8.0,"gold_loss":0.0,"damage_taken":0.0},{"damage_healed":0.0,"max_hp_gain":0.0,"max_hp_loss":0.0,"gold_gain":0.0,"event_name":"Living Wall","player_choice":"Grow","floor":12.0,"gold_loss":0.0,"damage_taken":0.0,"cards_upgraded":["Crescendo"]},{"damage_healed":0.0,"max_hp_gain":0.0,"max_hp_loss":0.0,"gold_gain":0.0,"event_name":"Masked Bandits","player_choice":"Fought Bandits","floor":19.0,"gold_loss":0.0,"damage_taken":0.0},{"damage_healed":0,"gold_gain":0,"player_choice":"Ignored","damage_taken":0,"max_hp_gain":0,"max_hp_loss":0,"event_name":"Ghosts","floor":31,"gold_loss":0}],"is_beta":false,"boss_relics":[{"not_picked":["Busted Crown","Sozu"],"picked":"Philosopher\u0027s Stone"},{"not_picked":["SlaversCollar","Velvet Choker"],"picked":"VioletLotus"}],"items_purged_floors":[],"is_endless":false,"potions_floor_spawned":[2,6,13,16,19,20,22,23,29,30,33,37,38,46,47],"ascension_level":0}}