{"host":"ds28d883r3sz42zs","time":1609984702,"event":{"mods":["2.2 Compatiblity","AchievementEnabler","Act Like it!","BaseMod","Bestiary","Better Match","Better Sensory Stone","Better Third Choice","Better-Laid Plans","BetterRewards","Block Reminder","Challenge The Spire","Colored Map","Colored Powertips","DeckTracker","Defuse TimeMaze Blight","Disable Question Mark Monsters","Displayed Cursed Tome","Emptier Cage","GifTheSpireLib","Gold Saver","Hallownest","Infinite Spire","Minty Spire (QoL Compilation)","Permanent Neow","Practice Mode","Quick Restart","Random Character Button","Rare Cards Sparkle","Relic Filter","Relic Sorter","Relic Stats","SacredBarkPlus","Shop Mod","StSLib","SuperFastMode","The Bug Knight","Uncapped","Unknown Chances"],"gold_per_floor":[110,123,48,13,28,28,53,80,131,163,179,179,179,227,227,304,304,315,315,327,327,339,339,339,339],"floor_reached":24,"playtime":903,"items_purged":["Strike_B"],"score":357,"play_id":"b9a50293-81c8-4ffb-8baf-f38d590b1e23","local_time":"20210106205822","is_ascension_mode":true,"campfire_choices":[{"data":"Zap","floor":6,"key":"SMITH"},{"data":"Beam Cell","floor":12,"key":"SMITH"},{"floor":15,"key":"REST"},{"data":"Electrodynamics","floor":23,"key":"SMITH"}],"circlet_count":0,"master_deck":["AscendersBane","Defend_B","Defend_B","Defend_B","Defend_B","Zap+1","Dualcast","Force Field","Gash","Compile Driver","Chill","Genetic Algorithm","Beam Cell+1","Hologram","Electrodynamics+1","Steam","Turbo","RitualDagger","Reinforced Body"],"relics":["Runic Pyramid","Odd Mushroom","Bag of Marbles","Toy Ornithopter","infinitespire:Eraser","Anchor","Empty Cage"],"acts_visited":["Exordium","TheCity"],"potions_floor_usage":[10,11,16,22,24,24],"damage_taken":[{"damage":2,"enemies":"Jaw Worm","floor":1,"turns":5},{"damage":12,"enemies":"Small Slimes","floor":2,"turns":5},{"damage":10,"enemies":"2 Louse","floor":5,"turns":2},{"damage":33,"enemies":"The Mushroom Lair","floor":7,"turns":5},{"damage":6,"enemies":"3 Sentries","floor":8,"turns":10},{"damage":12,"enemies":"Lagavulin","floor":10,"turns":7},{"damage":6,"enemies":"Looter","floor":11,"turns":3},{"damage":18,"enemies":"The Guardian","floor":16,"turns":10},{"damage":17,"enemies":"Spheric Guardian","floor":18,"turns":4},{"damage":0,"enemies":"Chosen","floor":20,"turns":6},{"damage":19,"enemies":"Snake Plant","floor":22,"turns":7},{"damage":32,"enemies":"Book of Stabbing","floor":24,"turns":6}],"seed_played":"8115971004078413962","potions_obtained":[{"floor":2,"key":"Ancient Potion"},{"floor":7,"key":"SkillPotion"},{"floor":8,"key":"LiquidMemories"},{"floor":10,"key":"Ancient Potion"},{"floor":11,"key":"GamblersBrew"},{"floor":20,"key":"Energy Potion"},{"floor":22,"key":"SkillPotion"}],"is_trial":false,"path_per_floor":["M","M","$","?","M","R","?","E","T","E","M","R","?","T","R","B",null,"M","?","M","?","M","R","E"],"character_chosen":"DEFECT","items_purchased":[],"campfire_rested":1,"item_purchase_floors":[],"current_hp_per_floor":[62,50,50,67,57,57,24,18,18,11,10,10,10,10,31,18,58,41,41,41,35,21,21,0,0],"gold":339,"neow_bonus":"BOSS_RELIC","is_daily":false,"chose_seed":false,"campfire_upgraded":3,"win_rate":0.0,"timestamp":1609984702,"path_taken":["M","M","$","?","M","R","?","E","T","E","M","R","?","?","R","BOSS","M","?","M","?","M","R","E"],"items_purchased_type":[],"build_version":"2020-12-22","purchased_purges":1,"victory":false,"max_hp_per_floor":[71,71,71,71,71,71,71,71,71,71,71,71,71,71,71,71,71,71,71,71,71,71,71,71,71],"relic_stats":{"counters":[12,70],"obtain_stats":[{"Anchor":14,"Bag of Marbles":8,"Odd Mushroom":7,"infinitespire:Eraser":10,"Cracked Core":0,"Empty Cage":17,"Toy Ornithopter":9,"Runic Pyramid":0},{"Anchor":7,"Bag of Marbles":5,"Odd Mushroom":4,"infinitespire:Eraser":6,"Cracked Core":0,"Empty Cage":8,"Toy Ornithopter":5,"Runic Pyramid":0},{"Anchor":37,"Bag of Marbles":27,"Odd Mushroom":17,"infinitespire:Eraser":34,"Cracked Core":0,"Empty Cage":47,"Toy Ornithopter":27,"Runic Pyramid":0}],"Toy Ornithopter":30},"card_choices":[{"not_picked":["Hologram","Stack"],"picked":"Force Field","floor":1},{"not_picked":["Rip and Tear","Hologram"],"picked":"Gash","floor":2},{"not_picked":["Barrage","Hologram"],"picked":"Compile Driver","floor":5},{"not_picked":["Barrage","Turbo"],"picked":"Chill","floor":7},{"not_picked":["Melter","Amplify"],"picked":"Genetic Algorithm","floor":8},{"not_picked":["Turbo","Chaos"],"picked":"Beam Cell","floor":10},{"not_picked":["Rebound","Streamline"],"picked":"Hologram","floor":11},{"not_picked":["Biased Cognition","All For One"],"picked":"Electrodynamics","floor":16},{"not_picked":["Compile Driver","Rebound","Skim"],"picked":"SKIP","floor":18},{"not_picked":["Hologram","Darkness"],"picked":"Turbo","floor":20},{"not_picked":["Steam","Leap"],"picked":"Reinforced Body","floor":22}],"player_experience":760918,"relics_obtained":[{"floor":7,"key":"Odd Mushroom"},{"floor":8,"key":"Bag of Marbles"},{"floor":9,"key":"Toy Ornithopter"},{"floor":10,"key":"infinitespire:Eraser"},{"floor":14,"key":"Anchor"}],"event_choices":[{"damage_healed":17,"gold_gain":0,"player_choice":"Healed","damage_taken":0,"max_hp_gain":0,"max_hp_loss":0,"event_name":"The Cleric","floor":4,"gold_loss":35},{"damage_healed":0,"gold_gain":0,"player_choice":"Fought Mushrooms","damage_taken":0,"max_hp_gain":0,"max_hp_loss":0,"event_name":"Mushrooms","floor":7,"gold_loss":0},{"damage_healed":0,"gold_gain":0,"player_choice":"Ignored","damage_taken":179,"max_hp_gain":0,"max_hp_loss":0,"event_name":"betterThird:BetterSerpent","floor":13,"gold_loss":0},{"damage_healed":0,"gold_gain":0,"player_choice":"Read","damage_taken":0,"max_hp_gain":0,"max_hp_loss":0,"event_name":"The Library","floor":19,"gold_loss":0,"cards_obtained":["Steam"]},{"damage_healed":0,"gold_gain":0,"player_choice":"Dagger","damage_taken":6,"max_hp_gain":0,"max_hp_loss":0,"event_name":"betterThird:BetterNest","floor":21,"gold_loss":0,"cards_obtained":["RitualDagger"]}],"is_beta":false,"boss_relics":[{"not_picked":["Busted Crown","Velvet Choker"],"picked":"Empty Cage"}],"items_purged_floors":[3],"is_endless":false,"potions_floor_spawned":[2,7,8,10,11,20,22],"killed_by":"Book of Stabbing","ascension_level":15}}