{"host":"8i4doyxqctgl5qb0","time":1609986006,"event":{"mods":["AchievementEnabler","BaseMod","Block Reminder","Colored Powertips","Downfall","Marisa£®ÏF”Í°°ƒß¿Ì…≥£©","Minty Spire (QoL Compilation)","Permanent Neow","Potion Indicator Mod","Rare Cards Sparkle","StSLib","SuperFastMode"],"gold_per_floor":[10,29,29,43,43,43,43,43,121,121,121,136,136,170,170,294,294,313,238,238,256,26,26,26],"floor_reached":23,"playtime":478,"items_purged":["Regret"],"score":187,"play_id":"7d069f02-7267-476f-91e3-fe2fb6946356","local_time":"20210107102006","is_ascension_mode":false,"campfire_choices":[{"floor":6,"key":"RECALL"},{"data":"Neutralize","floor":8,"key":"SMITH"},{"data":"Poisoned Stab","floor":11,"key":"SMITH"},{"data":"Dagger Spray","floor":13,"key":"SMITH"},{"floor":15,"key":"REST"}],"circlet_count":0,"master_deck":["Strike_G","Strike_G","Strike_G","Strike_G","Strike_G","Defend_G","Defend_G","Defend_G","Defend_G","Defend_G","Survivor","Neutralize+1","Poisoned Stab+1","Injury","Dagger Spray+1","Poisoned Stab+1","Deadly Poison","Wraith Form v2","Necronomicurse","Outmaneuver","expansioncontent:CaCaw"],"relics":["Ring of the Snake","The Specimen","Golden Idol","Molten Egg 2","Thread and Needle","Vajra","Black Star","Necronomicon","MealTicket"],"acts_visited":["Exordium","TheCity"],"potions_floor_usage":[],"damage_taken":[{"damage":2,"enemies":"Cultist","floor":1,"turns":5},{"damage":6,"enemies":"Jaw Worm","floor":2,"turns":4},{"damage":0,"enemies":"Small Slimes","floor":4,"turns":3},{"damage":4,"enemies":"2 Fungi Beasts","floor":12,"turns":2},{"damage":13,"enemies":"Gremlin Nob","floor":14,"turns":4},{"damage":37,"enemies":"The Guardian","floor":16,"turns":9},{"damage":27,"enemies":"Spheric Guardian","floor":18,"turns":6},{"damage":11,"enemies":"Shell Parasite","floor":21,"turns":6},{"damage":40,"enemies":"Book of Stabbing","floor":23,"turns":7}],"seed_played":"5850802910261362953","potions_obtained":[{"floor":2,"key":"Ancient Potion"},{"floor":12,"key":"Poison Potion"},{"floor":16,"key":"FairyPotion"}],"is_trial":false,"path_per_floor":["M","M","?","M","T","R","$","R","T","?","R","M","R","E","R","B",null,"M","$","?","M","$","E"],"character_chosen":"THE_SILENT","items_purchased":["MealTicket","expansioncontent:CaCaw"],"campfire_rested":1,"item_purchase_floors":[22,22],"current_hp_per_floor":[68,62,62,62,62,62,62,62,62,62,62,58,58,45,66,29,70,43,43,27,16,16,0,0],"gold":26,"neow_bonus":"ONE_RARE_RELIC","is_daily":false,"chose_seed":false,"campfire_upgraded":3,"win_rate":0.0,"timestamp":1609986006,"path_taken":["M","M","?","M","?","R","$","R","T","?","R","M","R","E","R","BOSS","M","$","?","M","$","E"],"items_purchased_type":["Relic","Card"],"build_version":"2020-12-22","purchased_purges":1,"victory":false,"max_hp_per_floor":[70,70,70,70,70,70,70,70,70,70,70,70,70,70,70,70,70,70,70,70,70,70,70,70],"card_choices":[{"not_picked":["Outmaneuver","Flying Knee"],"picked":"Poisoned Stab","floor":1},{"not_picked":["PiercingWail","Prepared","Dodge and Roll"],"picked":"SKIP","floor":2},{"not_picked":["Expertise","Blade Dance"],"picked":"Dagger Spray","floor":4},{"not_picked":["Dodge and Roll","PiercingWail"],"picked":"Poisoned Stab+1","floor":12},{"not_picked":["Blade Dance","Dagger Throw+1"],"picked":"Deadly Poison","floor":14},{"not_picked":["Glass Knife+1","Unload+1"],"picked":"Wraith Form v2","floor":16},{"not_picked":["All Out Attack+1","Sucker Punch+1","Dagger Throw+1"],"picked":"SKIP","floor":18},{"not_picked":["Underhanded Strike+1","Dodge and Roll"],"picked":"Outmaneuver","floor":21}],"player_experience":104051,"relics_obtained":[{"floor":5,"key":"Molten Egg 2"},{"floor":14,"key":"Vajra"},{"floor":20,"key":"Necronomicon"}],"event_choices":[{"damage_healed":0,"gold_gain":0,"player_choice":"Take Wound","damage_taken":0,"relics_obtained":["Golden Idol"],"max_hp_gain":0,"max_hp_loss":0,"event_name":"Golden Idol","floor":3,"gold_loss":0,"cards_obtained":["Injury"]},{"damage_healed":0,"gold_gain":0,"player_choice":"Box","damage_taken":0,"relics_obtained":["Thread and Needle"],"max_hp_gain":0,"max_hp_loss":0,"event_name":"Big Fish","floor":10,"gold_loss":0,"cards_obtained":["Regret"]},{"damage_healed":0,"gold_gain":0,"player_choice":"Obtained Book","damage_taken":16,"max_hp_gain":0,"max_hp_loss":0,"event_name":"Cursed Tome","floor":20,"gold_loss":0}],"is_beta":false,"boss_relics":[{"not_picked":["Fusion Hammer","Velvet Choker"],"picked":"Black Star"}],"items_purged_floors":[19],"is_endless":false,"potions_floor_spawned":[2,12,16],"killed_by":"Book of Stabbing","ascension_level":0}}