{"host":"njb27ds59h4j3ikk","time":1609981986,"event":{"mods":["AchievementEnabler","BaseMod","Better Altar","Better Match","Better Note","Better Sensory Stone","Better Skull","Better Third Choice","BetterRewards","Downfall","Hermit","Hubris","Minty Spire (QoL Compilation)","Permanent Neow","Quarter Circle Forward PUNCH!","Quick Restart","Rare Cards Sparkle","Replay The Spire","Shop Mod","StSLib","Trackpad","Transform Curses"],"gold_per_floor":[114,128,145,165,31,58,58,58,91,102,102,102,102,14,14,111,111,123,135,152,162,362,394,476,476,476,476],"floor_reached":25,"playtime":1317,"items_purged":["Regret"],"score":247,"play_id":"6474cf99-8091-4da1-8471-1f96819a8c87","local_time":"20210106201306","is_ascension_mode":true,"campfire_choices":[{"floor":11.0,"key":"REST"},{"data":"champ:DefensiveShout","floor":13,"key":"SMITH"},{"data":"champ:FocusedDefense","floor":15,"key":"SMITH"}],"circlet_count":0,"master_deck":["champ:Strike","champ:Strike","champ:Strike","champ:Defend+1","champ:Defend","champ:Defend","champ:Defend","champ:Execute","champ:Taunt","The Bomb","champ:FocusedDefense+1","champ:Balance","champ:IronFortress","champ:ShieldSigil","champ:Backstep","Replay:SS_hec_1","champ:LastStand","champ:Aggression","champ:Aggression+1","champ:DefensiveShout+1","champ:DeathBlow","champ:DefensiveStyle","champ:AdrenalArmor","champ:CheapShot","champ:RageSigil","champ:EnchantSword","champ:SwordSigil+1","champ:Riposte","champ:SkillfulDodge","champ:TornadoPunch+1"],"relics":["champ:ChampionCrown","Replay:Wax Seal","BargainBundle","War Paint","hubris:GlazedTorus","qcfpunch:Army_Boots","champ:PowerArmor","Guardian:PocketSentry","trackpad:ByrdBGone"],"acts_visited":["Exordium","TheCity"],"potions_floor_usage":[16,16,16,20,20,23,25],"damage_taken":[{"damage":8.0,"enemies":"2 Louse","floor":1.0,"turns":3.0},{"damage":3.0,"enemies":"Cultist","floor":2.0,"turns":3.0},{"damage":10.0,"enemies":"Small Slimes","floor":3.0,"turns":5.0},{"damage":19.0,"enemies":"3 Louse","floor":4.0,"turns":4.0},{"damage":10.0,"enemies":"downfall:FleeingMerchant","floor":5.0,"turns":4.0},{"damage":45.0,"enemies":"Lagavulin","floor":6.0,"turns":4.0},{"damage":30.0,"enemies":"Replay:BlueRogue","floor":9.0,"turns":4.0},{"damage":6.0,"enemies":"Exordium Wildlife","floor":10.0,"turns":3.0},{"damage":19,"enemies":"Large Slime","floor":14,"turns":5},{"damage":29,"enemies":"downfall:Watcher","floor":16,"turns":5},{"damage":29,"enemies":"Spheric Guardian","floor":18,"turns":3},{"damage":18,"enemies":"Shell Parasite","floor":19,"turns":5},{"damage":18,"enemies":"Snake Plant","floor":20,"turns":4},{"damage":39,"enemies":"Chosen and Byrds","floor":21,"turns":6},{"damage":64,"enemies":"Gremlin Leader","floor":23,"turns":8},{"damage":8,"enemies":"Centurion and Healer","floor":25,"turns":1}],"seed_played":"-1514064423095181970","potions_obtained":[{"floor":1.0,"key":"Venom Potion"},{"floor":4.0,"key":"Block Potion"},{"floor":6.0,"key":"Block Potion"},{"floor":9.0,"key":"Explosive Potion"},{"floor":10.0,"key":"Languid Potion"},{"floor":16,"key":"AttackPotion"},{"floor":18,"key":"Block Potion"},{"floor":21,"key":"BlessingOfTheForge"}],"is_trial":false,"path_per_floor":["M","M","M","M","$","E","T","?","E","M","R","?","R","M","R","B",null,"M","M","M","M","?","E","T","M"],"character_chosen":"THE_CHAMP","items_purchased":["Replay:Wax Seal","Potion Belt","BargainBundle","Replay:SS_hec_1","champ:LastStand","champ:Aggression","Dexterity Potion","Adrenaline Potion","Dexterity Potion"],"campfire_rested":1,"item_purchase_floors":[5,5,5,5,5,5,5,5,5],"current_hp_per_floor":[87,84,79,65,60,29,29,29,16,13,40,40,40,40,40,29,90,80,69,69,42,42,7,7,0,0,0],"gold":476,"neow_bonus":"RANDOM_COLORLESS_2","is_daily":false,"chose_seed":false,"campfire_upgraded":2,"win_rate":0.0,"timestamp":1609981986,"path_taken":["M","M","M","M","$","E","T","?","E","?","R","?","R","?","R","BOSS","M","?","M","M","?","E","T","M"],"items_purchased_type":["Relic","Relic","Relic","Card","Card","Card","Potion","Potion","Potion"],"build_version":"2020-12-22","purchased_purges":1,"victory":false,"max_hp_per_floor":[90,90,90,90,90,90,90,90,90,90,90,90,90,90,90,90,90,90,90,90,90,90,90,90,90,90,90],"card_choices":[{"not_picked":["expansioncontent:StudyTheSpire","Sadistic Nature"],"picked":"The Bomb","floor":0.0},{"not_picked":["champ:Circumvent","champ:ShieldSigil"],"picked":"champ:FocusedDefense","floor":1.0},{"not_picked":["champ:StanceDance","champ:BerserkersShout"],"picked":"champ:Balance","floor":2.0},{"not_picked":["champ:FocusedBerserking","champ:HeartStrike"],"picked":"champ:IronFortress","floor":3.0},{"not_picked":["champ:CrookedStrike","champ:FocusedBerserking"],"picked":"champ:ShieldSigil","floor":4.0},{"not_picked":["champ:FocusedBerserking","champ:FanOfKnives"],"picked":"champ:Backstep","floor":5.0},{"not_picked":["champ:Balance","champ:Circumvent"],"picked":"champ:DefensiveShout","floor":6.0},{"not_picked":["champ:FocusedDefense","champ:LastStand"],"picked":"champ:DefensiveStyle","floor":9.0},{"not_picked":["champ:Backstep","champ:StanceDance"],"picked":"champ:AdrenalArmor","floor":10.0},{"not_picked":["champ:FocusedBerserking","champ:GladiatorsShout"],"picked":"champ:RageSigil","floor":14},{"not_picked":["champ:IgnorePain","champ:EnchantShield"],"picked":"champ:EnchantSword","floor":16},{"not_picked":["champ:RapidStrikes","champ:FanOfKnives+1"],"picked":"champ:SwordSigil+1","floor":18},{"not_picked":["champ:CalledShot","champ:PreciseThrust"],"picked":"champ:Riposte","floor":19},{"not_picked":["champ:BerserkersShout+1","champ:DefensiveShout"],"picked":"champ:SkillfulDodge","floor":20},{"not_picked":["champ:BerserkersShout","champ:FanOfKnives","champ:PerfectedStrike+1"],"picked":"SKIP","floor":21},{"not_picked":["champ:CrownThrow","champ:GutPunch"],"picked":"champ:TornadoPunch+1","floor":23}],"player_experience":1224553,"relics_obtained":[{"floor":6.0,"key":"War Paint"},{"floor":7.0,"key":"hubris:GlazedTorus"},{"floor":9.0,"key":"qcfpunch:Army_Boots"},{"floor":23,"key":"Guardian:PocketSentry"},{"floor":24,"key":"trackpad:ByrdBGone"}],"event_choices":[{"damage_healed":0.0,"max_hp_gain":0.0,"max_hp_loss":0.0,"gold_gain":0.0,"cards_transformed":["champ:Strike"],"event_name":"Transmorgrifier","player_choice":"Transformed","floor":8.0,"gold_loss":0.0,"damage_taken":0.0,"cards_obtained":["champ:DeathBlow"]},{"damage_healed":0,"gold_gain":200,"player_choice":"Gold","damage_taken":0,"max_hp_gain":0,"max_hp_loss":0,"event_name":"Wheel of Change","floor":22,"gold_loss":0}],"is_beta":false,"boss_relics":[{"not_picked":["Busted Crown","qcfpunch:Killian_Engine_Alpha"],"picked":"champ:PowerArmor"}],"items_purged_floors":[5],"is_endless":false,"potions_floor_spawned":[1,4,6,9,10,16,18,21],"killed_by":"Centurion and Healer","ascension_level":1}}