{"host":"chv1qanoipyt46jc","time":1609988032,"event":{"mods":["2.2 Compatiblity","AchievementEnabler","BaseMod","BetterRewards","CapriCore","Card Filter","Evolution","Gold Saver","Grow up Mod","Minty Spire (QoL Compilation)","Rare Cards Sparkle","Relic Filter","Remove Card Discount Mod","Reorder Act Four","StSLib"],"gold_per_floor":[826,845,865,884,899,899,925,935,959,985,996,996,1015,1032,1032,1127,1127,1142,1138,1149,1167,1184,1184,1218,1238,1238,1238,1256,1267,1267,1285,1285,1384,1384,1399,1415,1430,1440,1454,1479,1479,1507,1561,1571,1585,1634,1647,1658,1658,1658,1658,1658,1658,1691,1691],"floor_reached":56,"playtime":1954,"items_purged":["Bash","Sword Boomerang","Sword Boomerang","Sword Boomerang","Sword Boomerang","Sword Boomerang","Shrug It Off","Shrug It Off","Shrug It Off","Shrug It Off+1"],"score":1907,"play_id":"3c031330-37fb-405f-8b4d-49836aca8bab","local_time":"20210106205352","is_ascension_mode":false,"campfire_choices":[{"data":"Pommel Strike","floor":6,"key":"SMITH"},{"data":"Pommel Strike","floor":12,"key":"SMITH"},{"data":"Inflame","floor":15,"key":"SMITH"},{"data":"Inflame","floor":23,"key":"SMITH"},{"data":"Dark Embrace","floor":27,"key":"SMITH"},{"floor":30,"key":"RECALL"},{"data":"Inflame","floor":49,"key":"SMITH"}],"circlet_count":0,"master_deck":["Dark Embrace+1","Inflame+1","Pommel Strike+1","Pommel Strike+1","Inflame+1","Bloodletting+1","Pommel Strike+1","Inflame+1","Inflame+1"],"relics":["Burning Blood","EVO:Axolotl","Singing Bowl","Shuriken","Centennial Puzzle","War Paint","Coffee Dripper","White Beast Statue","Ancient Tea Set","Black Star","CaptainsWheel","MealTicket","HornCleat","The Courier","Oddly Smooth Stone","StoneCalendar","Strawberry","Eternal Feather"],"acts_visited":["Exordium","TheCity","TheBeyond","TheEnding"],"potions_floor_usage":[55],"damage_taken":[{"damage":3,"enemies":"2 Louse","floor":1,"turns":2},{"damage":3,"enemies":"Jaw Worm","floor":2,"turns":2},{"damage":6,"enemies":"Cultist","floor":3,"turns":2},{"damage":9,"enemies":"Large Slime","floor":4,"turns":4},{"damage":15,"enemies":"Gremlin Gang","floor":5,"turns":3},{"damage":29,"enemies":"3 Sentries","floor":7,"turns":6},{"damage":12,"enemies":"Exordium Thugs","floor":8,"turns":4},{"damage":6,"enemies":"Gremlin Nob","floor":10,"turns":2},{"damage":3,"enemies":"Lots of Slimes","floor":11,"turns":1},{"damage":3,"enemies":"Blue Slaver","floor":13,"turns":1},{"damage":6,"enemies":"Gremlin Gang","floor":14,"turns":2},{"damage":18,"enemies":"Hexaghost","floor":16,"turns":1},{"damage":0,"enemies":"Chosen","floor":18,"turns":3},{"damage":6,"enemies":"2 Thieves","floor":20,"turns":1},{"damage":6,"enemies":"Sentry and Sphere","floor":21,"turns":1},{"damage":6,"enemies":"Snake Plant","floor":22,"turns":2},{"damage":12,"enemies":"Slavers","floor":24,"turns":1},{"damage":16,"enemies":"Chosen and Byrds","floor":25,"turns":2},{"damage":6,"enemies":"3 Cultists","floor":28,"turns":2},{"damage":9,"enemies":"Cultist and Chosen","floor":29,"turns":1},{"damage":3,"enemies":"Snecko","floor":31,"turns":2},{"damage":9,"enemies":"Collector","floor":33,"turns":2},{"damage":18,"enemies":"3 Shapes","floor":35,"turns":1},{"damage":6,"enemies":"Orb Walker","floor":36,"turns":1},{"damage":15,"enemies":"Maw","floor":37,"turns":2},{"damage":6,"enemies":"Jaw Worm Horde","floor":38,"turns":2},{"damage":12,"enemies":"3 Darklings","floor":39,"turns":1},{"damage":12,"enemies":"Nemesis","floor":40,"turns":1},{"damage":25,"enemies":"Giant Head","floor":42,"turns":2},{"damage":9,"enemies":"4 Shapes","floor":44,"turns":2},{"damage":12,"enemies":"Spire Growth","floor":45,"turns":1},{"damage":12,"enemies":"2 Orb Walkers","floor":46,"turns":1},{"damage":9,"enemies":"Sphere and 2 Shapes","floor":47,"turns":1},{"damage":33,"enemies":"4 Shapes","floor":48,"turns":1},{"damage":24,"enemies":"Donu and Deca","floor":50,"turns":1},{"damage":25,"enemies":"Shield and Spear","floor":54,"turns":2},{"damage":151,"enemies":"The Heart","floor":55,"turns":4}],"seed_played":"5347835492242091912","potions_obtained":[{"floor":5,"key":"EssenceOfSteel"},{"floor":8,"key":"BloodPotion"},{"floor":45,"key":"Fire Potion"}],"is_trial":false,"path_per_floor":["M","M","M","M","M","R","E","M","T","E","M","R","M","M","R","B",null,"M","$","M","M","M","R","E","M","T","R","M","M","R","M","R","B",null,"M","M","M","M","M","E","R","E","T","M","M","?","M","M","R","B",null,"$","R","E","B",null],"character_chosen":"IRONCLAD","items_purchased":["Dark Embrace","Singing Bowl","Inflame","Pommel Strike","Pommel Strike","Inflame","Shuriken","Bloodletting","BloodPotion"],"campfire_rested":0,"item_purchase_floors":[0,0,0,0,0,0,0,0,0],"current_hp_per_floor":[59,74,86,95,98,108,97,103,113,125,140,150,165,177,187,187,291,303,313,325,337,349,359,365,365,375,385,397,406,416,431,441,450,479,479,491,494,506,512,518,528,521,531,540,544,550,559,544,554,546,671,681,691,689,554],"gold":1691,"neow_bonus":"","is_daily":false,"chose_seed":false,"campfire_upgraded":6,"win_rate":0.0,"timestamp":1609988032,"path_taken":["M","M","M","M","M","R","E","M","T","E","M","R","M","M","R","BOSS","M","$","M","M","M","R","E","M","T","R","M","M","R","M","R","BOSS","M","M","M","M","M","E","R","E","T","M","M","?","M","M","R","BOSS","$","R","E","BOSS"],"items_purchased_type":["Card","Relic","Card","Card","Card","Card","Relic","Card","Potion"],"build_version":"2020-12-22","purchased_purges":10,"victory":true,"max_hp_per_floor":[109,121,133,145,157,167,179,191,201,213,225,235,247,259,269,281,291,303,313,325,337,349,359,371,381,391,401,413,425,435,447,457,469,479,491,503,515,527,539,551,561,573,583,595,605,617,629,641,651,661,671,681,691,708,718],"card_choices":[{"not_picked":["Dark Embrace","Searing Blow","Anger"],"picked":"Singing Bowl","floor":1},{"not_picked":["Pommel Strike","Armaments","Anger"],"picked":"Singing Bowl","floor":2},{"not_picked":["Anger","Armaments","Searing Blow"],"picked":"Singing Bowl","floor":3},{"not_picked":["Searing Blow","Iron Wave","Shrug It Off"],"picked":"Singing Bowl","floor":4},{"not_picked":["Bloodletting","Armaments","Burning Pact"],"picked":"Singing Bowl","floor":5},{"not_picked":["Pummel","Shrug It Off","Seeing Red"],"picked":"Singing Bowl","floor":7},{"not_picked":["Shrug It Off","Anger","Inflame"],"picked":"Singing Bowl","floor":8},{"not_picked":["Dark Embrace","Offering","Shrug It Off"],"picked":"Singing Bowl","floor":10},{"not_picked":["Carnage","Bloodletting","Pommel Strike"],"picked":"Singing Bowl","floor":11},{"not_picked":["Shrug It Off","Pommel Strike","Dark Embrace"],"picked":"Singing Bowl","floor":13},{"not_picked":["Seeing Red","Armaments","Iron Wave"],"picked":"Singing Bowl","floor":14},{"not_picked":["Offering","Feed","Reaper"],"picked":"Singing Bowl","floor":16},{"not_picked":["Iron Wave+1","Pommel Strike","Anger"],"picked":"Singing Bowl","floor":18},{"not_picked":["Pommel Strike","Shrug It Off+1","Iron Wave+1"],"picked":"Singing Bowl","floor":20},{"not_picked":["Offering","Pommel Strike","Shrug It Off"],"picked":"Singing Bowl","floor":21},{"not_picked":["Anger","Iron Wave+1","Shrug It Off"],"picked":"Singing Bowl","floor":22},{"not_picked":["Anger","Iron Wave","Carnage"],"picked":"Singing Bowl","floor":24},{"not_picked":["Anger","Dark Embrace"],"picked":"Pommel Strike+1","floor":25},{"not_picked":["Shrug It Off+1","Searing Blow","Anger+1"],"picked":"Singing Bowl","floor":28},{"not_picked":["Armaments","Searing Blow","Inflame"],"picked":"Singing Bowl","floor":29},{"not_picked":["Shrug It Off","Pummel+1","Inflame"],"picked":"Singing Bowl","floor":31},{"not_picked":["Reaper","Bludgeon","Offering"],"picked":"Singing Bowl","floor":33},{"not_picked":["Armaments+1","Dark Embrace","Iron Wave"],"picked":"Singing Bowl","floor":35},{"not_picked":["Shrug It Off+1","Pommel Strike","Burning Pact+1"],"picked":"Singing Bowl","floor":36},{"not_picked":["Shrug It Off","Iron Wave","Anger+1"],"picked":"Singing Bowl","floor":37},{"not_picked":["Iron Wave","Pommel Strike+1","Anger+1"],"picked":"Singing Bowl","floor":38},{"not_picked":["Burning Pact","Carnage","Bloodletting+1"],"picked":"Singing Bowl","floor":39},{"not_picked":["Dark Embrace+1","Carnage","Anger+1"],"picked":"Singing Bowl","floor":40},{"not_picked":["Iron Wave+1","Bludgeon","Demon Form"],"picked":"Singing Bowl","floor":42},{"not_picked":["Burning Pact","Shrug It Off+1","Pommel Strike+1"],"picked":"Singing Bowl","floor":44},{"not_picked":["Iron Wave","Armaments"],"picked":"Inflame","floor":45},{"not_picked":["Carnage","Iron Wave+1","Anger"],"picked":"Singing Bowl","floor":46},{"not_picked":["Shrug It Off","Demon Form","Armaments"],"picked":"Singing Bowl","floor":47},{"not_picked":["Pummel+1","Iron Wave","Shrug It Off+1"],"picked":"Singing Bowl","floor":48},{"not_picked":["Offering","Armaments+1"],"picked":"Inflame+1","floor":54}],"player_experience":295828,"relics_obtained":[{"floor":7,"key":"Centennial Puzzle"},{"floor":10,"key":"War Paint"},{"floor":24,"key":"White Beast Statue"},{"floor":26,"key":"Ancient Tea Set"},{"floor":40,"key":"CaptainsWheel"},{"floor":40,"key":"MealTicket"},{"floor":42,"key":"HornCleat"},{"floor":42,"key":"The Courier"},{"floor":43,"key":"Oddly Smooth Stone"},{"floor":46,"key":"StoneCalendar"},{"floor":54,"key":"Strawberry"},{"floor":54,"key":"Eternal Feather"}],"event_choices":[{"damage_healed":0,"gold_gain":0,"player_choice":"Fight","damage_taken":0,"max_hp_gain":0,"max_hp_loss":0,"event_name":"Mysterious Sphere","floor":46,"gold_loss":0}],"is_beta":false,"boss_relics":[{"not_picked":["Calling Bell","Runic Dome"],"picked":"Coffee Dripper"},{"not_picked":["Empty Cage","SacredBark"],"picked":"Black Star"}],"items_purged_floors":[0,0,0,0,0,0,0,0,19,19],"is_endless":false,"potions_floor_spawned":[5,8,11,13,14,18,20,22,25,28,29,31,33,35,36,37,38,39,40,42,44,45,46,47,48,54],"ascension_level":0}}