{"host":"ff4g3thpm8pmsxyp","time":1609994055,"event":{"mods":["AchievementEnabler","BaseMod","Colored Map","DeckTracker","Highlight Path","Minty Spire (QoL Compilation)","Permanent Neow","Rare Cards Sparkle","Relic Stats","StSLib","SuperFastMode"],"gold_per_floor":[114,39,59,75,95,126,126,126,152,152,181,191,205,233,233,338,338,355,114,114,125,141,141,172,87,112,140,46,62,62,62],"floor_reached":30,"playtime":1105,"items_purged":["Strike_P","Strike_P"],"score":468,"play_id":"712ffbcf-eb5b-4fb8-bee1-b7d328fb1c28","local_time":"20210106233415","is_ascension_mode":true,"campfire_choices":[{"data":"BattleHymn","floor":8.0,"key":"SMITH"},{"data":"Halt","floor":10.0,"key":"SMITH"},{"data":"Brilliance","floor":15.0,"key":"SMITH"},{"data":"LessonLearned","floor":23.0,"key":"SMITH"}],"circlet_count":0,"master_deck":["Strike_P","Strike_P","Defend_P","Defend_P","Defend_P","Eruption","Vigilance","Prostrate","Tantrum","EmptyFist+1","Halt+1","BattleHymn+1","Brilliance+1","CrushJoints","Perseverance","Devotion","LessonLearned+1","Prostrate","DevaForm+1","Blind","Halt+1"],"relics":["Philosopher\u0027s Stone","Boot","Blood Vial","Pen Nib","Strawberry","SlaversCollar","Nilry\u0027s Codex","Dream Catcher","Eternal Feather","Bag of Preparation","Yang"],"acts_visited":["Exordium","TheCity"],"potions_floor_usage":[30,30],"damage_taken":[{"damage":4.0,"enemies":"Cultist","floor":1.0,"turns":3.0},{"damage":0.0,"enemies":"Jaw Worm","floor":3.0,"turns":3.0},{"damage":0.0,"enemies":"2 Louse","floor":4.0,"turns":1.0},{"damage":3.0,"enemies":"Looter","floor":5.0,"turns":3.0},{"damage":19.0,"enemies":"3 Sentries","floor":6.0,"turns":6.0},{"damage":0.0,"enemies":"Lagavulin","floor":11.0,"turns":4.0},{"damage":0.0,"enemies":"Large Slime","floor":12.0,"turns":2.0},{"damage":6.0,"enemies":"3 Louse","floor":13.0,"turns":2.0},{"damage":0.0,"enemies":"Gremlin Nob","floor":14.0,"turns":2.0},{"damage":0.0,"enemies":"Slime Boss","floor":16.0,"turns":4.0},{"damage":15.0,"enemies":"Spheric Guardian","floor":18.0,"turns":3.0},{"damage":0.0,"enemies":"Chosen","floor":21.0,"turns":2.0},{"damage":14.0,"enemies":"3 Cultists","floor":22.0,"turns":4.0},{"damage":30.0,"enemies":"Gremlin Leader","floor":24.0,"turns":5.0},{"damage":8.0,"enemies":"Book of Stabbing","floor":27.0,"turns":3.0},{"damage":8,"enemies":"Centurion and Healer","floor":29,"turns":3},{"damage":6,"enemies":"Slavers","floor":30,"turns":1}],"seed_played":"-5394545477926870385","potions_obtained":[{"floor":6.0,"key":"Regen Potion"},{"floor":11.0,"key":"Fruit Juice"},{"floor":12.0,"key":"GamblersBrew"},{"floor":13.0,"key":"AttackPotion"},{"floor":14.0,"key":"BlessingOfTheForge"},{"floor":18.0,"key":"SteroidPotion"},{"floor":21.0,"key":"SkillPotion"},{"floor":27.0,"key":"Fire Potion"}],"is_trial":false,"path_per_floor":["M","$","M","M","M","E","?","R","T","R","E","M","M","E","R","B",null,"M","$","?","M","M","R","E","?","T","E","$","M","E"],"character_chosen":"WATCHER","items_purchased":["LessonLearned","Blind"],"campfire_rested":0,"item_purchase_floors":[19,28],"current_hp_per_floor":[68,68,68,68,65,46,46,46,46,46,53,60,56,65,65,67,84,69,69,53,55,43,43,15,15,15,9,9,3,0,0],"gold":62,"neow_bonus":"BOSS_RELIC","is_daily":false,"chose_seed":false,"campfire_upgraded":4,"win_rate":0.0,"timestamp":1609994055,"path_taken":["M","?","M","?","M","E","?","R","T","R","E","M","M","E","R","BOSS","M","?","?","M","M","R","E","?","T","E","$","M","E"],"items_purchased_type":["Card","Card"],"build_version":"2020-12-22","purchased_purges":2,"victory":false,"max_hp_per_floor":[72,72,72,72,72,72,72,72,72,72,77,77,77,84,84,84,84,84,84,84,84,84,84,84,84,84,84,84,84,84,84],"relic_stats":{"Blood Vial":22,"Dream Catcher":0,"counters":[17,51],"Eternal Feather":0,"Yang":[7],"Pen Nib":[7],"Bag of Preparation":[6],"Boot":[49],"obtain_stats":[{"Blood Vial":9,"SlaversCollar":17,"Dream Catcher":24,"Nilry\u0027s Codex":20,"Strawberry":14,"Philosopher\u0027s Stone":0,"Eternal Feather":25,"Yang":27,"Pen Nib":11,"Bag of Preparation":26,"PureWater":0,"Boot":6},{"Blood Vial":5,"SlaversCollar":10,"Dream Catcher":14,"Nilry\u0027s Codex":11,"Strawberry":9,"Philosopher\u0027s Stone":0,"Eternal Feather":14,"Yang":15,"Pen Nib":6,"Bag of Preparation":14,"PureWater":0,"Boot":5},{"Blood Vial":16,"SlaversCollar":30,"Dream Catcher":44,"Nilry\u0027s Codex":33,"Strawberry":26,"Philosopher\u0027s Stone":0,"Eternal Feather":44,"Yang":47,"Pen Nib":20,"Bag of Preparation":44,"PureWater":0,"Boot":16}]},"card_choices":[{"not_picked":["FollowUp","TalkToTheHand"],"picked":"Prostrate","floor":1.0},{"not_picked":["CrushJoints","Collect"],"picked":"Tantrum","floor":3.0},{"not_picked":["FollowUp","Crescendo"],"picked":"EmptyFist","floor":4.0},{"not_picked":["Indignation","FollowUp"],"picked":"Halt","floor":5.0},{"not_picked":["EmptyFist","Worship"],"picked":"BattleHymn","floor":6.0},{"not_picked":["SashWhip","EmptyFist","ThirdEye"],"picked":"SKIP","floor":11.0},{"not_picked":["CrushJoints","Consecrate"],"picked":"Brilliance","floor":12.0},{"not_picked":["Crescendo","FlurryOfBlows"],"picked":"CrushJoints","floor":13.0},{"not_picked":["FlurryOfBlows","EmptyFist"],"picked":"Perseverance","floor":14.0},{"not_picked":["Judgement","ConjureBlade"],"picked":"Devotion","floor":16.0},{"not_picked":["Evaluate","CutThroughFate+1","ThirdEye+1"],"picked":"SKIP","floor":18.0},{"not_picked":["CutThroughFate","ForeignInfluence+1","DeceiveReality"],"picked":"SKIP","floor":21.0},{"not_picked":["Study","PathToVictory"],"picked":"Prostrate","floor":22.0},{"not_picked":["EmptyMind","CrushJoints"],"picked":"DevaForm","floor":24.0},{"not_picked":["JustLucky","SashWhip","SandsOfTime"],"picked":"SKIP","floor":27.0},{"not_picked":["JustLucky","WreathOfFlame"],"picked":"Halt+1","floor":29}],"player_experience":254357,"relics_obtained":[{"floor":6.0,"key":"Boot"},{"floor":9.0,"key":"Blood Vial"},{"floor":11.0,"key":"Pen Nib"},{"floor":14.0,"key":"Strawberry"},{"floor":20.0,"key":"Nilry\u0027s Codex"},{"floor":24.0,"key":"Dream Catcher"},{"floor":26.0,"key":"Bag of Preparation"},{"floor":27.0,"key":"Yang"}],"event_choices":[{"cards_removed":["Defend_P"],"damage_healed":0.0,"max_hp_gain":0.0,"max_hp_loss":0.0,"gold_gain":0.0,"event_name":"Purifier","player_choice":"Purged","floor":7.0,"gold_loss":0.0,"damage_taken":0.0},{"damage_healed":0.0,"max_hp_gain":0.0,"max_hp_loss":0.0,"gold_gain":0.0,"event_name":"Cursed Tome","player_choice":"Obtained Book","floor":20.0,"gold_loss":0.0,"damage_taken":16.0},{"damage_healed":0.0,"max_hp_gain":0.0,"max_hp_loss":0.0,"gold_gain":0.0,"event_name":"Addict","player_choice":"Obtained Relic","floor":25.0,"gold_loss":85.0,"damage_taken":0.0,"relics_obtained":["Eternal Feather"]}],"is_beta":false,"boss_relics":[{"not_picked":["SacredBark","Snecko Eye"],"picked":"SlaversCollar"}],"items_purged_floors":[2,19],"is_endless":false,"potions_floor_spawned":[6,11,12,13,14,18,21,27],"killed_by":"Slavers","ascension_level":4}}