{"host":"rk22m7e0pl8gmih8","time":1609998451,"event":{"mods":["ATMod(°¢èªMod)","Act Like it!","BaseMod","CapriCore","Gensokyo","Minty Spire (QoL Compilation)","Quick Restart","Remove Card Discount Mod","Replay The Spire","Shop Mod","StSLib","Td1madao Mod","The Immortal","UnlockEverythingMod"],"gold_per_floor":[117,17,29,29,44,44,78,78,129,129,144,161,174,202,202,302,302,319,319,420,186,198,228,228,241,241,33,33,33,44,59,59,154,154,168,183,183,114,125,151,151,151,175,175,26,38,38,48,48,48,48,48,46,77,77],"floor_reached":56,"playtime":3704,"items_purged":["MokouMod:Strike","MokouMod:Strike","MokouMod:Strike","MokouMod:Defend","MokouMod:Strike","MokouMod:Strike","MokouMod:Defend","MokouMod:Defend","MokouMod:Defend","Shame","Hallucinations","MokouMod:Firecracker"],"score":1207,"play_id":"4d5ae6e5-151f-45f1-83e5-11a5423aac20","local_time":"20210107134731","is_ascension_mode":false,"campfire_choices":[{"data":"AT_WindFlip","floor":6.0,"key":"SMITH"},{"floor":8.0,"key":"RECALL"},{"data":"MokouMod:IllusoryBattlefield","floor":15.0,"key":"SMITH"},{"data":"MokouMod:BurningHiddenBullet","floor":24.0,"key":"SMITH"},{"data":"MokouMod:ResonanceReactor","floor":29.0,"key":"SMITH"},{"data":"MokouMod:Ventilation","floor":32.0,"key":"SMITH"},{"data":"MokouMod:RisingSunBarrier","floor":41.0,"key":"SMITH"},{"data":"MokouMod:PhoenixForm","floor":47.0,"key":"SMITH"},{"floor":49.0,"key":"REST"},{"data":"MokouMod:RisingSunBarrier","floor":52,"key":"SMITH"}],"circlet_count":0,"master_deck":["MokouMod:HeatSpark","AT_WindFlip+1","MokouMod:BurningDraft+1","MokouMod:Scorch","MokouMod:FlareStarter","MokouMod:Refresh+1","MokouMod:IllusoryBattlefield+1","MokouMod:BurningHiddenBullet+1","MokouMod:Overheat+1","MokouMod:ResonanceReactor+1","MokouMod:SearingBlow+11","MokouMod:GuidingSmoke","MokouMod:RisingSunBarrier+1","MokouMod:FlareStarter","MokouMod:Overheat","MokouMod:Ventilation+1","MokouMod:TemporalFireSeal","MokouMod:Sear+1","CurseOfTheBell","MokouMod:ResonanceReactor+1","MokouMod:RisingSunBarrier+1","Finesse","Gensokyo:MorningStar","ReplayTheSpireMod:Faulty Equipment","MokouMod:PhoenixForm+1"],"relics":["AT_ATBox","Velvet Choker","Gremlin Horn","Pen Nib","Lantern","Cursed Key","Membership Card","Pear","Replay:Baseball","AT_ForceNature","Calling Bell","Bag of Preparation","Gambling Chip","Replay:Bottled Flurry","Anchor","ReplayTheSpireMod:TigerMarble","Replay:Bottled Snecko","Oddly Smooth Stone"],"acts_visited":["Gensokyo:Gensokyo","TheCity","Gensokyo:Gensokyoest","TheEnding"],"potions_floor_usage":[55,55,55],"damage_taken":[{"damage":2.0,"enemies":"Gensokyo:Gryphon","floor":1.0,"turns":3.0},{"damage":0.0,"enemies":"Gensokyo:3_Fairies","floor":3.0,"turns":3.0},{"damage":6.0,"enemies":"Gensokyo:Python","floor":5.0,"turns":3.0},{"damage":14.0,"enemies":"Gensokyo:Mamizou","floor":7.0,"turns":7.0},{"damage":3.0,"enemies":"Gensokyo:VengefulSpirit","floor":11.0,"turns":3.0},{"damage":0.0,"enemies":"Gensokyo:5_Fairies","floor":12.0,"turns":3.0},{"damage":1.0,"enemies":"Gensokyo:CorruptedTreant","floor":13.0,"turns":2.0},{"damage":19.0,"enemies":"Gensokyo:Aya","floor":14.0,"turns":6.0},{"damage":27.0,"enemies":"Gensokyo:Kokoro","floor":16.0,"turns":10.0},{"damage":0.0,"enemies":"Chosen","floor":18.0,"turns":3.0},{"damage":5.0,"enemies":"3 Byrds","floor":22.0,"turns":3.0},{"damage":8.0,"enemies":"Book of Stabbing","floor":23.0,"turns":4.0},{"damage":0.0,"enemies":"Shelled Parasite and Fungi","floor":25.0,"turns":3.0},{"damage":0.0,"enemies":"3 Cultists","floor":30.0,"turns":2.0},{"damage":8.0,"enemies":"Cultist and Chosen","floor":31.0,"turns":4.0},{"damage":21.0,"enemies":"Champ","floor":33.0,"turns":10.0},{"damage":11.0,"enemies":"Gensokyo:AncientGuardian","floor":35.0,"turns":4.0},{"damage":0.0,"enemies":"Gensokyo:3_Bats","floor":36.0,"turns":2.0},{"damage":7.0,"enemies":"Gensokyo:3_Boulders","floor":39.0,"turns":3.0},{"damage":0.0,"enemies":"Gensokyo:Kasen","floor":40.0,"turns":6.0},{"damage":33.0,"enemies":"Gensokyo:Kasen","floor":42.0,"turns":7.0},{"damage":27.0,"enemies":"Gensokyo:AtlasGolem","floor":46.0,"turns":4.0},{"damage":11.0,"enemies":"Gensokyo:Rafflesia","floor":48.0,"turns":5.0},{"damage":27,"enemies":"Gensokyo:Scarlet_Devils","floor":50,"turns":9},{"damage":26,"enemies":"Shield and Spear","floor":54,"turns":5},{"damage":32,"enemies":"The Heart","floor":55,"turns":7}],"seed_played":"-943925629834477701","potions_obtained":[{"floor":3.0,"key":"PowerPotion"},{"floor":7.0,"key":"Energy Potion"},{"floor":13.0,"key":"EssenceOfSteel"},{"floor":14.0,"key":"SteroidPotion"},{"floor":18.0,"key":"Energy Potion"},{"floor":23.0,"key":"DuplicationPotion"},{"floor":30.0,"key":"Venom Potion"},{"floor":35.0,"key":"Toxic Potion"},{"floor":39.0,"key":"Adrenaline Potion"}],"is_trial":false,"path_per_floor":["M","?","M","?","M","R","E","R","T","?","M","M","M","E","R","B",null,"M","?","?","$","M","E","R","M","T","$","?","R","M","M","R","B",null,"M","M","?","$","M","E","R","?","T","?","$","M","R","M","R","B",null,"R","$","E","B",null],"character_chosen":"MKU","items_purchased":["Membership Card","MokouMod:Firecracker","MokouMod:RisingSunBarrier","MokouMod:Ventilation","AT_ForceNature","MokouMod:RisingSunBarrier","Finesse","Replay:Bottled Snecko","Strength Potion"],"campfire_rested":1,"item_purchase_floors":[21,21,21,27,27,38,38,45,45],"current_hp_per_floor":[73,73,73,73,67,67,53,53,53,53,50,50,49,30,30,3,75,75,75,57,57,52,54,54,54,54,54,54,54,54,46,46,25,85,74,74,74,74,67,67,67,67,67,67,67,40,40,29,54,27,85,85,85,59,27],"gold":77,"neow_bonus":"BOSS_RELIC","is_daily":false,"chose_seed":false,"campfire_upgraded":8,"win_rate":0.0,"timestamp":1609998451,"path_taken":["M","?","M","?","M","R","E","R","T","?","M","M","?","E","R","BOSS","M","?","?","?","?","E","R","M","T","$","?","R","M","M","R","BOSS","M","?","?","$","M","E","R","?","T","?","?","?","R","M","R","BOSS","R","$","E","BOSS"],"items_purchased_type":["Relic","Card","Card","Card","Relic","Card","Card","Relic","Potion"],"build_version":"2020-12-22","purchased_purges":12,"victory":true,"max_hp_per_floor":[75,75,75,75,75,75,75,75,75,75,75,75,75,75,75,75,75,75,75,75,75,75,85,85,85,85,85,85,85,85,85,85,85,85,85,85,85,85,85,85,85,85,85,85,85,85,85,85,85,85,85,85,85,85,85],"card_choices":[{"not_picked":["MokouMod:CrimsonArmoury","MokouMod:Singe"],"picked":"MokouMod:BurningDraft","floor":1.0},{"not_picked":["MokouMod:HeatTransfer","MokouMod:UncontrollableSolarReaction","MokouMod:ResoluteFlare"],"picked":"SKIP","floor":3.0},{"not_picked":["MokouMod:Cataclysm","MokouMod:AdaptivePyromancy","MokouMod:Singe"],"picked":"SKIP","floor":5.0},{"not_picked":["MokouMod:HeartofFire","MokouMod:UncontrollableSolarReaction"],"picked":"MokouMod:Scorch","floor":7.0},{"not_picked":["MokouMod:FusionFlare","MokouMod:RoaringFlare"],"picked":"MokouMod:FlareStarter","floor":11.0},{"not_picked":["MokouMod:EternalBurstReactor","MokouMod:Singe","MokouMod:Stoke"],"picked":"SKIP","floor":12.0},{"not_picked":["MokouMod:Scorch","MokouMod:RoaringFlare"],"picked":"MokouMod:Refresh","floor":13.0},{"not_picked":["MokouMod:FlickeringFlame","MokouMod:Wildfire"],"picked":"MokouMod:IllusoryBattlefield","floor":14.0},{"not_picked":["MokouMod:Rekindle","MokouMod:ProfanedFlare"],"picked":"MokouMod:BurningHiddenBullet","floor":16.0},{"not_picked":["MokouMod:SearingShot","MokouMod:FujiyamaVolcano"],"picked":"MokouMod:Overheat+1","floor":18.0},{"not_picked":["MokouMod:AdaptivePyromancy","MokouMod:Stoke"],"picked":"MokouMod:SearingBlow","floor":20.0},{"not_picked":["MokouMod:Singe","MokouMod:Cataclysm"],"picked":"MokouMod:GuidingSmoke","floor":20.0},{"not_picked":["MokouMod:SearingShot+1","MokouMod:Ember+1"],"picked":"MokouMod:FlareStarter","floor":22.0},{"not_picked":["MokouMod:ResoluteFlare","MokouMod:PhoenixFeathers+1"],"picked":"MokouMod:Overheat","floor":23.0},{"not_picked":["MokouMod:Overheat","MokouMod:ScorchingColumn","MokouMod:ExplosiveFlame"],"picked":"SKIP","floor":25.0},{"not_picked":["MokouMod:ScorchedEarth","MokouMod:IgnitionBlast"],"picked":"MokouMod:TemporalFireSeal","floor":30.0},{"not_picked":["MokouMod:TemporalFireSeal","MokouMod:FlareStarter"],"picked":"MokouMod:Sear+1","floor":31.0},{"not_picked":["MokouMod:GuidingSmoke","MokouMod:Ember","MokouMod:IgneousBlow"],"picked":"SKIP","floor":35.0},{"not_picked":["MokouMod:EternalBurstReactor","MokouMod:Ember"],"picked":"MokouMod:ResonanceReactor+1","floor":36.0},{"not_picked":["MokouMod:ScorchedEarth+1","MokouMod:IgnitionBlast+1","MokouMod:Refresh"],"picked":"SKIP","floor":39.0},{"not_picked":["MokouMod:Ember+1","MokouMod:AdaptivePyromancy+1","MokouMod:EternalBurstReactor"],"picked":"SKIP","floor":40.0},{"not_picked":["Gensokyo:LifeSpringInfinity","Gensokyo:RainbowDanmaku"],"picked":"Gensokyo:MorningStar","floor":42.0},{"not_picked":["MokouMod:IcarusDive+1","MokouMod:ResoluteFlare"],"picked":"MokouMod:PhoenixForm","floor":46.0},{"not_picked":["MokouMod:AdaptivePyromancy+1","MokouMod:RoaringFlare","MokouMod:ResonanceReactor+1"],"picked":"SKIP","floor":48.0},{"not_picked":["MokouMod:ThermalPressure+1","MokouMod:UncontrollableSolarReaction+1","MokouMod:ScorchedEarth+1"],"picked":"SKIP","floor":54}],"player_experience":72604,"relics_obtained":[{"floor":7.0,"key":"Pen Nib"},{"floor":14.0,"key":"Lantern"},{"floor":23.0,"key":"Pear"},{"floor":26.0,"key":"Replay:Baseball"},{"floor":34.0,"key":"Bag of Preparation"},{"floor":34.0,"key":"Gambling Chip"},{"floor":34.0,"key":"Replay:Bottled Flurry"},{"floor":40.0,"key":"Anchor"},{"floor":43.0,"key":"ReplayTheSpireMod:TigerMarble"},{"floor":54,"key":"Oddly Smooth Stone"}],"event_choices":[{"damage_healed":0.0,"max_hp_gain":0.0,"max_hp_loss":0.0,"gold_gain":0.0,"event_name":"The Library","player_choice":"Read","floor":19.0,"gold_loss":0.0,"damage_taken":0.0,"cards_obtained":["MokouMod:ResonanceReactor"]},{"damage_healed":0.0,"max_hp_gain":0.0,"max_hp_loss":0.0,"gold_gain":0.0,"event_name":"Purifier","player_choice":"Ignored","floor":28.0,"gold_loss":0.0,"damage_taken":0.0}],"is_beta":false,"boss_relics":[{"not_picked":["Replay:Wanted Poster","Sozu"],"picked":"Cursed Key"},{"not_picked":["Honey Jar","SacredBark"],"picked":"Calling Bell"}],"items_purged_floors":[21,21,21,21,21,21,21,27,27,27,38,53],"is_endless":false,"potions_floor_spawned":[3,7,13,14,18,23,30,31,35,39,46,48],"ascension_level":0}}