{"host":"p9c4qzklcm73s90n","time":1609988389,"event":{"mods":["Arknights The Spire","Aspiration","BaseMod","Dota2Spire","Minty Spire (QoL Compilation)","MostiFishMod","Replay The Spire","StSLib"],"gold_per_floor":[109,109,119,119,44,75,75,85,131,131,166,184,259,274,274,378,378,397,397,407,435,454,44,44,44,44,44,44,59,91,68,68,165,165,184,184,199,199,54,54,69,93,93,108,127,127,127],"floor_reached":46,"playtime":1696,"items_purged":["Injury"],"score":498,"play_id":"18e5252b-d2be-4095-8782-b022ed18458a","local_time":"20210107105949","is_ascension_mode":false,"campfire_choices":[{"data":"ats:Consecutive Shot Auto","floor":10,"key":"SMITH"},{"floor":15,"key":"REST"},{"floor":25,"key":"REST"},{"floor":27,"key":"RECALL"},{"data":"ats:Soul Absorption","floor":32,"key":"SMITH"},{"data":"MostiFishMod:RacingGame","floor":40,"key":"SMITH"}],"circlet_count":0,"master_deck":["ats:Strike C","ats:Strike G+1","ats:Strike V","ats:Armor Crushing Shot","ats:Defend","ats:Defend+1","ats:Defend","ats:Defend","ats:Emotion Absorption","ats:Spore Proliferation","ats:Consecutive Shot Auto+1","ats:Apocalypse+1","ats:Soul Absorption+1","Secret Weapon","Thunderclap+1","ats:Cat Scratch","Hallucinations","ats:Leaping Hammer","MostiFishMod:RacingGame+1","ats:Powerful Strike+1","ats:Hammer On","ats:Thermite Blade+1","ats:Apocalypse"],"relics":["ats:Sanity","DaveBox","NeowsBlessing","ShadowXiaoBlade","SynthV:TestCard","PrismaticShard","ats:Originium","Dota2Spire:ShadowBlade","Gremlin Food","Strawberry","RhineSuit","Red Mask","ReplayTheSpireMod:Shallot","Strange Spoon","Ring of Fury","Ring of Fangs","Replay:Wax Seal","Dota2Spire:Bloodstone","SynthV","ats:Rhine Circuitry","aspiration:Lifesprig"],"acts_visited":["Exordium","TheCity","TheBeyond"],"potions_floor_usage":[16,33],"damage_taken":[{"damage":0,"enemies":"Jaw Worm","floor":1,"turns":1},{"damage":0,"enemies":"2 Louse","floor":3,"turns":1},{"damage":0,"enemies":"Lagavulin","floor":6,"turns":1},{"damage":0,"enemies":"Cultist","floor":8,"turns":2},{"damage":12,"enemies":"3 Sentries","floor":11,"turns":4},{"damage":0,"enemies":"2 Fungi Beasts","floor":12,"turns":2},{"damage":23,"enemies":"Lots of Slimes","floor":14,"turns":4},{"damage":24,"enemies":"Hexaghost","floor":16,"turns":6},{"damage":6,"enemies":"2 Thieves","floor":18,"turns":2},{"damage":2,"enemies":"3 Byrds","floor":20,"turns":4},{"damage":7,"enemies":"Masked Bandits","floor":21,"turns":3},{"damage":15,"enemies":"Snake Plant","floor":22,"turns":2},{"damage":7,"enemies":"Snecko","floor":29,"turns":4},{"damage":3,"enemies":"Replay:Snechameleon","floor":30,"turns":4},{"damage":16,"enemies":"Automaton","floor":33,"turns":6},{"damage":7,"enemies":"3 Darklings","floor":35,"turns":4},{"damage":0,"enemies":"Orb Walker","floor":37,"turns":2},{"damage":17,"enemies":"Sphere and 2 Shapes","floor":41,"turns":2},{"damage":0,"enemies":"3 Darklings","floor":44,"turns":2},{"damage":0,"enemies":"4 Shapes","floor":45,"turns":2},{"damage":67,"enemies":"Reptomancer","floor":46,"turns":2}],"seed_played":"1168086254614970928","potions_obtained":[{"floor":6,"key":"BlessingOfTheForge"},{"floor":8,"key":"Toxic Potion"},{"floor":14,"key":"SteroidPotion"},{"floor":20,"key":"SpeedPotion"},{"floor":22,"key":"Fire Potion"},{"floor":33,"key":"BlessingOfTheForge"},{"floor":36,"key":"PowerPotion"},{"floor":36,"key":"ats:Emergency Sanity Potion"}],"is_trial":false,"path_per_floor":["M","?","M","?","$","E","$","M","T","R","E","M","?","M","R","B",null,"M","?","M","?","M","$","?","R","T","R","?","M","E","$","R","B",null,"M","?","M","?","$","R","M","T","T","M","M","E"],"character_chosen":"DOCTOR_CLASS","items_purchased":["ReplayTheSpireMod:Shallot","Strange Spoon","ats:Leaping Hammer","SynthV"],"campfire_rested":2,"item_purchase_floors":[23,23,31,39],"current_hp_per_floor":[72,72,72,72,72,72,72,72,72,72,67,67,56,37,60,51,79,78,78,79,72,62,62,62,79,79,79,79,77,79,79,79,73,79,72,72,72,72,72,72,60,60,60,65,65,0,0],"gold":127,"neow_bonus":"THREE_ENEMY_KILL","is_daily":false,"chose_seed":false,"campfire_upgraded":3,"win_rate":0.0,"timestamp":1609988389,"path_taken":["M","?","M","?","$","E","?","?","T","R","E","M","?","M","R","BOSS","M","?","?","?","M","?","?","R","T","R","?","M","E","$","R","BOSS","M","?","?","?","$","R","M","?","T","M","?","E"],"items_purchased_type":["Relic","Relic","Card","Relic"],"build_version":"2020-12-22","purchased_purges":1,"victory":false,"max_hp_per_floor":[72,72,72,72,72,72,72,72,72,72,79,79,79,79,79,79,79,79,79,79,79,79,79,79,79,79,79,79,79,79,79,79,79,79,79,79,79,79,79,79,79,79,79,79,79,79,79],"card_choices":[{"not_picked":["ats:Cat Scratch","ats:Shell Defense"],"picked":"ats:Spore Proliferation","floor":1},{"not_picked":["ats:Ignite","ats:Revitalization","ats:Poison Spread","ats:Chain Hook"],"picked":"ats:Consecutive Shot Auto","floor":3},{"not_picked":["Perfected Strike","Dodge and Roll","Go for the Eyes","MostiFishMod:GatherIntelligence","Dagger Throw"],"picked":"SKIP","floor":6},{"not_picked":["Entrench","Streamline","Disarm","Dagger Throw","Chaos"],"picked":"SKIP","floor":8},{"not_picked":["Glacier","Replay:AllIn","Rupture","Good Instincts","FlyingSleeves"],"picked":"SKIP","floor":11},{"not_picked":["ReplayTheSpireMod:Stacked","ats:Curse Doll","Intimidate","ats:Shadow Raid"],"picked":"ats:Apocalypse","floor":12},{"not_picked":["CrushJoints","ReplayGash","ats:Curse Doll","Replay:AtTheReady"],"picked":"ats:Soul Absorption","floor":14},{"not_picked":["Glass Knife","MostiFishMod:Awakening","Mayhem","Vault"],"picked":"Secret Weapon","floor":16},{"not_picked":["Replay:BluntJabs","Conserve Battery+1","Dodge and Roll","Capacitor"],"picked":"Thunderclap+1","floor":18},{"not_picked":["ats:Volcano","ThirdEye","Replay:ManipulateFuture","Halt"],"picked":"ats:Cat Scratch","floor":20},{"not_picked":["ReplayTheSpireMod:Strike From Hell","Gash","Calculated Gamble+1","Tempest","Warcry+1"],"picked":"SKIP","floor":22},{"not_picked":["Iron Wave","Intimidate","Replay:AtTheReady+1","ThirdEye","Replay:ManipulateFuture"],"picked":"SKIP","floor":29},{"not_picked":["MostiFishMod:LegendTransform","EmptyFist+1","Swift Strike+1","MostiFishMod:GoodWordForIt","Bouncing Flask"],"picked":"SKIP","floor":30},{"not_picked":["MostiFishMod:Tomorrow","MostiFishMod:FullyArmed","MostiFishMod:Moonprays","Envenom"],"picked":"MostiFishMod:RacingGame","floor":33},{"not_picked":["Leap","Evaluate+1","Replay:AtTheReady+1","Replay:ManipulateFuture","Swivel+1"],"picked":"SKIP","floor":35},{"not_picked":["Evaluate","Replay:BluntJabs+1","Prostrate","ats:Curse Doll+1"],"picked":"ats:Powerful Strike+1","floor":37},{"not_picked":["Skim","Replay:Anticipation","ClearTheMind+1","Defragment+1"],"picked":"ats:Hammer On","floor":41},{"not_picked":["Recycle","MostiFishMod:Overload","FTL+1","Replay:Undeath\u0027s Touch"],"picked":"ats:Thermite Blade+1","floor":44},{"not_picked":["EmptyFist","ClearTheMind","Backflip","Clothesline+1"],"picked":"ats:Apocalypse","floor":45}],"player_experience":47474,"relics_obtained":[{"floor":1,"key":"SynthV:TestCard"},{"floor":6,"key":"ats:Originium"},{"floor":6,"key":"Dota2Spire:ShadowBlade"},{"floor":9,"key":"Gremlin Food"},{"floor":11,"key":"ats:Originium"},{"floor":11,"key":"Strawberry"},{"floor":21,"key":"Red Mask"},{"floor":24,"key":"Ring of Fury"},{"floor":24,"key":"Ring of Fangs"},{"floor":30,"key":"ats:Originium"},{"floor":30,"key":"Replay:Wax Seal"},{"floor":42,"key":"ats:Rhine Circuitry"},{"floor":43,"key":"aspiration:Lifesprig"}],"event_choices":[{"damage_healed":0,"gold_gain":75,"player_choice":"Gather Gold","damage_taken":11,"max_hp_gain":0,"max_hp_loss":0,"event_name":"World of Goop","floor":13,"gold_loss":0},{"damage_healed":0,"gold_gain":0,"player_choice":"Ignored","damage_taken":0,"max_hp_gain":0,"max_hp_loss":0,"event_name":"NoteForYourself","floor":19,"gold_loss":0},{"damage_healed":0,"gold_gain":0,"player_choice":"Fought Bandits","damage_taken":0,"max_hp_gain":0,"max_hp_loss":0,"event_name":"Masked Bandits","floor":21,"gold_loss":0},{"damage_healed":0,"gold_gain":0,"player_choice":"Got Potions","damage_taken":0,"max_hp_gain":0,"max_hp_loss":0,"event_name":"Lab","floor":36,"gold_loss":0},{"cards_removed":["ats:Strike S"],"damage_healed":0,"gold_gain":0,"player_choice":"Removed Attack","damage_taken":0,"max_hp_gain":0,"max_hp_loss":0,"event_name":"Falling","floor":38,"gold_loss":0}],"is_beta":false,"boss_relics":[{"not_picked":["BloodWine","aspiration:RitualDagger"],"picked":"RhineSuit"},{"not_picked":["Kintsugi","Transparent"],"picked":"Dota2Spire:Bloodstone"}],"items_purged_floors":[5],"is_endless":false,"potions_floor_spawned":[6,8,14,20,22,33,45],"killed_by":"Reptomancer","ascension_level":0}}