{"host":"Qube","time":1609988900,"event":{"mods":["AchievementEnabler","BaseMod","Colored Map","Colored Powertips","Minty Spire (QoL Compilation)","Quick Restart","Random Character Button","StSLib"],"gold_per_floor":[118,118,193,193,7,19,19,54,66,105,133,161,173,195,207,219,219],"floor_reached":16,"playtime":590,"items_purged":[],"score":250,"play_id":"e07b790e-79b9-45f0-9866-5e7968ea266c","local_time":"20210106190820","is_ascension_mode":true,"campfire_choices":[{"floor":7,"key":"REST"},{"data":"The Bomb","floor":13,"key":"SMITH"},{"floor":15,"key":"REST"}],"circlet_count":0,"master_deck":["AscendersBane","Strike_G","Strike_G","Strike_G","Strike_G","Strike_G","Defend_G","Defend_G","Defend_G","Defend_G","Survivor","Neutralize","Dodge and Roll","The Bomb+1","Dash","Backflip","Blade Dance","Glass Knife","Deadly Poison","Infinite Blades"],"relics":["Ring of the Snake","NeowsBlessing","InkBottle","MawBank","Happy Flower","Bronze Scales"],"acts_visited":["Exordium"],"potions_floor_usage":[10],"damage_taken":[{"damage":0,"enemies":"Jaw Worm","floor":1,"turns":1},{"damage":0,"enemies":"2 Louse","floor":6,"turns":1},{"damage":0,"enemies":"Gremlin Nob","floor":8,"turns":1},{"damage":16,"enemies":"Lagavulin","floor":10,"turns":6},{"damage":0,"enemies":"Cultist","floor":11,"turns":3},{"damage":2,"enemies":"Lots of Slimes","floor":12,"turns":4},{"damage":10,"enemies":"Exordium Thugs","floor":14,"turns":5},{"damage":14,"enemies":"Hexaghost","floor":16,"turns":7}],"seed_played":"-6022467603300370866","potions_obtained":[{"floor":1,"key":"CunningPotion"},{"floor":6,"key":"FairyPotion"},{"floor":12,"key":"Energy Potion"}],"is_trial":false,"path_per_floor":["M","?","?","?","$","M","R","E","T","E","M","M","R","M","R","B"],"character_chosen":"THE_SILENT","items_purchased":["The Bomb"],"campfire_rested":2,"item_purchase_floors":[5],"current_hp_per_floor":[59,33,22,15,15,15,34,34,34,18,18,16,16,6,25,11,11],"gold":219,"neow_bonus":"THREE_ENEMY_KILL","is_daily":false,"chose_seed":false,"campfire_upgraded":1,"win_rate":0.0,"timestamp":1609988900,"path_taken":["M","?","?","?","?","M","R","E","T","E","M","M","R","M","R","BOSS"],"items_purchased_type":["Card"],"build_version":"2020-12-18","purchased_purges":0,"victory":false,"max_hp_per_floor":[66,66,66,66,66,66,66,66,66,66,66,66,66,66,66,66,66],"card_choices":[{"not_picked":["Flying Knee","Quick Slash"],"picked":"Dodge and Roll","floor":1},{"not_picked":["Blade Dance","Accuracy"],"picked":"Dash","floor":6},{"not_picked":["Cloak And Dagger","Distraction"],"picked":"Backflip","floor":8},{"not_picked":["Well Laid Plans","Dagger Spray"],"picked":"Blade Dance","floor":10},{"not_picked":["Expertise","Dagger Throw"],"picked":"Glass Knife","floor":11},{"not_picked":["Outmaneuver","Deflect"],"picked":"Deadly Poison","floor":12},{"not_picked":["Backflip","Deadly Poison"],"picked":"Infinite Blades","floor":14}],"player_experience":837018,"relics_obtained":[{"floor":8,"key":"MawBank"},{"floor":9,"key":"Happy Flower"},{"floor":10,"key":"Bronze Scales"}],"event_choices":[{"damage_healed":0,"gold_gain":0,"player_choice":"Success","damage_taken":26,"relics_obtained":["InkBottle"],"max_hp_gain":0,"max_hp_loss":0,"event_name":"Scrap Ooze","floor":2,"gold_loss":0},{"damage_healed":0,"gold_gain":75,"player_choice":"Gather Gold","damage_taken":11,"max_hp_gain":0,"max_hp_loss":0,"event_name":"World of Goop","floor":3,"gold_loss":0},{"cards_removed":["Defend_G"],"damage_healed":0,"gold_gain":0,"player_choice":"Card Removal","damage_taken":7,"max_hp_gain":0,"max_hp_loss":0,"event_name":"Golden Wing","floor":4,"gold_loss":0}],"is_beta":true,"boss_relics":[],"items_purged_floors":[],"is_endless":false,"potions_floor_spawned":[1,6,12],"killed_by":"Hexaghost","ascension_level":17}}