{"host":"5jzx1090woovszu4","time":1609995841,"event":{"mods":["Arknights The Spire","BaseMod","Minty Spire (QoL Compilation)","Robot Space Explorer","Spicy Shops","StSLib","The Dragon Tamer"],"gold_per_floor":[110,110,125,138,138,138,172,172,172,184,32,50,81,81,81,185,185,196,216,216,231,23,23,23,48,71,71,71,88,88,7,7,105,155,172,172,172,172,172],"floor_reached":37,"playtime":4500,"items_purged":[],"score":546,"play_id":"32052adc-53fa-4182-8894-02de20d838d2","local_time":"20210107060401","is_ascension_mode":true,"metric_token":467,"campfire_choices":[{"data":"DTMod:MagiciansMark","floor":6,"key":"SMITH"},{"floor":8,"key":"REST"},{"data":"DTMod:BurningForce","floor":15,"key":"SMITH"},{"data":"DTMod:SealedStrike","floor":23,"key":"SMITH"},{"data":"DTMod:SealedStrike+1","floor":28,"key":"SMITH"},{"data":"DTMod:SealedStrike+2","floor":30,"key":"SMITH"},{"floor":32,"key":"REST"}],"dtmod_dragon_data":[0,56,0,1,12,9],"circlet_count":0,"master_deck":["DTMod:Strike","DTMod:Strike","DTMod:Strike","DTMod:DoubleHit","DTMod:TargetDefense","DTMod:TargetDefense","DTMod:TargetDefense","DTMod:TargetDefense","DTMod:SwitchingTactic","DTMod:BurningEnergy","DTMod:MasterPlan","DTMod:MagiciansMark+1","DTMod:CleansingStrike","DTMod:Training","DTMod:BlazingStrike","DTMod:ForkedFire","DTMod:Dissolve","DTMod:CleansingStrike","DTMod:BurningForce+1","DTMod:SealedStrike+3","DTMod:MagiciansMark+1","DTMod:TagTeam+1","DTMod:DeepFocus","DTMod:BlazingStrike","DTMod:DragonDance","DTMod:BlueScale","DTMod:LightShield","DTMod:MasterPlan+1","DTMod:Multitask","Madness","Madness"],"relics":["DTMod:PactStone","Thread and Needle","Gambling Chip","DTMod:SwitchButton","Dream Catcher","Black Star","InkBottle","Nunchaku","Omamori","Tiny House"],"acts_visited":["Exordium","TheCity","TheBeyond"],"potions_floor_usage":[7,13,16,21,25,29,37,37],"damage_taken":[{"damage":0,"enemies":"Cultist","floor":1,"turns":5},{"damage":0,"enemies":"2 Louse","floor":3,"turns":4},{"damage":1,"enemies":"Jaw Worm","floor":4,"turns":3},{"damage":0,"enemies":"Gremlin Nob","floor":7,"turns":4},{"damage":2,"enemies":"Red Slaver","floor":10,"turns":2},{"damage":0,"enemies":"3 Louse","floor":12,"turns":2},{"damage":0,"enemies":"3 Sentries","floor":13,"turns":5},{"damage":2,"enemies":"Hexaghost","floor":16,"turns":9},{"damage":0,"enemies":"Spheric Guardian","floor":18,"turns":3},{"damage":0,"enemies":"3 Byrds","floor":19,"turns":5},{"damage":3,"enemies":"Shelled Parasite and Fungi","floor":21,"turns":4},{"damage":13,"enemies":"Slavers","floor":25,"turns":4},{"damage":0,"enemies":"Snake Plant","floor":29,"turns":1},{"damage":0,"enemies":"Champ","floor":33,"turns":13},{"damage":6,"enemies":"3 Darklings","floor":35,"turns":8},{"damage":65,"enemies":"2 Orb Walkers","floor":37,"turns":7}],"seed_played":"5369496943480382072","potions_obtained":[{"floor":4,"key":"FearPotion"},{"floor":5,"key":"Fire Potion"},{"floor":5,"key":"SkillPotion"},{"floor":7,"key":"LiquidMemories"},{"floor":16,"key":"DuplicationPotion"},{"floor":19,"key":"PowerPotion"},{"floor":33,"key":"SkillPotion"},{"floor":35,"key":"BlessingOfTheForge"}],"is_trial":false,"path_per_floor":["M","?","M","M","?","R","E","R","T","M","$","M","E","?","R","B",null,"M","M","?","M","$","R","?","E","T","$","R","M","R","$","R","B",null,"M","?","?"],"character_chosen":"THE_DT","items_purchased":["DTMod:SwitchButton","DTMod:DeepFocus","DTMod:BlazingStrike","DTMod:LightShield"],"campfire_rested":2,"item_purchase_floors":[11,22,22,31],"current_hp_per_floor":[45,45,45,44,44,44,44,45,45,43,43,43,43,43,43,41,45,45,45,45,42,42,42,42,29,29,29,29,29,29,29,42,42,50,44,38,0,0,0],"gold":172,"neow_bonus":"THREE_CARDS","is_daily":false,"chose_seed":false,"campfire_upgraded":5,"win_rate":0.0,"timestamp":1609995841,"path_taken":["M","?","M","M","?","R","E","R","T","M","$","?","E","?","R","BOSS","M","?","?","?","?","R","?","E","T","?","R","?","R","$","R","BOSS","M","?","?"],"items_purchased_type":["Relic","Card","Card","Card"],"build_version":"2020-12-22","purchased_purges":0,"victory":false,"max_hp_per_floor":[45,45,45,45,45,45,45,45,45,45,45,45,45,45,45,45,45,45,45,45,45,45,45,45,45,45,45,45,45,45,45,45,45,50,50,50,50,50,50],"card_choices":[{"not_picked":["DTMod:GhostSkin","DTMod:BizarreTactic"],"picked":"DTMod:BurningEnergy","floor":0},{"not_picked":["DTMod:ShieldDrain","DTMod:BurningEnergy"],"picked":"DTMod:MasterPlan","floor":1},{"not_picked":["DTMod:QuickFly","DTMod:Shift"],"picked":"DTMod:CleansingStrike","floor":3},{"not_picked":["DTMod:BuildUp","DTMod:BreakAttack"],"picked":"DTMod:Training","floor":4},{"not_picked":["DTMod:Punisher","DTMod:Cover"],"picked":"DTMod:BlazingStrike","floor":7},{"not_picked":["DTMod:CalculatedDefense","DTMod:Prediction"],"picked":"DTMod:ForkedFire","floor":10},{"not_picked":["DTMod:ShieldDrain","DTMod:HeatWave"],"picked":"DTMod:Dissolve","floor":12},{"not_picked":["DTMod:Weaken","DTMod:HeatWave"],"picked":"DTMod:CleansingStrike","floor":13},{"not_picked":["DTMod:Prediction","DTMod:Harmonize"],"picked":"DTMod:SealedStrike","floor":16},{"not_picked":["DTMod:Weaken","DTMod:FlameSlash+1"],"picked":"DTMod:MagiciansMark","floor":18},{"not_picked":["DTMod:ComboAttack","DTMod:Cover"],"picked":"DTMod:TagTeam+1","floor":19},{"not_picked":["DTMod:Astonish","DTMod:ComboAttack+1","DTMod:ForkedFire"],"picked":"SKIP","floor":21},{"not_picked":["DTMod:FlameSlash","DTMod:ComboAttack"],"picked":"DTMod:DragonDance","floor":25},{"not_picked":["DTMod:BlazingStrike","DTMod:Conduct"],"picked":"DTMod:BlueScale","floor":29},{"not_picked":["DTMod:QuickFly","DTMod:SneakAttack"],"picked":"DTMod:MasterPlan+1","floor":32},{"not_picked":["DTMod:Outburst","DTMod:Harmonize"],"picked":"DTMod:Multitask","floor":33},{"not_picked":["DTMod:Feint","DTMod:Threaten+1","DTMod:FlameSlash"],"picked":"SKIP","floor":35}],"player_experience":610202,"relics_obtained":[{"floor":7,"key":"Thread and Needle"},{"floor":9,"key":"Gambling Chip"},{"floor":13,"key":"Dream Catcher"},{"floor":25,"key":"InkBottle"},{"floor":25,"key":"Nunchaku"},{"floor":26,"key":"Omamori"}],"event_choices":[{"damage_healed":0,"gold_gain":0,"cards_transformed":["DTMod:Strike"],"player_choice":"Change","damage_taken":0,"max_hp_gain":0,"max_hp_loss":0,"event_name":"Living Wall","floor":2,"gold_loss":0,"cards_obtained":["DTMod:MagiciansMark"]},{"damage_healed":0,"gold_gain":0,"player_choice":"Got Potions","damage_taken":0,"max_hp_gain":0,"max_hp_loss":0,"event_name":"Lab","floor":5,"gold_loss":0},{"damage_healed":0,"gold_gain":0,"player_choice":"1 cards matched","damage_taken":0,"max_hp_gain":0,"max_hp_loss":0,"event_name":"Match and Keep!","floor":14,"gold_loss":0,"cards_obtained":["DTMod:BurningForce"]},{"damage_healed":0,"gold_gain":0,"player_choice":"Bought 0 Potions","damage_taken":0,"max_hp_gain":0,"max_hp_loss":0,"event_name":"The Woman in Blue","floor":20,"gold_loss":0},{"damage_healed":0,"gold_gain":0,"player_choice":"Ignored","damage_taken":0,"max_hp_gain":0,"max_hp_loss":0,"event_name":"Vampires","floor":24,"gold_loss":0},{"damage_healed":0,"gold_gain":0,"player_choice":"Embrace Madness","damage_taken":6,"max_hp_gain":0,"max_hp_loss":0,"event_name":"Winding Halls","floor":36,"gold_loss":0,"cards_obtained":["Madness","Madness"]},{"damage_healed":0,"gold_gain":0,"player_choice":"Fight","damage_taken":0,"max_hp_gain":0,"max_hp_loss":0,"event_name":"Mysterious Sphere","floor":37,"gold_loss":0}],"is_beta":false,"boss_relics":[{"not_picked":["Calling Bell","Fusion Hammer"],"picked":"Black Star"},{"not_picked":["Astrolabe","Coffee Dripper"],"picked":"Tiny House"}],"items_purged_floors":[],"is_endless":false,"potions_floor_spawned":[4,7,10,12,16,19,33,35],"killed_by":"2 Orb Walkers","ascension_level":1}}