{"host":"8i4doyxqctgl5qb0","time":1609993115,"event":{"mods":["AchievementEnabler","BaseMod","Block Reminder","Colored Powertips","Downfall","Marisa£®ÏF”Í°°ƒß¿Ì…≥£©","Minty Spire (QoL Compilation)","Permanent Neow","Potion Indicator Mod","Rare Cards Sparkle","StSLib","SuperFastMode"],"gold_per_floor":[109,122,122,122,72,72,100,100,127,127,147,147,171,171,171,269,269,286,306,306,231,37,37,63,63,89,89,109,109,121,138,138,235,235,255,272,272,272,322,353,77,77,77,77,77,102,102,121,121,121,121,121,21,55,55],"floor_reached":56,"playtime":2339,"items_purged":["Pain","Wraith"],"score":1217,"play_id":"11b4dd96-58be-4748-a6e2-695072e803d5","local_time":"20210107121835","is_ascension_mode":false,"campfire_choices":[{"data":"Juggernaut","floor":6.0,"key":"SMITH"},{"floor":8.0,"key":"RECALL"},{"data":"Juggernaut","floor":10.0,"key":"SMITH"},{"floor":12.0,"key":"REST"},{"floor":15.0,"key":"REST"},{"data":"J.A.X.","floor":23.0,"key":"SMITH"},{"floor":27.0,"key":"REST"},{"floor":32.0,"key":"REST"},{"floor":45.0,"key":"REST"},{"data":"Barricade","floor":47.0,"key":"SMITH"},{"floor":49.0,"key":"REST"},{"data":"Transmutation","floor":52.0,"key":"SMITH"}],"circlet_count":0,"master_deck":["Strike_R","Strike_R","Defend_R","Defend_R","Defend_R","Bash","Armaments","Perfected Strike+1","Juggernaut+1","Juggernaut+1","True Grit+1","Inflame","Impervious","Bloodletting","J.A.X.+1","True Grit","Dark Embrace","Ghostly Armor","Feel No Pain+1","Barricade+1","Armaments+1","expansioncontent:Corrupt","Transmutation+1","Iron Wave+1","Dark Embrace+1","Shrug It Off","expansioncontent:Corrupt","Madness","Madness","True Grit","Flame Barrier","Blood for Blood"],"relics":["Burning Blood","Juzu Bracelet","Turnip","Ancient Tea Set","Odd Mushroom","Philosopher\u0027s Stone","PreservedInsect","Sundial","WarpedTongs","Bag of Preparation","Enchiridion","Runic Pyramid","Ice Cream","Ornamental Fan","White Beast Statue","Centennial Puzzle"],"acts_visited":["Exordium","TheCity","TheBeyond","TheEnding"],"potions_floor_usage":[55,55],"damage_taken":[{"damage":6.0,"enemies":"Cultist","floor":1.0,"turns":3.0},{"damage":0.0,"enemies":"2 Louse","floor":2.0,"turns":3.0},{"damage":41.0,"enemies":"Lagavulin","floor":7.0,"turns":8.0},{"damage":6.0,"enemies":"Jaw Worm","floor":11.0,"turns":2.0},{"damage":20.0,"enemies":"The Mushroom Lair","floor":13.0,"turns":7.0},{"damage":32.0,"enemies":"The Guardian","floor":16.0,"turns":10.0},{"damage":6.0,"enemies":"Shell Parasite","floor":18.0,"turns":4.0},{"damage":12.0,"enemies":"3 Byrds","floor":19.0,"turns":5.0},{"damage":41.0,"enemies":"Slavers","floor":24.0,"turns":5.0},{"damage":23.0,"enemies":"Sentry and Sphere","floor":28.0,"turns":5.0},{"damage":1.0,"enemies":"Snake Plant","floor":30.0,"turns":4.0},{"damage":17.0,"enemies":"Cultist and Chosen","floor":31.0,"turns":4.0},{"damage":24.0,"enemies":"Champ","floor":33.0,"turns":12.0},{"damage":6.0,"enemies":"3 Shapes","floor":35.0,"turns":4.0},{"damage":24.0,"enemies":"Orb Walker","floor":36.0,"turns":5.0},{"damage":8.0,"enemies":"Mind Bloom Boss Battle","floor":39.0,"turns":8.0},{"damage":8.0,"enemies":"Giant Head","floor":40.0,"turns":8.0},{"damage":22.0,"enemies":"Nemesis","floor":46.0,"turns":5.0},{"damage":3.0,"enemies":"Spire Growth","floor":48.0,"turns":6.0},{"damage":33.0,"enemies":"Donu and Deca","floor":50.0,"turns":8.0},{"damage":70.0,"enemies":"Shield and Spear","floor":54.0,"turns":9.0},{"damage":81,"enemies":"The Heart","floor":55,"turns":10}],"seed_played":"4808449748554925358","potions_obtained":[{"floor":2.0,"key":"FairyPotion"},{"floor":11.0,"key":"FearPotion"},{"floor":13.0,"key":"Swift Potion"},{"floor":16.0,"key":"Fire Potion"},{"floor":30.0,"key":"EntropicBrew"},{"floor":33.0,"key":"Guardian:BlockOnCardUsePotion"},{"floor":40.0,"key":"ElixirPotion"},{"floor":46.0,"key":"BloodPotion"},{"floor":54.0,"key":"Energy Potion"}],"is_trial":false,"path_per_floor":["M","M","?","?","?","R","E","R","T","R","M","R","?","?","R","B",null,"M","M","?","?","$","R","E","?","T","R","M","?","M","M","R","B",null,"M","M","?","?","?","E","$","?","T","?","R","E","R","M","R","B",null,"R","$","E","B",null],"character_chosen":"IRONCLAD","items_purchased":["PreservedInsect","True Grit","Shrug It Off","expansioncontent:Corrupt"],"campfire_rested":6,"item_purchase_floors":[22,22,41,41],"current_hp_per_floor":[80,80,80,80,80,80,45,45,45,45,45,69,55,39,63,37,80,80,74,74,74,74,74,39,39,39,63,46,30,35,24,48,30,80,80,62,57,57,55,53,53,43,43,43,67,51,51,54,78,51,80,80,80,16,15],"gold":55,"neow_bonus":"RANDOM_COMMON_RELIC","is_daily":false,"chose_seed":false,"campfire_upgraded":5,"win_rate":0.0,"timestamp":1609993115,"path_taken":["M","M","?","?","?","R","E","R","T","R","M","R","?","?","R","BOSS","M","M","?","?","$","R","E","?","T","R","M","?","M","M","R","BOSS","M","M","?","?","?","E","$","?","T","?","R","E","R","M","R","BOSS","R","$","E","BOSS"],"items_purchased_type":["Relic","Card","Card","Card"],"build_version":"2020-12-22","purchased_purges":2,"victory":true,"max_hp_per_floor":[80,80,80,80,80,80,80,80,80,80,80,80,80,80,80,80,80,80,80,80,80,80,80,80,80,80,80,80,80,80,80,80,80,80,80,80,80,80,80,80,80,80,80,80,80,80,80,80,80,80,80,80,80,80,80],"card_choices":[{"not_picked":["Warcry","Dropkick"],"picked":"Armaments","floor":1.0},{"not_picked":["Sentinel","Heavy Blade"],"picked":"Perfected Strike","floor":2.0},{"not_picked":["Flame Barrier","Shrug It Off"],"picked":"Juggernaut","floor":7.0},{"not_picked":["Perfected Strike","Wild Strike"],"picked":"True Grit","floor":11.0},{"not_picked":["True Grit","Rage"],"picked":"Inflame","floor":13.0},{"not_picked":["Offering","Immolate"],"picked":"Impervious","floor":16.0},{"not_picked":["Clothesline+1","Carnage","Pummel"],"picked":"SKIP","floor":18.0},{"not_picked":["Pummel","Sword Boomerang"],"picked":"Bloodletting","floor":19.0},{"not_picked":["Anger+1","True Grit+1"],"picked":"Whirlwind","floor":24.0},{"not_picked":["Rupture","True Grit+1"],"picked":"Dark Embrace","floor":28.0},{"not_picked":["Warcry","Carnage+1"],"picked":"Ghostly Armor","floor":30.0},{"not_picked":["Intimidate","True Grit"],"picked":"Feel No Pain+1","floor":31.0},{"not_picked":["Bludgeon","Corruption"],"picked":"Barricade","floor":33.0},{"not_picked":["Carnage+1","Pommel Strike","Anger"],"picked":"SKIP","floor":35.0},{"not_picked":["Feel No Pain","Twin Strike"],"picked":"Armaments+1","floor":36.0},{"not_picked":["Forethought","Purity"],"picked":"expansioncontent:Corrupt","floor":37.0},{"not_picked":["expansioncontent:Sear","Good Instincts"],"picked":"Transmutation","floor":37.0},{"not_picked":["Anger+1","Pommel Strike+1"],"picked":"Iron Wave+1","floor":39.0},{"not_picked":["Pommel Strike+1","Bludgeon"],"picked":"Dark Embrace+1","floor":40.0},{"not_picked":["Anger+1","Barricade"],"picked":"True Grit","floor":46.0},{"not_picked":["Clothesline","Sword Boomerang"],"picked":"Flame Barrier","floor":48.0},{"not_picked":["Hemokinesis","Anger+1"],"picked":"Blood for Blood","floor":54.0}],"player_experience":107908,"relics_obtained":[{"floor":7.0,"key":"Turnip"},{"floor":9.0,"key":"Ancient Tea Set"},{"floor":13.0,"key":"Odd Mushroom"},{"floor":24.0,"key":"Sundial"},{"floor":26.0,"key":"Bag of Preparation"},{"floor":29.0,"key":"Enchiridion"},{"floor":39.0,"key":"Ice Cream"},{"floor":40.0,"key":"Ornamental Fan"},{"floor":46.0,"key":"White Beast Statue"},{"floor":54.0,"key":"Centennial Puzzle"}],"event_choices":[{"damage_healed":0.0,"max_hp_gain":0.0,"max_hp_loss":0.0,"gold_gain":0.0,"cards_transformed":["Strike_R"],"event_name":"Living Wall","player_choice":"Change","floor":3.0,"gold_loss":0.0,"damage_taken":0.0,"cards_obtained":["Juggernaut"]},{"cards_removed":["Strike_R"],"damage_healed":0.0,"max_hp_gain":0.0,"max_hp_loss":0.0,"gold_gain":0.0,"event_name":"Purifier","player_choice":"Purged","floor":4.0,"gold_loss":0.0,"damage_taken":0.0},{"cards_removed":["Defend_R"],"damage_healed":0.0,"max_hp_gain":0.0,"max_hp_loss":0.0,"gold_gain":0.0,"event_name":"The Cleric","player_choice":"Card Removal","floor":5.0,"gold_loss":50.0,"damage_taken":0.0},{"damage_healed":0.0,"max_hp_gain":0.0,"max_hp_loss":0.0,"gold_gain":0.0,"event_name":"Mushrooms","player_choice":"Fought Mushrooms","floor":13.0,"gold_loss":0.0,"damage_taken":0.0},{"damage_healed":0.0,"max_hp_gain":0.0,"max_hp_loss":0.0,"gold_gain":0.0,"event_name":"Shining Light","player_choice":"Entered Light","floor":14.0,"gold_loss":0.0,"damage_taken":16.0,"cards_upgraded":["Perfected Strike","True Grit"]},{"damage_healed":0.0,"max_hp_gain":0.0,"max_hp_loss":0.0,"gold_gain":0.0,"event_name":"Drug Dealer","player_choice":"Obtain J.A.X.","floor":20.0,"gold_loss":0.0,"damage_taken":0.0,"cards_obtained":["J.A.X."]},{"cards_removed":["Strike_R"],"damage_healed":0.0,"max_hp_gain":0.0,"max_hp_loss":0.0,"gold_gain":0.0,"event_name":"Beggar","player_choice":"Gave Gold","floor":21.0,"gold_loss":75.0,"damage_taken":0.0},{"damage_healed":0.0,"max_hp_gain":0.0,"max_hp_loss":0.0,"gold_gain":0.0,"event_name":"Accursed Blacksmith","player_choice":"Rummage","floor":25.0,"gold_loss":0.0,"damage_taken":0.0,"relics_obtained":["WarpedTongs"],"cards_obtained":["Pain"]},{"damage_healed":0.0,"max_hp_gain":0.0,"max_hp_loss":0.0,"gold_gain":0.0,"event_name":"Cursed Tome","player_choice":"Obtained Book","floor":29.0,"gold_loss":0.0,"damage_taken":16.0},{"damage_healed":0.0,"max_hp_gain":0.0,"max_hp_loss":0.0,"gold_gain":0.0,"event_name":"SensoryStone","player_choice":"Memory 2","floor":37.0,"gold_loss":0.0,"damage_taken":5.0},{"damage_healed":0.0,"max_hp_gain":0.0,"max_hp_loss":0.0,"gold_gain":0.0,"event_name":"OrinTheCat","player_choice":"Ignored","floor":38.0,"gold_loss":0.0,"damage_taken":0.0},{"damage_healed":0.0,"max_hp_gain":0.0,"max_hp_loss":0.0,"gold_gain":0.0,"event_name":"MindBloom","player_choice":"Fight","floor":39.0,"gold_loss":0.0,"damage_taken":0.0},{"damage_healed":0.0,"max_hp_gain":0.0,"max_hp_loss":0.0,"gold_gain":0.0,"event_name":"Winding Halls","player_choice":"Embrace Madness","floor":42.0,"gold_loss":0.0,"damage_taken":10.0,"cards_obtained":["Madness","Madness"]},{"cards_removed":["Whirlwind"],"damage_healed":0.0,"max_hp_gain":0.0,"max_hp_loss":0.0,"gold_gain":0.0,"event_name":"Falling","player_choice":"Removed Attack","floor":44.0,"gold_loss":0.0,"damage_taken":0.0}],"is_beta":false,"boss_relics":[{"not_picked":["Black Blood","Runic Cube"],"picked":"Philosopher\u0027s Stone"},{"not_picked":["Sozu","Snecko Eye"],"picked":"Runic Pyramid"}],"items_purged_floors":[41,53],"is_endless":false,"potions_floor_spawned":[2,11,13,16,18,30,33,40,46,48,54],"ascension_level":0}}