{"host":"c97twqu0op5dg8i4","time":1609982752,"event":{"mods":["BaseMod","Minty Spire (QoL Compilation)"],"gold_per_floor":[111,122,122,122,76,76,92,125,125,143,143,162,162,9,9,106,106,118,0,99,24,37,37,62,75,126,126,126],"floor_reached":27,"playtime":1387,"items_purged":["Strike_B"],"score":277,"play_id":"91273a70-92b8-4fb5-9a52-452c2f184253","local_time":"20210106202552","is_ascension_mode":true,"campfire_choices":[{"data":"Conserve Battery","floor":6,"key":"SMITH"},{"floor":11,"key":"REST"},{"data":"Storm","floor":15,"key":"SMITH"},{"floor":23,"key":"REST"}],"circlet_count":0,"master_deck":["Strike_B","Strike_B","Defend_B","Defend_B","Defend_B","Zap+1","Dualcast","Tempest+1","Storm+1","Conserve Battery+1","Cold Snap","Ball Lightning","Cold Snap","Redo","Creative AI","Biased Cognition","Beam Cell+1","Coolheaded+1","Cold Snap","Normality"],"relics":["Cracked Core","Akabeko","Sundial","Cursed Key","Vajra","Blood Vial"],"acts_visited":["Exordium","TheCity"],"potions_floor_usage":[8,24,25],"damage_taken":[{"damage":2,"enemies":"Jaw Worm","floor":1,"turns":3},{"damage":6,"enemies":"Small Slimes","floor":2,"turns":3},{"damage":6,"enemies":"Cultist","floor":7,"turns":3},{"damage":20,"enemies":"3 Sentries","floor":8,"turns":5},{"damage":0,"enemies":"2 Fungi Beasts","floor":10,"turns":2},{"damage":2,"enemies":"Red Slaver","floor":12,"turns":2},{"damage":16,"enemies":"Hexaghost","floor":16,"turns":9},{"damage":12,"enemies":"Chosen","floor":18,"turns":3},{"damage":34,"enemies":"2 Thieves","floor":22,"turns":4},{"damage":34,"enemies":"Slavers","floor":24,"turns":4},{"damage":8,"enemies":"Shelled Parasite and Fungi","floor":25,"turns":4},{"damage":15,"enemies":"Colosseum Slavers","floor":27,"turns":1}],"seed_played":"-8174611615537118323","potions_obtained":[{"floor":1,"key":"Explosive Potion"},{"floor":12,"key":"LiquidMemories"},{"floor":22,"key":"Explosive Potion"},{"floor":25,"key":"DistilledChaos"}],"is_trial":false,"path_per_floor":["M","M","?","?","$","R","M","E","T","M","R","M","?","$","R","B",null,"M","?","?","$","M","R","E","M","T","?"],"character_chosen":"DEFECT","items_purchased":["Conserve Battery","Creative AI"],"campfire_rested":2,"item_purchase_floors":[5,14],"current_hp_per_floor":[73,67,67,60,60,60,54,34,34,34,56,54,54,54,54,38,75,63,63,63,63,29,51,17,9,9,0,0],"gold":126,"neow_bonus":"UPGRADE_CARD","is_daily":false,"chose_seed":false,"campfire_upgraded":2,"win_rate":0.0,"timestamp":1609982752,"path_taken":["M","M","?","?","?","R","M","E","T","?","R","M","?","$","R","BOSS","M","?","?","?","M","R","E","?","T","?"],"items_purchased_type":["Card","Card"],"build_version":"2020-12-22","purchased_purges":1,"victory":false,"max_hp_per_floor":[75,75,75,75,75,75,75,75,75,75,75,75,75,75,75,75,75,75,75,75,75,75,75,75,75,75,75,75],"card_choices":[{"not_picked":["Ball Lightning","Coolheaded"],"picked":"Tempest","floor":1},{"not_picked":["Genetic Algorithm","Static Discharge"],"picked":"Storm","floor":2},{"not_picked":["Undo","Stack"],"picked":"Cold Snap","floor":7},{"not_picked":["Machine Learning","Gash"],"picked":"Ball Lightning","floor":8},{"not_picked":["Steam","Aggregate"],"picked":"Cold Snap","floor":10},{"not_picked":["Force Field","Conserve Battery"],"picked":"Redo","floor":12},{"not_picked":["Hyperbeam","Seek"],"picked":"Biased Cognition","floor":16},{"not_picked":["Turbo","Cold Snap"],"picked":"Beam Cell+1","floor":18},{"not_picked":["Stack+1","Gash+1","Scrape"],"picked":"SKIP","floor":22},{"not_picked":["Rebound","Compile Driver"],"picked":"Coolheaded+1","floor":24},{"not_picked":["Go for the Eyes","Scrape"],"picked":"Cold Snap","floor":25}],"player_experience":246116,"relics_obtained":[{"floor":8,"key":"Akabeko"},{"floor":9,"key":"Sundial"},{"floor":24,"key":"Vajra"},{"floor":26,"key":"Blood Vial"}],"event_choices":[{"damage_healed":0,"gold_gain":0,"player_choice":"Grow","damage_taken":0,"max_hp_gain":0,"max_hp_loss":0,"event_name":"Living Wall","floor":3,"gold_loss":0,"cards_upgraded":["Tempest"]},{"cards_removed":["Strike_B"],"damage_healed":0,"gold_gain":0,"player_choice":"Card Removal","damage_taken":7,"max_hp_gain":0,"max_hp_loss":0,"event_name":"Golden Wing","floor":4,"gold_loss":0},{"cards_removed":["Defend_B"],"damage_healed":0,"gold_gain":0,"player_choice":"Purged","damage_taken":0,"max_hp_gain":0,"max_hp_loss":0,"event_name":"Purifier","floor":13,"gold_loss":0},{"damage_healed":0,"gold_gain":0,"player_choice":"Paid Fearfully","damage_taken":0,"max_hp_gain":0,"max_hp_loss":0,"event_name":"Masked Bandits","floor":19,"gold_loss":118},{"damage_healed":0,"gold_gain":99,"player_choice":"Stole From Cult","damage_taken":0,"max_hp_gain":0,"max_hp_loss":0,"event_name":"Nest","floor":20,"gold_loss":0},{"damage_healed":0,"gold_gain":0,"player_choice":"Fight","damage_taken":0,"max_hp_gain":0,"max_hp_loss":0,"event_name":"Colosseum","floor":27,"gold_loss":0}],"is_beta":false,"boss_relics":[{"not_picked":["Pandora\u0027s Box","FrozenCore"],"picked":"Cursed Key"}],"items_purged_floors":[21],"is_endless":false,"potions_floor_spawned":[1,12,22,25],"killed_by":"Colosseum Slavers","ascension_level":4}}