{"host":"u5p72gjg7qm9i6r4","time":1609998066,"event":{"mods":["AchievementEnabler","BaseMod","Minty Spire (QoL Compilation)","Rare Cards Sparkle"],"gold_per_floor":[219,232,252,270,289,320,320,352,352,370,15,30,30,30,30,131,181,197,44,44,61,79,79,79],"floor_reached":23,"playtime":1146,"items_purged":[],"score":246,"play_id":"d609ae10-6e01-48a6-92da-cdcc47847002","local_time":"20210106234106","is_ascension_mode":true,"campfire_choices":[{"data":"Blade Dance","floor":7.0,"key":"SMITH"},{"floor":13,"key":"REST"},{"data":"Cloak And Dagger","floor":15,"key":"SMITH"}],"circlet_count":0,"master_deck":["Strike_G","Strike_G","Strike_G","Strike_G","Defend_G","Defend_G","Defend_G","Defend_G","Defend_G+1","Survivor","Neutralize","PiercingWail","Catalyst","Flying Knee","Cloak And Dagger+1","Leg Sweep","Blade Dance+1","Dash","Caltrops","Cloak And Dagger","Leg Sweep","Flying Knee","Burst","Blade Dance","Accuracy","Backflip","PiercingWail","Blade Dance","Burst"],"relics":["Ring of the Snake","Regal Pillow","Ancient Tea Set","Boot","Kunai","FaceOfCleric","Tiny House"],"acts_visited":["Exordium","TheCity"],"potions_floor_usage":[18,22],"damage_taken":[{"damage":1.0,"enemies":"Cultist","floor":1.0,"turns":5.0},{"damage":0.0,"enemies":"2 Louse","floor":2.0,"turns":3.0},{"damage":1.0,"enemies":"Jaw Worm","floor":3.0,"turns":5.0},{"damage":0.0,"enemies":"Blue Slaver","floor":4.0,"turns":7.0},{"damage":17.0,"enemies":"Large Slime","floor":5.0,"turns":7.0},{"damage":10.0,"enemies":"Gremlin Nob","floor":6.0,"turns":4.0},{"damage":32.0,"enemies":"3 Sentries","floor":8.0,"turns":13.0},{"damage":0,"enemies":"Gremlin Gang","floor":10,"turns":5},{"damage":0,"enemies":"Blue Slaver","floor":12,"turns":3},{"damage":14,"enemies":"Hexaghost","floor":16,"turns":12},{"damage":23,"enemies":"Spheric Guardian","floor":18,"turns":6},{"damage":14,"enemies":"Chosen","floor":21,"turns":6},{"damage":18,"enemies":"Shelled Parasite and Fungi","floor":22,"turns":6},{"damage":24,"enemies":"Book of Stabbing","floor":23,"turns":4}],"seed_played":"8764779744127946877","potions_obtained":[{"floor":3.0,"key":"SpeedPotion"},{"floor":4.0,"key":"Poison Potion"},{"floor":5.0,"key":"BlessingOfTheForge"},{"floor":6.0,"key":"DistilledChaos"},{"floor":17,"key":"Fire Potion"},{"floor":21,"key":"Weak Potion"}],"is_trial":false,"path_per_floor":["M","M","M","M","M","E","R","E","T","M","$","M","R","?","R","B",null,"M","$","?","M","M","E"],"character_chosen":"THE_SILENT","items_purchased":["Kunai","Cloak And Dagger","Leg Sweep","Blade Dance","Accuracy","Backflip"],"campfire_rested":1,"item_purchase_floors":[11,11,11,19,19,19],"current_hp_per_floor":[69,69,68,68,51,41,41,9,9,9,9,9,45,45,45,32,76,54,54,54,41,24,0,0],"gold":79,"neow_bonus":"HUNDRED_GOLD","is_daily":false,"chose_seed":false,"campfire_upgraded":2,"win_rate":0.0,"timestamp":1609998066,"path_taken":["M","M","M","M","M","E","R","E","T","M","$","?","R","?","R","BOSS","M","$","?","M","M","E"],"items_purchased_type":["Relic","Card","Card","Card","Card","Card"],"build_version":"2020-12-22","purchased_purges":0,"victory":false,"max_hp_per_floor":[70,70,70,70,70,70,70,70,70,70,70,70,70,70,70,71,76,77,77,77,78,79,79,79],"card_choices":[{"not_picked":["Deadly Poison","Infinite Blades"],"picked":"PiercingWail","floor":1.0},{"not_picked":["Sucker Punch","Noxious Fumes"],"picked":"Catalyst","floor":2.0},{"not_picked":["Dagger Throw","Riddle With Holes"],"picked":"Flying Knee","floor":3.0},{"not_picked":["Underhanded Strike","Sucker Punch"],"picked":"Cloak And Dagger","floor":4.0},{"not_picked":["Dagger Throw","Endless Agony"],"picked":"Leg Sweep","floor":5.0},{"not_picked":["Accuracy","Quick Slash"],"picked":"Blade Dance","floor":6.0},{"not_picked":["Tools of the Trade","Finisher"],"picked":"Dash","floor":8.0},{"not_picked":["All Out Attack","PiercingWail"],"picked":"Caltrops","floor":10},{"not_picked":["Outmaneuver","Deflect"],"picked":"Flying Knee","floor":12},{"not_picked":["Doppelganger","Venomology"],"picked":"Burst","floor":16},{"not_picked":["Backstab","Escape Plan","Bane"],"picked":"SKIP","floor":18},{"not_picked":["Sucker Punch","Setup"],"picked":"Blade Dance","floor":21},{"not_picked":["Endless Agony+1","Slice+1"],"picked":"Burst","floor":22}],"player_experience":93193,"relics_obtained":[{"floor":6.0,"key":"Regal Pillow"},{"floor":8.0,"key":"Ancient Tea Set"},{"floor":9.0,"key":"Boot"}],"event_choices":[{"damage_healed":0,"gold_gain":0,"player_choice":"Trade","damage_taken":0,"relics_obtained":["FaceOfCleric"],"max_hp_gain":0,"max_hp_loss":0,"event_name":"FaceTrader","floor":14,"gold_loss":0},{"damage_healed":0,"gold_gain":0,"cards_transformed":["Strike_G"],"player_choice":"Transformed","damage_taken":0,"max_hp_gain":0,"max_hp_loss":0,"event_name":"Transmorgrifier","floor":20,"gold_loss":0,"cards_obtained":["PiercingWail"]}],"is_beta":false,"boss_relics":[{"not_picked":["Velvet Choker","Busted Crown"],"picked":"Tiny House"}],"items_purged_floors":[],"is_endless":false,"potions_floor_spawned":[3,4,5,6,21],"killed_by":"Book of Stabbing","ascension_level":4}}