{"host":"i9h64q9gphvrup4n","time":1609978192,"event":{"mods":["2.2 Compatiblity","AchievementEnabler","Aspiration","Astrologer","Bard","BaseMod","Beaked The Cultist","BetterRewards","Colored Powertips","Conspire","Downfall","Gremlin Mod","Hermit","Hubris","Infinite Spire","Jorbs\u0027s Wanderer Trilogy","Minty Spire (QoL Compilation)","Replay The Spire","Shop Mod","StSLib","SuperFastMode","The Blackbeard","The Bladedancer","The Bug Knight","The Construct","The Cursed","The Disciple","The Hierophant","The Jungle","The Necromancer","The Runesmith","The Wild Card","slay the spire mod where everything is the same but ironclad has a cowboy hat","vexMod"],"gold_per_floor":[113,131,141,141,216,216,216,216],"floor_reached":7,"playtime":223,"items_purged":[],"score":43,"play_id":"9c4c416c-7705-4435-9aa3-524100af1cd4","local_time":"20210106180952","is_ascension_mode":true,"campfire_choices":[{"data":"beaked:Brace","floor":6,"key":"SMITH"}],"circlet_count":0,"master_deck":["beaked:Strike_Y","beaked:Strike_Y","beaked:Strike_Y","beaked:Strike_Y","beaked:Strike_Y","beaked:Strike_Y","beaked:Defend_Y","beaked:Defend_Y","beaked:Defend_Y","beaked:Defend_Y","beaked:Ceremony","beaked:Ceremony","beaked:Ceremony","beaked:Brace+1","beaked:WarriorEssence","beaked:Pecker","beaked:WarriorEssence"],"relics":["beaked:MendingPlumage","Golden Idol"],"acts_visited":["Exordium"],"potions_floor_usage":[7],"damage_taken":[{"damage":6,"enemies":"Small Slimes","floor":1,"turns":4},{"damage":11,"enemies":"Jaw Worm","floor":2,"turns":5},{"damage":10,"enemies":"2 Louse","floor":3,"turns":6},{"damage":56,"enemies":"Gremlin Nob","floor":7,"turns":4}],"seed_played":"7401644224598749426","potions_obtained":[{"floor":1,"key":"Adrenaline Potion"}],"is_trial":false,"path_per_floor":["M","M","M","?","?","R","E"],"character_chosen":"BEAKED_THE_CULTIST","items_purchased":[],"campfire_rested":0,"item_purchase_floors":[],"current_hp_per_floor":[50,50,50,38,27,27,0,0],"gold":216,"neow_bonus":"THREE_CARDS","is_daily":false,"chose_seed":false,"campfire_upgraded":1,"win_rate":0.0,"timestamp":1609978192,"path_taken":["M","M","M","?","?","R","E"],"items_purchased_type":[],"build_version":"2020-12-22","purchased_purges":0,"victory":false,"max_hp_per_floor":[50,50,50,50,50,50,50,50],"card_choices":[{"not_picked":["beaked:MimicWarrior","beaked:Tradeoff"],"picked":"beaked:Brace","floor":0},{"not_picked":["beaked:Replenish","beaked:CursingBlood"],"picked":"beaked:WarriorEssence","floor":1},{"not_picked":["beaked:Overpower","beaked:WindBringer"],"picked":"beaked:Pecker","floor":2},{"not_picked":["beaked:Tradeoff","beaked:SurvivalInstinct"],"picked":"beaked:WarriorEssence","floor":3}],"player_experience":676360,"relics_obtained":[],"event_choices":[{"damage_healed":0,"gold_gain":0,"player_choice":"Take Damage","damage_taken":12,"relics_obtained":["Golden Idol"],"max_hp_gain":0,"max_hp_loss":0,"event_name":"Golden Idol","floor":4,"gold_loss":0},{"damage_healed":0,"gold_gain":75,"player_choice":"Gather Gold","damage_taken":11,"max_hp_gain":0,"max_hp_loss":0,"event_name":"World of Goop","floor":5,"gold_loss":0}],"is_beta":false,"boss_relics":[],"items_purged_floors":[],"is_endless":false,"potions_floor_spawned":[1],"killed_by":"Gremlin Nob","ascension_level":1}}