{"host":"m4gez01cdgxblqzl","time":1609977727,"event":{"mods":["2.2 Compatiblity","AchievementEnabler","Act Like it!","Aspiration","BaseMod","Better Altar","Better Match","Better Note","Better Sensory Stone","Better Skull","Better Third Choice","Better Vampires","BetterRewards","Block Reminder","CCEM","Challenge The Spire","Clawfect","Colored Powertips","Conspire","Curses Come First","Downfall","Energized Spire","Friendly Minions","GifTheSpireLib","Glutton Mod","Halation","Hermit","Hubris","Infinite Spire","Jedi Mod","Marked Mod","Minty Spire (QoL Compilation)","Permanent Neow","Practice Mode","Quick Restart","READ ME - Guardian Mod","Rare Cards Sparkle","RatMod","Relic Sorter","Relic Stats","Replay The Spire","Reworked Bosses","Shade Mod","Shop Mod","Spicy Shops","Spikes Relics","StSLib","Stuff the Spire","SuperFastMode","Synergy Search","The Blue Laboratory","The Construct","The Jungle","The Problem Sleuth","The Runesmith","The Spell Scribe","Thieving Mod","Trackpad","Unceasing Turn Reminder","Unknown Chances","everything is the same but u backflip on backflip","vexMod","??????REMEMod"],"gold_per_floor":[112,112,124,136,161,173,196,237,249,286,298,310,342,354,366,483,495,521,533,557,529,557,569,600,612,647,659,686,698,710,922,934,1041,1053,1083,1095,1107,1119,1145,1157,1187,1217,1229,1259,1289,1301,147,123,123,98],"floor_reached":51,"playtime":3482,"items_purged":["conspire:GhostlyDefend"],"score":1082,"play_id":"eb305a7a-d30a-4ebb-b938-c34d2457a6dc","local_time":"20210106180207","is_ascension_mode":true,"campfire_choices":[{"data":"Heavy Blade","floor":6,"key":"SMITH"},{"floor":11,"key":"REST"},{"floor":15,"key":"REST"},{"floor":23,"key":"REST"},{"floor":30,"key":"REST"},{"floor":32,"key":"REST"},{"floor":40,"key":"REST"},{"floor":49,"key":"REST"}],"circlet_count":0,"master_deck":["conspire:GhostlyStrike","conspire:GhostlyStrike","conspire:GhostlyStrike","conspire:GhostlyStrike","conspire:GhostlyStrike","conspire:GhostlyDefend","conspire:GhostlyDefend","conspire:GhostlyDefend","Bash","construct:ChargeShot","Heavy Blade+1","Thunderclap+1","Inflame+1","Sword Boomerang","Iron Wave","Demonic Infusion","Reaper","expansioncontent:Corrupt","Bludgeon","Sentinel+1","Heavy Blade","Iron Wave","Clothesline","J.A.X.","Inflame","Limit Break","Demon Form","ReplayTheSpireMod:Strike From Hell","Iron Wave","Carnage","StuffTheSpire:BloodClot+1","conspire:ExplosiveBarrier","Spot Weakness+1","Rupture","Whirlwind","REME_PuzzleBox","Sharp Hide","Carnage","Impervious","Infernal Blade"],"relics":["Burning Blood","REME_ComplimentaryCards","NeowsBlessing","MawBank","aspiration:TomeofQuesting","construct:FoamFinger","Pen Nib","Honey Jar","hubris:ToyBattleship","energizedSpire:DecayingSkull","Replay:Wax Seal","theSleuth:SaltedMelon","theSleuth:SaltedMelon","HailfireSword","jedi:matchstick","conspire:DeflatedDodgeball","Red Skull","trackpad:BottledTsunami","BargainBundle","REME_OnlineShoppingPlatform"],"acts_visited":["Exordium","TheCity","TheBeyond"],"potions_floor_usage":[16,16,16,20,28,28,33,35,48,48,50,50,50],"damage_taken":[{"damage":0,"enemies":"Small Slimes","floor":1,"turns":1},{"damage":0,"enemies":"Jaw Worm","floor":5,"turns":1},{"damage":0,"enemies":"2 Louse","floor":7,"turns":1},{"damage":23,"enemies":"Gremlin Nob","floor":8,"turns":4},{"damage":40,"enemies":"Lagavulin","floor":10,"turns":5},{"damage":11,"enemies":"Looter","floor":13,"turns":2},{"damage":54,"enemies":"Hexaghost","floor":16,"turns":5},{"damage":46,"enemies":"Shell Parasite","floor":18,"turns":5},{"damage":0,"enemies":"Spheric Guardian","floor":20,"turns":5},{"damage":20,"enemies":"Snecko","floor":22,"turns":4},{"damage":46,"enemies":"Centurion and Healer","floor":24,"turns":6},{"damage":51,"enemies":"Shelled Parasite and Fungi","floor":28,"turns":5},{"damage":50,"enemies":"Pondfish","floor":33,"turns":6},{"damage":59,"enemies":"3 Shapes","floor":35,"turns":3},{"damage":36,"enemies":"3 Darklings","floor":39,"turns":4},{"damage":37,"enemies":"Sphere and 2 Shapes","floor":41,"turns":3},{"damage":34,"enemies":"4 Shapes","floor":42,"turns":4},{"damage":28,"enemies":"3 Darklings","floor":44,"turns":2},{"damage":21,"enemies":"Transient","floor":45,"turns":5},{"damage":14,"enemies":"Jaw Worm Horde","floor":48,"turns":3},{"damage":52,"enemies":"bossMod:newAwakened","floor":50,"turns":10}],"seed_played":"-881660983343317151","potions_obtained":[{"floor":5,"key":"CultistPotion"},{"floor":8,"key":"BlessingOfTheForge"},{"floor":10,"key":"Energy Potion"},{"floor":13,"key":"Energy Potion"},{"floor":19,"key":"CultistPotion"},{"floor":19,"key":"Reflective Coating"},{"floor":19,"key":"blueLaboratory:StoneskinPotion"},{"floor":20,"key":"blueLaboratory:HummingbirdPotion"},{"floor":24,"key":"jedi:holywater"},{"floor":28,"key":"blueLaboratory:BottleOfVodka"},{"floor":35,"key":"blueLaboratory:PhilterOfMotion"},{"floor":39,"key":"blueLaboratory:BottleOfVodka"},{"floor":45,"key":"Energy Potion"}],"is_trial":false,"path_per_floor":["M","?","?","?","M","R","M","E","T","E","R","?","M","?","R","B",null,"M","?","M","?","M","R","M","?","T","?","M","AVR","R","?","R","B",null,"M","T","?","AVR","M","R","M","M","T","M","M","?","$","M","R","B",null],"character_chosen":"IRONCLAD","items_purchased":["conspire:DeflatedDodgeball","Red Skull","Rupture","trackpad:BottledTsunami","BargainBundle","Whirlwind","REME_OnlineShoppingPlatform","REME_PuzzleBox","Sharp Hide","Carnage","Impervious"],"campfire_rested":7,"item_purchase_floors":[47,47,47,47,47,47,47,47,47,47,47],"current_hp_per_floor":[80,73,73,73,79,79,80,63,63,29,53,53,48,48,72,30,80,40,40,46,46,36,60,41,41,41,41,8,8,32,32,56,58,80,35,35,35,35,43,69,38,38,38,63,48,48,48,45,72,86],"gold":98,"neow_bonus":"THREE_ENEMY_KILL","is_daily":false,"chose_seed":false,"campfire_upgraded":1,"win_rate":0.0,"timestamp":1609977727,"path_taken":["M","?","?","?","M","R","?","E","T","E","R","?","M","?","R","BOSS","M","?","?","?","?","R","M","?","T","?","M","AVR","R","?","R","BOSS","M","?","?","AVR","M","R","M","M","T","M","M","?","$","M","R","BOSS"],"items_purchased_type":["Relic","Relic","Card","Relic","Relic","Card","Relic","Card","Card","Card","Card"],"build_version":"2020-12-22","purchased_purges":1,"victory":true,"max_hp_per_floor":[80,80,80,80,80,80,80,80,80,80,80,80,80,80,80,80,80,80,80,80,80,80,80,80,80,80,80,80,80,80,80,80,80,80,80,80,80,80,80,82,82,82,82,82,82,82,82,82,84,86],"relic_stats":{"counters":[21,84],"Pen Nib":[12],"MawBank":540,"obtain_stats":[{"theSleuth:SaltedMelon":37,"BargainBundle":47,"construct:FoamFinger":9,"NeowsBlessing":0,"aspiration:TomeofQuesting":8,"Pen Nib":10,"MawBank":2,"Burning Blood":0,"Pet Ghost":25,"HailfireSword":38,"Honey Jar":17,"jedi:matchstick":43,"hubris:ToyBattleship":26,"Replay:Wax Seal":36,"conspire:DeflatedDodgeball":47,"energizedSpire:DecayingSkull":34,"trackpad:BottledTsunami":47,"REME_OnlineShoppingPlatform":47,"Red Skull":47,"REME_ComplimentaryCards":0},{"theSleuth:SaltedMelon":14,"BargainBundle":19,"construct:FoamFinger":4,"NeowsBlessing":0,"aspiration:TomeofQuesting":4,"Pen Nib":5,"MawBank":1,"Burning Blood":0,"Pet Ghost":11,"HailfireSword":14,"Honey Jar":7,"jedi:matchstick":17,"hubris:ToyBattleship":11,"Replay:Wax Seal":14,"conspire:DeflatedDodgeball":19,"energizedSpire:DecayingSkull":13,"trackpad:BottledTsunami":19,"REME_OnlineShoppingPlatform":19,"Red Skull":19,"REME_ComplimentaryCards":0},{"theSleuth:SaltedMelon":53,"BargainBundle":71,"construct:FoamFinger":7,"NeowsBlessing":0,"aspiration:TomeofQuesting":7,"Pen Nib":12,"MawBank":1,"Burning Blood":0,"Pet Ghost":39,"HailfireSword":53,"Honey Jar":19,"jedi:matchstick":64,"hubris:ToyBattleship":39,"Replay:Wax Seal":53,"conspire:DeflatedDodgeball":71,"energizedSpire:DecayingSkull":50,"trackpad:BottledTsunami":71,"REME_OnlineShoppingPlatform":71,"Red Skull":71,"REME_ComplimentaryCards":0}],"Burning Blood":109},"card_choices":[{"not_picked":["Pummel","Warcry"],"picked":"Heavy Blade","floor":1},{"not_picked":["Havoc","Blood for Blood"],"picked":"Thunderclap","floor":5},{"not_picked":["StuffTheSpire:RockThrow","Anger"],"picked":"Inflame","floor":7},{"not_picked":["Pommel Strike","Flex"],"picked":"Sword Boomerang","floor":8},{"not_picked":["Clothesline","Cleave"],"picked":"Iron Wave","floor":10},{"not_picked":["Cleave","Defy Death"],"picked":"Reaper","floor":13},{"not_picked":["vexMod:EmailVexCard","Impatience"],"picked":"expansioncontent:Corrupt","floor":14},{"not_picked":["Offering","Juggernaut"],"picked":"Bludgeon","floor":16},{"not_picked":["rat:Decimate","Thunderclap","Ghostly Armor"],"picked":"Sentinel+1","floor":18},{"not_picked":["Flame Barrier+1","Rage","Disarm"],"picked":"Heavy Blade","floor":20},{"not_picked":["Wild Strike","ReplayTheSpireMod:Strike From Hell+1","True Grit"],"picked":"Iron Wave","floor":22},{"not_picked":["hubris:SharpeningStone","Dual Wield","Rage"],"picked":"Clothesline","floor":24},{"not_picked":["Replay:Many Hands","Carnage","True Grit"],"picked":"Inflame","floor":28},{"not_picked":["Barricade","Fiend Fire","hubris:StunningStrike"],"picked":"Limit Break","floor":31},{"not_picked":["jedi:strikingstrike","Berserk","Reaper"],"picked":"Demon Form","floor":33},{"not_picked":["Warcry","Body Slam+1","True Grit"],"picked":"ReplayTheSpireMod:Strike From Hell","floor":35},{"not_picked":["Pommel Strike","Headbutt+1","Body Slam"],"picked":"Iron Wave","floor":39},{"not_picked":["ReplayTheSpireMod:Strike From Hell+1","StuffTheSpire:Incineration+1","Havoc"],"picked":"Carnage","floor":41},{"not_picked":["StuffTheSpire:RockThrow","Havoc","Searing Blow"],"picked":"StuffTheSpire:BloodClot+1","floor":42},{"not_picked":["Dropkick+1","jedi:hate","hubris:CleavingFinish+1"],"picked":"conspire:ExplosiveBarrier","floor":44},{"not_picked":["ReplayTheSpireMod:Muscle Training","Flame Barrier+1","True Grit+1"],"picked":"Spot Weakness+1","floor":45},{"not_picked":["Hemogenesis","True Grit","ReplayTheSpireMod:Strike From Hell+1"],"picked":"Infernal Blade","floor":48}],"player_experience":74822,"relics_obtained":[{"floor":8,"key":"aspiration:TomeofQuesting"},{"floor":9,"key":"construct:FoamFinger"},{"floor":10,"key":"Pen Nib"},{"floor":25,"key":"Pet Ghost"},{"floor":26,"key":"hubris:ToyBattleship"},{"floor":36,"key":"Replay:Wax Seal"},{"floor":43,"key":"jedi:matchstick"}],"event_choices":[{"damage_healed":0,"gold_gain":0,"player_choice":"Relic ","damage_taken":7,"max_hp_gain":0,"max_hp_loss":0,"event_name":"betterThird:BetterScrap","floor":2,"gold_loss":0,"cards_obtained":["EmptyMind"]},{"damage_healed":0,"gold_gain":0,"player_choice":"Agree","damage_taken":0,"max_hp_gain":0,"max_hp_loss":0,"event_name":"conspire:LoneGhost","floor":4,"gold_loss":0},{"damage_healed":0,"gold_gain":1,"player_choice":"1","damage_taken":0,"max_hp_gain":0,"max_hp_loss":0,"event_name":"betterStone:BetterStone","floor":14,"gold_loss":0},{"damage_healed":0,"gold_gain":0,"player_choice":"Got Potions","damage_taken":0,"max_hp_gain":0,"max_hp_loss":0,"event_name":"Lab","floor":19,"gold_loss":0},{"damage_healed":0,"gold_gain":0,"player_choice":"Upgraded Two","damage_taken":0,"max_hp_gain":0,"max_hp_loss":0,"event_name":"Designer","floor":21,"gold_loss":40,"cards_upgraded":["Thunderclap","Inflame"]},{"damage_healed":0,"gold_gain":0,"player_choice":"Obtain J.A.X.","damage_taken":0,"max_hp_gain":0,"max_hp_loss":0,"event_name":"Drug Dealer","floor":27,"gold_loss":0,"cards_obtained":["J.A.X."]},{"damage_healed":0,"gold_gain":0,"player_choice":"Ignored","damage_taken":0,"max_hp_gain":0,"max_hp_loss":0,"event_name":"Tomb of Lord Red Mask","floor":46,"gold_loss":0}],"is_beta":false,"boss_relics":[{"not_picked":["vexMod:CursedCompass","Cursed Key"],"picked":"Honey Jar"},{"not_picked":["hubris:RunicObelisk","jedi:battlestandard"],"picked":"energizedSpire:DecayingSkull"}],"items_purged_floors":[47],"is_endless":false,"potions_floor_spawned":[5,8,10,13,20,24,28,35,39,45,48],"ascension_level":3}}