{"host":"49c2zf0lajbcs427","time":1609988104,"event":{"mods":["AchievementEnabler","BaseMod","Colored Map","Colored Powertips","Highlight Path","Key Reminder","Minty Spire (QoL Compilation)","Relic Stats","StSLib"],"gold_per_floor":[116,127,142,142,142,142,175,190,214,253,274,292,292,315,315,445,445,469,489,190,205,230,230,155,155,179,179,198,198,198,234,234,362,362,378,392,96,1095,1095,1095,1115,1179,1204,1239,1254,1254,649,670,670,670,670,670,316,350,350],"floor_reached":56,"playtime":4512,"items_purged":["Strike_G","Strike_G","Defend_G"],"score":1443,"play_id":"1da05d74-a7a9-4a40-9c06-9d2feb2599a9","local_time":"20210107155504","is_ascension_mode":true,"campfire_choices":[{"data":"Noxious Fumes","floor":6,"key":"SMITH"},{"data":"Crippling Poison","floor":13,"key":"SMITH"},{"floor":15,"key":"REST"},{"data":"Catalyst","floor":23,"key":"SMITH"},{"data":"Wraith Form v2","floor":25,"key":"SMITH"},{"data":"Strike_G","floor":27,"key":"PURGE"},{"data":"Strike_G","floor":29,"key":"PURGE"},{"data":"Strike_G","floor":32,"key":"PURGE"},{"data":"Well Laid Plans","floor":40,"key":"SMITH"},{"data":"Pain","floor":46,"key":"PURGE"},{"floor":49,"key":"RECALL"},{"data":"Defend_G","floor":52,"key":"PURGE"}],"circlet_count":0,"master_deck":["Defend_G","Defend_G","Defend_G","Survivor","Neutralize","Wraith Form v2+1","Noxious Fumes+1","Dagger Throw+1","Masterful Stab+1","Finisher","PiercingWail","Crippling Poison+1","Backflip","Wraith Form v2+1","Corpse Explosion","Catalyst+1","Bouncing Flask","Setup+1","Calculated Gamble+1","Burst","Well Laid Plans+1","Finesse","Distraction+1","Acrobatics+1","Well Laid Plans+1","Acrobatics","Secret Technique","Noxious Fumes+1","Tools of the Trade","Leg Sweep","Venomology","Catalyst"],"relics":["Ring of the Snake","Golden Idol","Bag of Marbles","Centennial Puzzle","Omamori","Coffee Dripper","Peace Pipe","Whetstone","Nilry\u0027s Codex","Boot","Cursed Key","Ancient Tea Set","Blood Vial","Bird Faced Urn","Bronze Scales","Membership Card","Gambling Chip","Letter Opener","ClockworkSouvenir","Snake Skull"],"acts_visited":["Exordium","TheCity","TheBeyond","TheEnding"],"potions_floor_usage":[7,16,18,21,31,42,55,55,55,55,55],"damage_taken":[{"damage":1,"enemies":"Cultist","floor":1,"turns":4},{"damage":0,"enemies":"Small Slimes","floor":2,"turns":3},{"damage":1,"enemies":"Jaw Worm","floor":3,"turns":6},{"damage":0,"enemies":"Gremlin Nob","floor":7,"turns":3},{"damage":0,"enemies":"Exordium Wildlife","floor":8,"turns":3},{"damage":2,"enemies":"Lagavulin","floor":10,"turns":5},{"damage":6,"enemies":"Lots of Slimes","floor":11,"turns":4},{"damage":6,"enemies":"Red Slaver","floor":12,"turns":5},{"damage":1,"enemies":"Gremlin Gang","floor":14,"turns":4},{"damage":7,"enemies":"The Guardian","floor":16,"turns":9},{"damage":3,"enemies":"2 Thieves","floor":18,"turns":3},{"damage":0,"enemies":"Chosen","floor":19,"turns":6},{"damage":1,"enemies":"Shelled Parasite and Fungi","floor":21,"turns":5},{"damage":1,"enemies":"Cultist and Chosen","floor":22,"turns":4},{"damage":0,"enemies":"Chosen and Byrds","floor":28,"turns":4},{"damage":7,"enemies":"Slavers","floor":31,"turns":5},{"damage":17,"enemies":"Collector","floor":33,"turns":5},{"damage":0,"enemies":"3 Darklings","floor":35,"turns":4},{"damage":2,"enemies":"Orb Walker","floor":36,"turns":4},{"damage":0,"enemies":"3 Darklings","floor":41,"turns":2},{"damage":8,"enemies":"2 Orb Walkers","floor":42,"turns":5},{"damage":4,"enemies":"Reptomancer","floor":44,"turns":6},{"damage":1,"enemies":"Maw","floor":45,"turns":4},{"damage":0,"enemies":"Spire Growth","floor":48,"turns":3},{"damage":1,"enemies":"Time Eater","floor":50,"turns":7},{"damage":3,"enemies":"Shield and Spear","floor":54,"turns":4},{"damage":31,"enemies":"The Heart","floor":55,"turns":7}],"seed_played":"7294723687859334608","potions_obtained":[{"floor":2,"key":"Ancient Potion"},{"floor":3,"key":"BlessingOfTheForge"},{"floor":8,"key":"SpeedPotion"},{"floor":10,"key":"CultistPotion"},{"floor":14,"key":"DistilledChaos"},{"floor":16,"key":"SkillPotion"},{"floor":18,"key":"Weak Potion"},{"floor":19,"key":"BlessingOfTheForge"},{"floor":21,"key":"Fruit Juice"},{"floor":41,"key":"AttackPotion"},{"floor":42,"key":"SpeedPotion"},{"floor":44,"key":"AttackPotion"}],"is_trial":false,"path_per_floor":["M","M","M","?","?","R","E","M","T","E","M","M","R","M","R","B",null,"M","M","$","M","M","R","$","R","T","R","M","R","?","E","R","B",null,"M","M","$","?","?","R","M","?","T","E","M","R","$","M","R","B",null,"R","$","E","B",null],"character_chosen":"THE_SILENT","items_purchased":["Peace Pipe","Ancient Tea Set","Blood Vial","Membership Card","Gambling Chip","Acrobatics","Secret Technique","Letter Opener","EssenceOfSteel","ClockworkSouvenir","Dexterity Potion","Tools of the Trade","Leg Sweep","Venomology"],"campfire_rested":1,"item_purchase_floors":[20,37,37,47,47,47,47,47,47,53,53,53,53,53],"current_hp_per_floor":[62,62,61,61,46,46,46,46,46,44,38,32,32,31,49,42,58,55,55,55,59,58,58,58,58,58,58,58,58,42,35,35,18,56,56,54,54,54,44,44,46,40,40,44,53,53,53,65,65,67,68,68,68,68,47],"gold":350,"neow_bonus":"THREE_RARE_CARDS","is_daily":false,"chose_seed":false,"campfire_upgraded":5,"win_rate":0.0,"timestamp":1609988104,"path_taken":["M","?","M","?","?","R","E","M","T","E","M","?","R","M","R","BOSS","M","?","$","M","M","R","?","R","T","R","?","R","?","E","R","BOSS","M","M","$","?","?","R","M","?","T","E","M","R","$","M","R","BOSS","R","$","E","BOSS"],"items_purchased_type":["Relic","Relic","Relic","Relic","Relic","Card","Card","Relic","Potion","Relic","Potion","Card","Card","Card"],"build_version":"2020-12-22","purchased_purges":3,"victory":true,"max_hp_per_floor":[63,63,63,63,63,63,63,63,63,63,63,63,63,63,63,63,63,63,63,63,68,68,68,68,68,68,68,68,68,68,68,68,68,68,68,68,68,68,68,68,68,68,68,68,68,68,68,68,68,68,68,68,68,68,68],"relic_stats":{"counters":[27,124],"Golden Idol":207,"Snake Skull":[16],"Whetstone":["Masterful Stab","Dagger Throw"],"Letter Opener":[85],"Boot":[19],"Cursed Key":1,"Peace Pipe":5,"Blood Vial":12,"Centennial Puzzle":[51],"Bird Faced Urn":[38],"Bronze Scales":[147],"Gambling Chip":[16],"obtain_stats":[{"Golden Idol":5,"Nilry\u0027s Codex":30,"Snake Skull":54,"Omamori":10,"Whetstone":26,"Letter Opener":47,"Boot":31,"Cursed Key":34,"Ancient Tea Set":37,"ClockworkSouvenir":53,"Peace Pipe":20,"keyreminder:keyreminder":31,"Blood Vial":37,"Centennial Puzzle":9,"Bird Faced Urn":42,"Bronze Scales":44,"Gambling Chip":47,"Bag of Marbles":7,"Coffee Dripper":17,"Membership Card":47,"Ring of the Snake":0},{"Golden Idol":3,"Nilry\u0027s Codex":15,"Snake Skull":26,"Omamori":6,"Whetstone":14,"Letter Opener":23,"Boot":16,"Cursed Key":17,"Ancient Tea Set":19,"ClockworkSouvenir":25,"Peace Pipe":12,"keyreminder:keyreminder":16,"Blood Vial":19,"Centennial Puzzle":5,"Bird Faced Urn":21,"Bronze Scales":22,"Gambling Chip":23,"Bag of Marbles":4,"Coffee Dripper":10,"Membership Card":23,"Ring of the Snake":0},{"Golden Idol":13,"Nilry\u0027s Codex":68,"Snake Skull":117,"Omamori":24,"Whetstone":64,"Letter Opener":103,"Boot":73,"Cursed Key":78,"Ancient Tea Set":86,"ClockworkSouvenir":113,"Peace Pipe":55,"keyreminder:keyreminder":73,"Blood Vial":86,"Centennial Puzzle":19,"Bird Faced Urn":93,"Bronze Scales":99,"Gambling Chip":103,"Bag of Marbles":16,"Coffee Dripper":46,"Membership Card":103,"Ring of the Snake":0}],"Ring of the Snake":[54]},"card_choices":[{"not_picked":["Phantasmal Killer","Tools of the Trade"],"picked":"Wraith Form v2","floor":0},{"not_picked":["Cloak And Dagger","Sucker Punch"],"picked":"Noxious Fumes","floor":1},{"not_picked":["Expertise","Endless Agony"],"picked":"Dagger Throw","floor":2},{"not_picked":["Tactician","Dodge and Roll"],"picked":"Masterful Stab","floor":3},{"not_picked":["PiercingWail","Escape Plan"],"picked":"Finisher","floor":7},{"not_picked":["Deflect","Riddle With Holes"],"picked":"PiercingWail","floor":8},{"not_picked":["Tactician","Night Terror"],"picked":"Crippling Poison","floor":10},{"not_picked":["Dagger Throw","Caltrops"],"picked":"Backflip","floor":11},{"not_picked":["Dagger Spray","Dodge and Roll","PiercingWail"],"picked":"SKIP","floor":12},{"not_picked":["Backflip","Underhanded Strike","Riddle With Holes"],"picked":"SKIP","floor":14},{"not_picked":["Die Die Die","Corpse Explosion"],"picked":"Wraith Form v2","floor":16},{"not_picked":["Dagger Spray","Dagger Throw","Dodge and Roll"],"picked":"SKIP","floor":18},{"not_picked":["Terror","PiercingWail"],"picked":"Corpse Explosion","floor":19},{"not_picked":["Slice+1","Underhanded Strike"],"picked":"Catalyst","floor":21},{"not_picked":["Quick Slash","Deflect"],"picked":"Bouncing Flask","floor":22},{"not_picked":["Choke","Endless Agony+1"],"picked":"Setup+1","floor":28},{"not_picked":["Cloak And Dagger","Crippling Poison+1"],"picked":"Calculated Gamble+1","floor":31},{"not_picked":["Tools of the Trade","Glass Knife"],"picked":"Burst","floor":33},{"not_picked":["Underhanded Strike+1","Cloak And Dagger","Dagger Throw+1"],"picked":"SKIP","floor":35},{"not_picked":["Heel Hook","Choke"],"picked":"Well Laid Plans","floor":36},{"not_picked":["Madness","Magnetism"],"picked":"Finesse","floor":39},{"not_picked":["Cloak And Dagger+1","PiercingWail","Slice"],"picked":"SKIP","floor":41},{"not_picked":["Poisoned Stab+1","PiercingWail+1"],"picked":"Distraction+1","floor":42},{"not_picked":["Heel Hook+1","Finisher"],"picked":"Acrobatics+1","floor":44},{"not_picked":["Bane+1","Backflip+1"],"picked":"Well Laid Plans+1","floor":45},{"not_picked":["Dash+1","Dagger Throw+1"],"picked":"Noxious Fumes+1","floor":48},{"not_picked":["Unload","Escape Plan"],"picked":"Catalyst","floor":54}],"player_experience":2247634,"relics_obtained":[{"floor":7,"key":"Bag of Marbles"},{"floor":9,"key":"Centennial Puzzle"},{"floor":10,"key":"Omamori"},{"floor":26,"key":"Whetstone"},{"floor":30,"key":"Nilry\u0027s Codex"},{"floor":31,"key":"Boot"},{"floor":42,"key":"Bird Faced Urn"},{"floor":44,"key":"Bronze Scales"},{"floor":54,"key":"Snake Skull"}],"event_choices":[{"damage_healed":0,"gold_gain":0,"player_choice":"Grow","damage_taken":0,"max_hp_gain":0,"max_hp_loss":0,"event_name":"Living Wall","floor":4,"gold_loss":0,"cards_upgraded":["Wraith Form v2"]},{"damage_healed":0,"gold_gain":0,"player_choice":"Take Damage","damage_taken":15,"relics_obtained":["Golden Idol"],"max_hp_gain":0,"max_hp_loss":0,"event_name":"Golden Idol","floor":5,"gold_loss":0},{"damage_healed":0,"gold_gain":0,"player_choice":"Obtained Book","damage_taken":16,"max_hp_gain":0,"max_hp_loss":0,"event_name":"Cursed Tome","floor":30,"gold_loss":0},{"damage_healed":0,"gold_gain":999,"player_choice":"Gold","damage_taken":0,"max_hp_gain":0,"max_hp_loss":0,"event_name":"MindBloom","floor":38,"gold_loss":0,"cards_obtained":["Normality","Normality"]},{"damage_healed":0,"gold_gain":0,"player_choice":"Memory 3","damage_taken":10,"max_hp_gain":0,"max_hp_loss":0,"event_name":"SensoryStone","floor":39,"gold_loss":0},{"damage_healed":0,"gold_gain":0,"player_choice":"Fight","damage_taken":0,"max_hp_gain":0,"max_hp_loss":0,"event_name":"Mysterious Sphere","floor":42,"gold_loss":0}],"is_beta":false,"boss_relics":[{"not_picked":["Pandora\u0027s Box","Runic Pyramid"],"picked":"Coffee Dripper"},{"not_picked":["Astrolabe","Calling Bell"],"picked":"Cursed Key"}],"items_purged_floors":[24,47,53],"is_endless":false,"potions_floor_spawned":[2,3,8,10,14,16,18,19,21,41,42,44],"ascension_level":5}}