{"host":"bxdue9bkfm2khp2x","time":1609993216,"event":{"mods":["ATMod(阿瑾Mod)","Aspiration","BaseMod","Better Vampires","Challenge The Spire","Colored Powertips","Conspire","Decade(王小明)","Dota2Spire","Downfall","Highlight Path","Marisa（F雨　魔理沙）","Minty Spire (QoL Compilation)","MostiFishMod","Remilia（蕾米莉亚）","Replay The Spire","RumiaBox-露米娅的神秘盒子","Ryuuou龙王","Spicy Shops","StSLib","Td1madao Mod","The Alterego","The Cursed","The Servant 0.9.4","WarShipGirlsR/战舰少女R mod","Youmu（魂魄妖梦）","noobMod","vexMod","【功能Mod】混沌之环修复补丁","【遗物卡牌】REMEMod","篝火指南"],"gold_per_floor":[217,217,144,161,161,161,161,161,238,238,238,264,26,43,43,114,114,124,143,24,24,39,10,45,45,45,74,74,119,31,31,31,106,106,124,14,26,44,44,44,44,44,69,54,72,72,84,95,95,95,95],"floor_reached":52,"playtime":3962,"items_purged":["Defend_C","Strike_C","Injury","Defend_C","Strike_C"],"score":2097,"play_id":"74844787-9dc0-4c76-87cc-386e181b1b17","local_time":"20210107122016","is_ascension_mode":true,"campfire_choices":[{"data":"Black Shadow","floor":6.0,"key":"SMITH"},{"data":"Load Balancing","floor":8.0,"key":"SMITH"},{"data":"Chip","floor":11.0,"key":"SMITH"},{"data":"Here Defend Chip","floor":15.0,"key":"SMITH"},{"data":"Here Defend Chip+4","floor":25.0,"key":"SMITH"},{"floor":28.0,"key":"REST"},{"data":"Here Defend Chip+7","floor":32,"key":"SMITH"},{"data":"Load Balancing","floor":40,"key":"SMITH"},{"data":"Here Defend Chip+13","floor":42,"key":"SMITH"},{"data":"Here Defend Chip+15","floor":46,"key":"SMITH"},{"data":"Here Defend Chip+18","floor":49,"key":"SMITH"}],"circlet_count":0,"master_deck":["AscendersBane","Defend_C+1","Defend_C+1","Chip+1","alterego_mod:Venus+1","Load Balancing+1","Black Shadow+1","Black Contract+1","Here Defend Chip+21","Defend System+1","Moon Tear+1","Preparedness+1","Fire Up+1","Fire Up+1","Fixing+1","Format All Data+1","Load Balancing+1","Preloading+1"],"relics":["Apod","DaveBox","REME_ComplimentaryCards","ice","AT_ATBox","DSteel32","SynthV:TestCard","Membership Card","Toxic Egg 2","Pear","Dota2Spire:BattleFury","BrkXgEgg","Darkstone Periapt","ReplayTheSpireMod:TigerMarble","Anchor"],"acts_visited":["Exordium","TheCity","TheBeyond"],"potions_floor_usage":[35,50],"damage_taken":[{"damage":12.0,"enemies":"Small Slimes","floor":1.0,"turns":3.0},{"damage":0.0,"enemies":"Jaw Worm","floor":4.0,"turns":5.0},{"damage":13.0,"enemies":"Lagavulin","floor":12.0,"turns":5.0},{"damage":0.0,"enemies":"Cultist","floor":14.0,"turns":2.0},{"damage":0.0,"enemies":"Fading Forest","floor":16.0,"turns":13.0},{"damage":15.0,"enemies":"2 Thieves","floor":18.0,"turns":4.0},{"damage":10.0,"enemies":"Spheric Guardian","floor":19.0,"turns":4.0},{"damage":7.0,"enemies":"Centurion and Healer","floor":22.0,"turns":6.0},{"damage":14.0,"enemies":"Replay:Snechameleon","floor":24.0,"turns":7.0},{"damage":22.0,"enemies":"Slavers","floor":27.0,"turns":6.0},{"damage":0.0,"enemies":"Snake Plant","floor":29.0,"turns":4.0},{"damage":22,"enemies":"Collector","floor":33,"turns":7},{"damage":0,"enemies":"3 Shapes","floor":35,"turns":5},{"damage":0,"enemies":"Orb Walker","floor":37,"turns":5},{"damage":0,"enemies":"Maw","floor":38,"turns":5},{"damage":0,"enemies":"Jaw Worm Horde","floor":45,"turns":5},{"damage":0,"enemies":"Transient","floor":47,"turns":6},{"damage":0,"enemies":"Sphere and 2 Shapes","floor":48,"turns":7},{"damage":0,"enemies":"Donu and Deca","floor":50,"turns":13},{"damage":0,"enemies":"Awakened One","floor":51,"turns":16}],"seed_played":"4068190024604326130","potions_obtained":[{"floor":4.0,"key":"Fire Potion"},{"floor":12.0,"key":"BlessingOfTheForge"},{"floor":14.0,"key":"Ancient Potion"},{"floor":19.0,"key":"LiquidMemories"},{"floor":24.0,"key":"ColorlessPotion"},{"floor":27.0,"key":"REME_GoldPotion"},{"floor":33,"key":"Fire Potion"},{"floor":37,"key":"Weak Potion"},{"floor":38,"key":"Slimebound:ThreeZeroPotion"}],"is_trial":false,"path_per_floor":["M","?","$","M","?","R","?","R","T","?","R","E","$","M","R","B",null,"M","M","$","?","M","$","E","R","T","E","R","M","R","?","R","B",null,"M","?","M","M","?","R","$","R","T","$","M","R","M","M","R","B","B",null],"character_chosen":"TD1MADAO_CLASS","items_purchased":["Membership Card","Load Balancing","Here Defend Chip","BrkXgEgg","Preparedness+1","Fire Up+1","Preloading+1"],"campfire_rested":1,"item_purchase_floors":[3,3,13,13,20,23,44],"current_hp_per_floor":[48,48,48,48,48,48,44,44,54,54,54,41,41,41,41,49,70,55,45,45,45,38,38,24,24,24,2,25,25,25,32,32,14,61,61,61,61,61,61,61,61,61,61,61,61,61,61,61,61,61,61],"gold":95,"neow_bonus":"HUNDRED_GOLD","is_daily":false,"chose_seed":false,"campfire_upgraded":10,"win_rate":0.0,"timestamp":1609993216,"path_taken":["M","?","?","?","?","R","?","R","T","?","R","E","$","M","R","BOSS","M","M","$","?","?","?","E","R","T","E","R","M","R","?","R","BOSS","M","?","?","M","?","R","?","R","T","$","?","R","M","M","R","BOSS","BOSS"],"items_purchased_type":["Relic","Card","Card","Relic","Card","Card","Card"],"build_version":"2020-12-22","purchased_purges":5,"victory":true,"max_hp_per_floor":[67,67,67,67,67,67,67,67,77,77,77,77,77,77,77,77,77,77,77,77,77,77,77,77,77,77,77,77,77,77,77,77,77,77,77,77,77,77,77,77,77,77,77,77,77,77,77,77,77,77,77],"card_choices":[{"not_picked":["Transfer Energy","Machining","Floating Swing Kick"],"picked":"SKIP","floor":1.0},{"not_picked":["Perfect Defend","Preloading","Rupture","Thunder Jump"],"picked":"Black Shadow","floor":4.0},{"not_picked":["Sudden Beat","Break Into+1","Reinforcement Parts+1","Format All Data+1"],"picked":"Black Contract","floor":12.0},{"not_picked":["Rupture","White Contract","Fixing+1","Recovery Mechanism+1"],"picked":"Defend System","floor":14.0},{"not_picked":["Chip Synthesis+1","Shockwave Tdmadao+1","Im Angry+1","Backup+1"],"picked":"Moon Tear+1","floor":16.0},{"not_picked":["White Contract","Here Defend Chip","Black Execution","Lunge","Fixing+1"],"picked":"SKIP","floor":18.0},{"not_picked":["Fixing+1","Black Hand","Trader+1","Backup+1","Rupture"],"picked":"SKIP","floor":19.0},{"not_picked":["Winding Magic+1","Machining+1","Fixing+1","Cursed Blade","Floating Swing Kick"],"picked":"SKIP","floor":22.0},{"not_picked":["Machining+1","Cursed Blade+1","Resistance","Overclocking+1"],"picked":"Fire Up+1","floor":24.0},{"not_picked":["Floating Even","Ruin Defend+1","Gravity Defend+1","Transfer Energy","Provocative+1"],"picked":"SKIP","floor":27.0},{"not_picked":["Cursed Blade","Winding Magic+1","Three Hit","Afterwards+1"],"picked":"Fixing+1","floor":29.0},{"not_picked":["Black Contract+1","Shockwave Tdmadao+1","Black Warm Hole+1","Pod Laser+1"],"picked":"Format All Data+1","floor":33},{"not_picked":["Twin Teeth+1","Fire Blade","Fire Up+1","Provocative+1","Machining+1"],"picked":"SKIP","floor":35},{"not_picked":["White Contract+1","Money Cant Rescue+1","Cursed Blade","Awareness","Provocative+1"],"picked":"SKIP","floor":37},{"not_picked":["Preparedness+1","Rupture+1","Black Hand","Optimization+1"],"picked":"Load Balancing","floor":38},{"not_picked":["Revenge","Here Defend Chip+1","Light Attack+1","Gravity Defend+1","Ruin Defend+1"],"picked":"SKIP","floor":45},{"not_picked":["Twin Teeth+1","Cursed Blade","Fixing+1","Floating Swing Kick+1","Machining+1"],"picked":"SKIP","floor":47},{"not_picked":["Black Warm Hole+1","Black Shadow","Energy Supply+1","Here Defend Chip","Fixing+1"],"picked":"SKIP","floor":48}],"player_experience":1510105,"relics_obtained":[{"floor":1.0,"key":"SynthV:TestCard"},{"floor":9.0,"key":"Pear"},{"floor":12.0,"key":"Dota2Spire:BattleFury"},{"floor":24.0,"key":"Darkstone Periapt"},{"floor":27.0,"key":"ReplayTheSpireMod:TigerMarble"},{"floor":43,"key":"Anchor"}],"event_choices":[{"cards_removed":["Strike_C"],"damage_healed":0.0,"max_hp_gain":0.0,"max_hp_loss":0.0,"gold_gain":0.0,"event_name":"Purifier","player_choice":"Purged","floor":2.0,"gold_loss":0.0,"damage_taken":0.0},{"damage_healed":0.0,"max_hp_gain":0.0,"max_hp_loss":0.0,"gold_gain":0.0,"event_name":"conspire:Investor","player_choice":"Leave","floor":7.0,"gold_loss":0.0,"damage_taken":0.0},{"cards_removed":["Knight Kick"],"damage_healed":0.0,"max_hp_gain":0.0,"max_hp_loss":0.0,"gold_gain":0.0,"event_name":"Wheel of Change","player_choice":"Card Removal","floor":21.0,"gold_loss":0.0,"damage_taken":0.0},{"cards_removed":["Strike_C"],"damage_healed":0,"gold_gain":0,"player_choice":"Upgrade and Remove","damage_taken":0,"max_hp_gain":0,"max_hp_loss":0,"event_name":"Designer","floor":36,"gold_loss":110,"cards_upgraded":["Here Defend Chip"]},{"damage_healed":0,"gold_gain":0,"player_choice":"Ignored","damage_taken":0,"max_hp_gain":0,"max_hp_loss":0,"event_name":"Mysterious Sphere","floor":39,"gold_loss":0}],"is_beta":false,"boss_relics":[{"not_picked":["aspiration:MarisaSkillbook","Fusion Hammer","Snecko Eye"]},{"not_picked":["EE1DDrone","Calling Bell","HaiYi:Twilight"]}],"items_purged_floors":[3,3,13,20,30],"is_endless":false,"potions_floor_spawned":[4,12,14,19,24,27,33,37,38,48],"ascension_level":20}}