{"host":"52jmisti11ysmja4","time":1609979200,"event":{"mods":["Aspiration","BaseMod","Better Third Choice","Minty Spire (QoL Compilation)","Remove Card Discount Mod","StSLib"],"gold_per_floor":[114,114,52,227,227,255,255,281,281,281,300,325,342,369,369,467,467,478,478,513,532,532,561,578,606,675,689,722,722,754,764,764,862,912,923,923,939,499,518,518,544,544,544,544,574,574,604,604,604,604],"floor_reached":51,"playtime":1959,"items_purged":["Defend_P","Defend_P","Defend_P","Defend_P","Strike_P","Strike_P"],"score":1497,"play_id":"cea26d39-839e-4f88-9175-bdb052c7db88","local_time":"20210106162640","is_ascension_mode":true,"campfire_choices":[{"data":"Eruption","floor":7.0,"key":"SMITH"},{"data":"Tantrum","floor":10.0,"key":"SMITH"},{"data":"BattleHymn","floor":15.0,"key":"SMITH"},{"floor":29,"key":"REST"},{"floor":32,"key":"REST"},{"data":"Adaptation","floor":40,"key":"SMITH"},{"data":"DevaForm","floor":42,"key":"SMITH"},{"data":"Weave","floor":44,"key":"SMITH"},{"data":"Halt","floor":46,"key":"SMITH"},{"data":"FollowUp","floor":49,"key":"SMITH"}],"circlet_count":0,"master_deck":["Strike_P","Strike_P","Eruption+1","Vigilance","Tantrum+1","Consecrate","JustLucky","Crescendo+1","Consecrate","CutThroughFate","BattleHymn+1","DevaForm+1","FollowUp+1","Adaptation+1","Weave+1","JustLucky","ForeignInfluence+1","JustLucky","Weave+1","CutThroughFate+1","FearNoEvil","Halt+1","TalkToTheHand+1"],"relics":["HolyWater","aspiration:Nostalgia","Ring of the Snake","Spirit Poop","Art of War","Unceasing Top","StrikeDummy","HornCleat","aspiration:SeaSaltIceCream","aspiration:Nostalgia","Cracked Core","Red Mask","Lizard Tail","Lantern","Singing Bowl","Pen Nib","Bottled Lightning","Tiny House","PreservedInsect","Strange Spoon","Bronze Scales","Boot","Mummified Hand","Blue Candle","Letter Opener"],"acts_visited":["Exordium","TheCity","TheBeyond"],"potions_floor_usage":[28,31],"damage_taken":[{"damage":0.0,"enemies":"Cultist","floor":1.0,"turns":2.0},{"damage":12.0,"enemies":"Lagavulin","floor":6.0,"turns":3.0},{"damage":0.0,"enemies":"Gremlin Nob","floor":8.0,"turns":2.0},{"damage":0.0,"enemies":"2 Louse","floor":11.0,"turns":2.0},{"damage":0.0,"enemies":"Lagavulin","floor":12.0,"turns":2.0},{"damage":0.0,"enemies":"Small Slimes","floor":13.0,"turns":1.0},{"damage":0.0,"enemies":"Gremlin Nob","floor":14.0,"turns":1.0},{"damage":0.0,"enemies":"Slime Boss","floor":16.0,"turns":2.0},{"damage":0.0,"enemies":"Chosen","floor":18.0,"turns":1.0},{"damage":0.0,"enemies":"Masked Bandits","floor":20.0,"turns":1.0},{"damage":0.0,"enemies":"Spheric Guardian","floor":21.0,"turns":1.0},{"damage":10.0,"enemies":"Gremlin Leader","floor":23.0,"turns":3.0},{"damage":0.0,"enemies":"Centurion and Healer","floor":24.0,"turns":2.0},{"damage":22.0,"enemies":"Slavers","floor":25.0,"turns":2.0},{"damage":5.0,"enemies":"Shelled Parasite and Fungi","floor":27.0,"turns":2.0},{"damage":16,"enemies":"Book of Stabbing","floor":28,"turns":3},{"damage":0,"enemies":"Gremlin Leader","floor":30,"turns":2},{"damage":0,"enemies":"Cultist and Chosen","floor":31,"turns":2},{"damage":81,"enemies":"Collector","floor":33,"turns":4},{"damage":0,"enemies":"3 Darklings","floor":35,"turns":2},{"damage":1,"enemies":"Orb Walker","floor":37,"turns":3},{"damage":0,"enemies":"Maw","floor":39,"turns":2},{"damage":0,"enemies":"Giant Head","floor":41,"turns":3},{"damage":0,"enemies":"Reptomancer","floor":45,"turns":2},{"damage":0,"enemies":"Nemesis","floor":47,"turns":1},{"damage":80,"enemies":"Donu and Deca","floor":50,"turns":5}],"seed_played":"-8666843767952152023","potions_obtained":[{"floor":8.0,"key":"AttackPotion"},{"floor":11.0,"key":"BlessingOfTheForge"},{"floor":14.0,"key":"Energy Potion"},{"floor":16.0,"key":"SteroidPotion"},{"floor":20.0,"key":"Ancient Potion"},{"floor":21.0,"key":"Weak Potion"},{"floor":30,"key":"LiquidMemories"},{"floor":31,"key":"SmokeBomb"},{"floor":39,"key":"BlessingOfTheForge"},{"floor":41,"key":"BottledMiracle"}],"is_trial":false,"path_per_floor":["M","?","$","?","?","E","R","E","T","R","M","E","M","E","R","B",null,"M","$","?","M","?","E","M","E","T","M","E","R","E","M","R","B",null,"M","?","M","$","M","R","E","R","T","R","E","R","E","?","R","B",null],"character_chosen":"WATCHER","items_purchased":["Consecrate","PreservedInsect","Strange Spoon","Bronze Scales"],"campfire_rested":2,"item_purchase_floors":[3,38,38,38],"current_hp_per_floor":[65,65,65,65,65,53,53,53,53,53,53,53,53,53,53,53,67,67,67,67,67,54,44,44,22,22,19,3,26,26,26,49,41,76,78,78,79,79,79,79,81,81,81,81,81,81,83,83,83,3],"gold":604,"neow_bonus":"NOSTALGIA","is_daily":false,"chose_seed":false,"campfire_upgraded":8,"win_rate":0.0,"timestamp":1609979200,"path_taken":["M","?","$","?","?","E","R","E","T","R","M","E","?","E","R","BOSS","M","$","?","M","?","E","M","E","T","M","E","R","E","M","R","BOSS","M","?","M","$","M","R","E","R","T","R","E","R","E","?","R","BOSS"],"items_purchased_type":["Card","Relic","Relic","Relic"],"build_version":"2020-12-22","purchased_purges":6,"victory":true,"max_hp_per_floor":[72,72,72,72,72,72,72,72,72,72,72,72,72,72,72,72,72,72,72,72,72,77,77,77,77,77,79,79,79,79,79,79,81,86,88,84,86,86,86,86,88,88,88,88,88,88,90,90,90,90],"card_choices":[{"not_picked":["JustLucky","EmptyFist"],"picked":"Tantrum","floor":1.0},{"not_picked":["EmptyFist","Wish"],"picked":"JustLucky","floor":6.0},{"not_picked":["Meditate","ThirdEye"],"picked":"Crescendo","floor":8.0},{"not_picked":["CrushJoints","ReachHeaven"],"picked":"Consecrate","floor":11.0},{"not_picked":["PathToVictory","InnerPeace"],"picked":"CutThroughFate","floor":12.0},{"not_picked":["CrushJoints","ThirdEye","ReachHeaven"],"picked":"SKIP","floor":13.0},{"not_picked":["Perseverance","ReachHeaven"],"picked":"BattleHymn","floor":14.0},{"not_picked":["SpiritShield","DeusExMachina"],"picked":"DevaForm","floor":16.0},{"not_picked":["Tantrum","ForeignInfluence"],"picked":"FollowUp","floor":18.0},{"not_picked":["FearNoEvil","Conclude"],"picked":"Adaptation","floor":20.0},{"not_picked":["Fasting2","FearNoEvil"],"picked":"Weave+1","floor":21.0},{"not_picked":["Devotion","SandsOfTime"],"picked":"JustLucky","floor":23.0},{"not_picked":["Protect","EmptyFist+1"],"picked":"ForeignInfluence+1","floor":24.0},{"not_picked":["BattleHymn","Swivel+1"],"picked":"JustLucky","floor":25.0},{"not_picked":["ThirdEye+1","FlurryOfBlows","Prostrate"],"picked":"Singing Bowl","floor":27.0},{"not_picked":["FollowUp","PathToVictory"],"picked":"Weave","floor":28},{"not_picked":["SashWhip","MentalFortress"],"picked":"Halt+1","floor":30},{"not_picked":["InnerPeace","FlurryOfBlows"],"picked":"CutThroughFate+1","floor":31},{"not_picked":["Judgement","Establishment","Vault"],"picked":"Singing Bowl","floor":33},{"not_picked":["WaveOfTheHand","Perseverance"],"picked":"FearNoEvil","floor":34},{"not_picked":["CarveReality","FlurryOfBlows","Consecrate"],"picked":"Singing Bowl","floor":35},{"not_picked":["Perseverance","SignatureMove","CutThroughFate"],"picked":"Singing Bowl","floor":37},{"not_picked":["Crescendo","Fasting2"],"picked":"Halt","floor":39},{"not_picked":["JustLucky+1","FlurryOfBlows+1","Conclude"],"picked":"Singing Bowl","floor":41},{"not_picked":["ClearTheMind+1","Meditate"],"picked":"TalkToTheHand+1","floor":45},{"not_picked":["Swivel","WaveOfTheHand","EmptyFist"],"picked":"Singing Bowl","floor":47}],"player_experience":454277,"relics_obtained":[{"floor":6.0,"key":"Art of War"},{"floor":8.0,"key":"Unceasing Top"},{"floor":9.0,"key":"StrikeDummy"},{"floor":12.0,"key":"HornCleat"},{"floor":14.0,"key":"aspiration:SeaSaltIceCream"},{"floor":20.0,"key":"Red Mask"},{"floor":23.0,"key":"Lizard Tail"},{"floor":25.0,"key":"Lantern"},{"floor":26.0,"key":"Singing Bowl"},{"floor":28,"key":"Pen Nib"},{"floor":30,"key":"Bottled Lightning"},{"floor":41,"key":"Boot"},{"floor":43,"key":"Mummified Hand"},{"floor":45,"key":"Blue Candle"},{"floor":47,"key":"Letter Opener"}],"event_choices":[{"damage_healed":0.0,"max_hp_gain":0.0,"max_hp_loss":0.0,"gold_gain":0.0,"event_name":"The Cleric","player_choice":"Leave","floor":2.0,"gold_loss":0.0,"damage_taken":0.0},{"damage_healed":0.0,"max_hp_gain":0.0,"max_hp_loss":0.0,"gold_gain":175.0,"event_name":"betterThird:BetterSerpent","player_choice":"AGREE","floor":4.0,"gold_loss":0.0,"damage_taken":52.0},{"cards_removed":["Doubt"],"damage_healed":0.0,"max_hp_gain":0.0,"max_hp_loss":0.0,"gold_gain":0.0,"event_name":"Bonfire Elementals","player_choice":"Offered Curse","floor":5.0,"gold_loss":0.0,"damage_taken":0.0,"relics_obtained":["Spirit Poop"]},{"damage_healed":0.0,"max_hp_gain":0.0,"max_hp_loss":0.0,"gold_gain":0.0,"event_name":"Masked Bandits","player_choice":"Fought Bandits","floor":20.0,"gold_loss":0.0,"damage_taken":0.0},{"damage_healed":0.0,"max_hp_gain":5.0,"max_hp_loss":0.0,"gold_gain":0.0,"event_name":"Forgotten Altar","player_choice":"Shed Blood","floor":22.0,"gold_loss":0.0,"damage_taken":18.0},{"damage_healed":0,"gold_gain":0,"player_choice":"Max HP","damage_taken":0,"max_hp_gain":0,"max_hp_loss":4,"event_name":"Winding Halls","floor":36,"gold_loss":0},{"cards_removed":["Halt"],"damage_healed":0,"gold_gain":0,"player_choice":"Removed Skill","damage_taken":0,"max_hp_gain":0,"max_hp_loss":0,"event_name":"Falling","floor":48,"gold_loss":0}],"is_beta":false,"boss_relics":[{"not_picked":["Runic Pyramid","Snecko Eye"],"picked":"HolyWater"},{"not_picked":["SacredBark","Empty Cage"],"picked":"Tiny House"}],"items_purged_floors":[3,3,3,3,3,3],"is_endless":false,"potions_floor_spawned":[8,11,14,16,20,21,27,30,31,35,39,41],"ascension_level":6}}