{"host":"obplhmlw33xb91v8","time":1609982612,"event":{"mods":["BaseMod","Block Reminder","Curses Come First","Evolution","Minty Spire (QoL Compilation)","Quick Restart","Relic Stats","Replay The Spire","Spicy Shops","StSLib","Uncapped","Waifu the Spire","slay the spire mod where everything is the same but ironclad has a cowboy hat"],"gold_per_floor":[119,119,134,9,23,23,49,65,90,90,90,90,90],"floor_reached":12,"playtime":369,"items_purged":[],"score":90,"play_id":"c483706d-c7df-4965-acdc-4969fc80e955","local_time":"20210106202332","is_ascension_mode":true,"campfire_choices":[{"data":"ReplayTheSpireMod:Brewmster","floor":6,"key":"SMITH"},{"floor":11,"key":"REST"}],"circlet_count":0,"master_deck":["Strike_G","Strike_G","Strike_G","Strike_G","Defend_G","Defend_G","Defend_G","Defend_G","Defend_G","Survivor","Neutralize","Underhanded Strike","Grand Finale","Backflip","ReplayTheSpireMod:Brewmster+1","Pot Of Greed","Pot Of Greed"],"relics":["Ring of the Snake","EVO:Axolotl","NeowsBlessing","ReplayTheSpireMod:ShopPack","Grinning Jar","Oddly Smooth Stone"],"acts_visited":["Exordium"],"potions_floor_usage":[7,7,8,12],"damage_taken":[{"damage":0,"enemies":"Small Slimes","floor":1,"turns":1},{"damage":0,"enemies":"Cultist","floor":3,"turns":1},{"damage":0,"enemies":"Jaw Worm","floor":5,"turns":1},{"damage":45,"enemies":"Lagavulin","floor":7,"turns":9},{"damage":11,"enemies":"Looter","floor":8,"turns":5},{"damage":25,"enemies":"Gremlin Nob","floor":12,"turns":4}],"seed_played":"7354264653355183514","potions_obtained":[{"floor":1,"key":"CultistPotion"}],"is_trial":false,"path_per_floor":["M","?","M","$","M","R","E","M","T","?","R","E"],"character_chosen":"THE_SILENT","items_purchased":["ReplayTheSpireMod:ShopPack"],"campfire_rested":1,"item_purchase_floors":[4],"current_hp_per_floor":[70,70,70,70,70,70,25,14,14,2,23,0,0],"gold":90,"neow_bonus":"THREE_ENEMY_KILL","is_daily":false,"chose_seed":false,"campfire_upgraded":1,"win_rate":0.0,"timestamp":1609982612,"path_taken":["M","?","M","$","M","R","E","?","T","?","R","E"],"items_purchased_type":["Relic"],"build_version":"2020-12-22","purchased_purges":0,"victory":false,"max_hp_per_floor":[70,70,70,70,70,70,70,70,70,70,70,70,70],"relic_stats":{"counters":[6,21],"obtain_stats":[{"NeowsBlessing":0,"Oddly Smooth Stone":9,"EVO:Axolotl":0,"Grinning Jar":7,"Ring of the Snake":0,"ReplayTheSpireMod:ShopPack":4},{"NeowsBlessing":0,"Oddly Smooth Stone":5,"EVO:Axolotl":0,"Grinning Jar":4,"Ring of the Snake":0,"ReplayTheSpireMod:ShopPack":2},{"NeowsBlessing":0,"Oddly Smooth Stone":17,"EVO:Axolotl":0,"Grinning Jar":12,"Ring of the Snake":0,"ReplayTheSpireMod:ShopPack":2}],"Ring of the Snake":[12]},"card_choices":[{"not_picked":["Dash","Slice"],"picked":"Underhanded Strike","floor":1},{"not_picked":["Heel Hook","Fluid Movement"],"picked":"Backflip","floor":3},{"not_picked":["Poisoned Strike","Chrysalis"],"picked":"ReplayTheSpireMod:Brewmster","floor":4},{"not_picked":["All Out Attack","Concentrate","Tactician"],"picked":"SKIP","floor":5},{"not_picked":["Tactician","Deadly Poison","Calculated Gamble"],"picked":"SKIP","floor":7},{"not_picked":["ReplayTheSpireMod:Shiv Toss","Calculated Gamble","Flying Knee"],"picked":"SKIP","floor":8}],"player_experience":150348,"relics_obtained":[{"floor":7,"key":"Grinning Jar"},{"floor":9,"key":"Oddly Smooth Stone"}],"event_choices":[{"damage_healed":0,"gold_gain":0,"cards_transformed":["Strike_G"],"player_choice":"Transformed","damage_taken":0,"max_hp_gain":0,"max_hp_loss":0,"event_name":"Transmorgrifier","floor":2,"gold_loss":0,"cards_obtained":["Grand Finale"]},{"damage_healed":0,"gold_gain":0,"player_choice":"Fled","damage_taken":12,"max_hp_gain":0,"max_hp_loss":0,"event_name":"Scrap Ooze","floor":10,"gold_loss":0}],"is_beta":false,"boss_relics":[],"items_purged_floors":[],"is_endless":false,"potions_floor_spawned":[1],"killed_by":"Gremlin Nob","ascension_level":3}}