{"host":"3po7ngt2j61s4rmj","time":1609997260,"event":{"mods":["Act Like it!","BaseMod","Elementarium","Hermit","JesterMod","Minty Spire (QoL Compilation)","Relic Stats","Shade Mod","StSLib"],"gold_per_floor":[51,51,51,86,125,125,194,263,313,387,447,447,572,7,7,27,27],"floor_reached":16,"playtime":1498,"items_purged":[],"score":129,"play_id":"e102d707-bdcd-4cb3-9aef-32f975a6bbb0","local_time":"20210106222740","is_ascension_mode":true,"campfire_choices":[{"data":"HandOfGreed","floor":6,"key":"SMITH"},{"data":"Chrysalis","floor":15,"key":"SMITH"}],"circlet_count":0,"master_deck":["jesterMod:Strike","jesterMod:Strike+1","jesterMod:Strike","jesterMod:Strike","jesterMod:Sickle","jesterMod:Defend","jesterMod:Defend","jesterMod:Defend","jesterMod:Defend","jesterMod:Dodge","HandOfGreed+1","jesterMod:RecklessStrike","jesterMod:QuickStrike+1","jesterMod:Haste","jesterMod:Loot","jesterMod:Arrythmia","Chrysalis+1"],"relics":["jesterMod:JesterCap","Golden Idol","Meat on the Bone","Omamori","Whetstone","jesterMod:BagOfTricks","Prayer Wheel","Strange Spoon","Shuriken"],"acts_visited":["Exordium"],"potions_floor_usage":[7,13,16],"damage_taken":[{"damage":0,"enemies":"2 Louse","floor":1,"turns":4},{"damage":0,"enemies":"Jaw Worm","floor":4,"turns":4},{"damage":0,"enemies":"Cultist","floor":5,"turns":4},{"damage":16,"enemies":"Gremlin Nob","floor":7,"turns":3},{"damage":7,"enemies":"Exordium Wildlife","floor":8,"turns":3},{"damage":0,"enemies":"3 Louse","floor":10,"turns":4},{"damage":5,"enemies":"Red Slaver","floor":11,"turns":3},{"damage":10,"enemies":"3 Sentries","floor":13,"turns":9},{"damage":39,"enemies":"Slime Boss","floor":16,"turns":9}],"seed_played":"-8219307578811572038","potions_obtained":[{"floor":4,"key":"Swift Potion"},{"floor":5,"key":"PowerPotion"},{"floor":11,"key":"SpeedPotion"},{"floor":13,"key":"LiquidMemories"}],"is_trial":false,"path_per_floor":["M","?","?","M","M","R","E","M","T","M","M","T","E","$","R","B"],"character_chosen":"THE_JESTER","items_purchased":["Chrysalis","Strange Spoon","Shuriken"],"campfire_rested":0,"item_purchase_floors":[14,14,14],"current_hp_per_floor":[70,53,41,41,41,41,37,42,42,42,37,37,39,39,39,0,0],"gold":27,"neow_bonus":"RANDOM_COLORLESS_2","is_daily":false,"chose_seed":false,"campfire_upgraded":2,"win_rate":0.0,"timestamp":1609997260,"path_taken":["M","?","?","M","M","R","E","M","T","M","M","?","E","$","R","BOSS"],"items_purchased_type":["Card","Relic","Relic"],"build_version":"2020-12-22","purchased_purges":0,"victory":false,"max_hp_per_floor":[70,70,70,70,70,70,70,70,70,70,70,70,70,70,70,70,70],"relic_stats":{"Strange Spoon":[4],"counters":[9,43],"Golden Idol":36,"Shuriken":[0],"Prayer Wheel":0,"Whetstone":["jesterMod:QuickStrike","jesterMod:Strike"],"obtain_stats":[{"jesterMod:BagOfTricks":12,"Strange Spoon":14,"Golden Idol":2,"Shuriken":14,"Prayer Wheel":13,"jesterMod:JesterCap":0,"Omamori":7,"Whetstone":9,"Meat on the Bone":3},{"jesterMod:BagOfTricks":7,"Strange Spoon":8,"Golden Idol":1,"Shuriken":8,"Prayer Wheel":8,"jesterMod:JesterCap":0,"Omamori":4,"Whetstone":5,"Meat on the Bone":1},{"jesterMod:BagOfTricks":25,"Strange Spoon":34,"Golden Idol":4,"Shuriken":34,"Prayer Wheel":34,"jesterMod:JesterCap":0,"Omamori":15,"Whetstone":18,"Meat on the Bone":4}],"Meat on the Bone":36},"card_choices":[{"not_picked":["Chrysalis","Mayhem"],"picked":"HandOfGreed","floor":0},{"not_picked":["jesterMod:BouncingKnife","jesterMod:QuickStrike"],"picked":"jesterMod:RecklessStrike","floor":1},{"not_picked":["jesterMod:SmokeScreen","jesterMod:Tinker"],"picked":"jesterMod:QuickStrike","floor":4},{"not_picked":["jesterMod:Patience","jesterMod:ButterKnife","jesterMod:Disposophobia"],"picked":"SKIP","floor":5},{"not_picked":["jesterMod:SwiftDodge","jesterMod:Exasperation"],"picked":"jesterMod:Haste","floor":7},{"not_picked":["jesterMod:BouncingKnife","jesterMod:Anticipation"],"picked":"jesterMod:Loot","floor":8},{"not_picked":["jesterMod:Rebuff","jesterMod:Arrythmia","jesterMod:Mending"],"picked":"SKIP","floor":10},{"not_picked":["jesterMod:ButterKnife","jesterMod:OblivionStrike"],"picked":"jesterMod:Arrythmia","floor":11},{"not_picked":["jesterMod:Dilapidation","jesterMod:Hide","jesterMod:SmokeScreen"],"picked":"SKIP","floor":13}],"player_experience":1096722,"relics_obtained":[{"floor":7,"key":"Omamori"},{"floor":9,"key":"Whetstone"},{"floor":12,"key":"jesterMod:BagOfTricks"},{"floor":13,"key":"Prayer Wheel"}],"event_choices":[{"damage_healed":0,"gold_gain":0,"player_choice":"Take Damage","damage_taken":17,"relics_obtained":["Golden Idol"],"max_hp_gain":0,"max_hp_loss":0,"event_name":"Golden Idol","floor":2,"gold_loss":0},{"damage_healed":0,"gold_gain":0,"player_choice":"Success","damage_taken":12,"relics_obtained":["Meat on the Bone"],"max_hp_gain":0,"max_hp_loss":0,"event_name":"Scrap Ooze","floor":3,"gold_loss":0}],"is_beta":false,"boss_relics":[],"items_purged_floors":[],"is_endless":false,"potions_floor_spawned":[4,5,11,13],"killed_by":"Slime Boss","ascension_level":3}}