{"host":"51fyd6gkml7xavq8","time":1609979737,"event":{"mods":["BaseMod","BetterRewards","Colored Map","Energized Spire","Infinite Spire","Minty Spire (QoL Compilation)","Replay The Spire","Shop Mod","Spicy Shops","StSLib","The Blue Laboratory","[IsaacMod]????"],"gold_per_floor":[112,129,129,129,129,129,143,143,143,143,143,104,104,129,129,260,260,278,278,278,278,303,150,150,150],"floor_reached":24,"playtime":871,"items_purged":["Looming Evil","Injury"],"score":230,"play_id":"3577d9d8-1793-44e3-a8af-1730f6905c58","local_time":"20210106213537","is_ascension_mode":true,"campfire_choices":[{"data":"Metallicize","floor":6,"key":"SMITH"},{"data":"infinitespire:OneForAll","floor":8,"key":"SMITH"},{"data":"Disarm","floor":13,"key":"SMITH"}],"circlet_count":0,"master_deck":["Strike_R","Strike_R","Strike_R","Strike_R","Defend_R","Defend_R","Defend_R","Defend_R","Bash","Metallicize+1","Disarm+1","infinitespire:OneForAll+1","infinitespire:Menacing","Limit Break","infinitespire:DeathsTouch"],"relics":["Burning Blood","HushsDoor","Leech","ReplayTheSpireMod:CursedCoin","MerchantsRug","WarpedTongs","Golden Idol","Tiny Chest","Membership Card","PreservedInsect"],"acts_visited":["Exordium","TheCity"],"potions_floor_usage":[10],"damage_taken":[{"damage":1,"enemies":"Cultist","floor":1,"turns":3},{"damage":12,"enemies":"Jaw Worm","floor":2,"turns":3},{"damage":0,"enemies":"Small Slimes","floor":7,"turns":3},{"damage":0,"enemies":"Exordium Wildlife","floor":10,"turns":1},{"damage":0,"enemies":"3 Louse","floor":14,"turns":4},{"damage":2,"enemies":"The Guardian","floor":16,"turns":12},{"damage":46,"enemies":"3 Byrds","floor":18,"turns":8},{"damage":11,"enemies":"Shell Parasite","floor":22,"turns":4},{"damage":13,"enemies":"Gremlin Leader","floor":24,"turns":1}],"seed_played":"-9011902919702755650","potions_obtained":[{"floor":7,"key":"SmokeBomb"}],"is_trial":false,"path_per_floor":["M","M","?","?","?","R","M","R","T","M","?","$","R","M","R_BF","B",null,"M","?","?","?","M","$","E"],"character_chosen":"IRONCLAD","items_purchased":["ReplayTheSpireMod:CursedCoin","Metallicize","MerchantsRug","Membership Card","PreservedInsect"],"campfire_rested":0,"item_purchase_floors":[0,0,0,23,23],"current_hp_per_floor":[80,75,75,75,75,75,80,80,87,87,87,87,87,87,67,77,85,51,30,15,12,10,10,0,0],"gold":150,"neow_bonus":"","is_daily":false,"chose_seed":false,"campfire_upgraded":3,"win_rate":0.0,"timestamp":1609979737,"path_taken":["M","M","?","?","?","R","M","R","T","M","?","$","R","M","R_BF","BOSS","M","?","?","?","?","$","E"],"items_purchased_type":["Relic","Card","Relic","Relic","Relic"],"build_version":"2020-12-22","purchased_purges":2,"victory":false,"max_hp_per_floor":[80,80,80,80,80,80,80,80,87,87,87,87,87,87,87,87,87,87,87,87,87,87,87,87,87],"card_choices":[{"not_picked":["ReplayTheSpireMod:LeadingStrike","Perfected Strike","Feel No Pain"],"picked":"SKIP","floor":1},{"not_picked":["Life Link","Massacre","Rupture"],"picked":"SKIP","floor":2},{"not_picked":["Life Link","Reckless Charge"],"picked":"infinitespire:OneForAll","floor":7},{"not_picked":["Sword Boomerang","Thunderclap","Whirlwind"],"picked":"SKIP","floor":14},{"not_picked":["infinitespire:Fortify","infinitespire:FutureSight"],"picked":"infinitespire:Menacing","floor":15},{"not_picked":["Demonic Infusion","Immolate"],"picked":"Limit Break","floor":16},{"not_picked":["Havoc","Uppercut+1","Clash"],"picked":"SKIP","floor":18},{"not_picked":["infinitespire:Collect","infinitespire:NeuralNetwork"],"picked":"infinitespire:DeathsTouch","floor":19},{"not_picked":["Perfected Strike","Flex+1","Iron Wave"],"picked":"SKIP","floor":22}],"player_experience":474556,"relics_obtained":[{"floor":9,"key":"Strawberry"}],"event_choices":[{"damage_healed":0,"gold_gain":0,"cards_transformed":["Strike_R"],"player_choice":"Transformed","damage_taken":0,"max_hp_gain":0,"max_hp_loss":0,"event_name":"Transmorgrifier","floor":3,"gold_loss":0,"cards_obtained":["Disarm"]},{"damage_healed":0,"gold_gain":0,"player_choice":"Rummage","damage_taken":0,"relics_obtained":["WarpedTongs"],"max_hp_gain":0,"max_hp_loss":0,"event_name":"Accursed Blacksmith","floor":4,"gold_loss":0,"cards_obtained":["Pain"]},{"damage_healed":0,"gold_gain":0,"player_choice":"Take Wound","damage_taken":0,"relics_obtained":["Golden Idol"],"max_hp_gain":0,"max_hp_loss":0,"event_name":"Golden Idol","floor":11,"gold_loss":0,"cards_obtained":["Injury"]},{"damage_healed":0,"gold_gain":0,"player_choice":"Punched","damage_taken":3,"max_hp_gain":0,"max_hp_loss":0,"event_name":"Designer","floor":21,"gold_loss":0}],"is_beta":false,"boss_relics":[{"not_picked":["Black Star","energizedSpire:TabascoSauce"],"picked":"infinitespire:Burning Sword"},{"not_picked":[]}],"items_purged_floors":[12,23],"is_endless":false,"potions_floor_spawned":[7,10],"killed_by":"Gremlin Leader","ascension_level":5}}