{"host":"zksvs3x2ysy9npnz","time":1609979770,"event":{"mods":["Aspiration","BaseMod","Beaked The Cultist","BetterRewards","Clockwork Mod","Colored Map","Conspire","Downfall","Duelist Mod","Ekko","Halation","Highlight Path","Hubris","Hunter ??","Infinite Spire","Jedi Mod","JesterMod","Minty Spire (QoL Compilation)","Permanent Neow","Quick Restart","Relic Stats","Replay The Spire","Retaliation","Shade Mod","Shop Mod","StSLib"],"gold_per_floor":[99,109,19,37,137,137,160,174,186,198,26,60,60,78,97,171,171,171,187,240,250,37,66,66,66,85,85,85,120,120,150,160,236,236,236,253,253,265,279,279,279,297,328,341,351,377,49,61,77,77],"floor_reached":51,"playtime":4920,"items_purged":["Guardian:Strike_Guardian","Guardian:Strike_Guardian","Guardian:Strike_Guardian","Guardian:Strike_Guardian"],"score":1731,"play_id":"3ff5c645-928c-414e-bcf1-04956a515645","local_time":"20210107013610","is_ascension_mode":true,"campfire_choices":[{"data":"Guardian:TwinSlam","floor":1,"key":"SMITH"},{"data":"Guardian:FloatingOrbs","floor":6,"key":"SMITH"},{"data":"Guardian:CurlUp","floor":13,"key":"SMITH"},{"floor":18,"key":"RECALL"},{"floor":25,"key":"REST"},{"floor":28,"key":"REST"},{"data":"Guardian:StasisEngine","floor":30,"key":"SMITH"},{"data":"ReplayTheSpireMod:Haul","floor":35,"key":"SMITH"},{"data":"Guardian:Harden","floor":40,"key":"SMITH"}],"circlet_count":0,"master_deck":["AscendersBane","Guardian:Defend_Guardian","Guardian:Defend_Guardian","Guardian:Defend_Guardian","Guardian:Defend_Guardian","Guardian:CurlUp+1","Guardian:TwinSlam+2","Guardian:FloatingOrbs+1","Guardian:Harden+1","Guardian:Recover","Guardian:FuturePlans","Guardian:Recover","Guardian:ChargeUp","Guardian:StasisEngine+1","Poisoned Strike","infinitespire:Starlight","infinitespire:Collect","infinitespire:Gouge+1","ReplayTheSpireMod:Haul+1","Guardian:PiercingHide+1","Guardian:Incinerate","Guardian:ExploitGems","Guardian:Emergency","Guardian:Gem_White","Guardian:TimeCapacitor+1","Guardian:DecasProtection+1","Guardian:StasisEngine","Guardian:Planning","Guardian:Recover","Guardian:Repulse"],"relics":["Guardian:ModeShifter","halation:LettersToHer","aspiration:Lifesprig","ReplayTheSpireMod:TigerMarble","Replay:Bronze Core","halation:PromiseList","Art of War","conspire:InfiniteJournal","TheAbacus","Anchor","hubris:TenFootPole","hubris:Backtick","beaked:MendingPlumage","Shuriken","Guardian:StasisCodex","Whetstone","jedi:heavyjacket"],"acts_visited":["Exordium","TheCity","TheBeyond"],"potions_floor_usage":[12,23,23,44,44,44],"damage_taken":[{"damage":5,"enemies":"Cultist","floor":2,"turns":4},{"damage":0,"enemies":"downfall:FleeingMerchant","floor":3,"turns":4},{"damage":0,"enemies":"Jaw Worm","floor":4,"turns":5},{"damage":1,"enemies":"Small Slimes","floor":8,"turns":3},{"damage":8,"enemies":"Exordium Wildlife","floor":9,"turns":6},{"damage":1,"enemies":"Red Slaver","floor":10,"turns":4},{"damage":0,"enemies":"downfall:FleeingMerchant","floor":11,"turns":4},{"damage":15,"enemies":"3 Sentries","floor":12,"turns":10},{"damage":0,"enemies":"2 Fungi Beasts","floor":14,"turns":2},{"damage":0,"enemies":"3 Louse","floor":15,"turns":2},{"damage":5,"enemies":"downfall:Watcher","floor":16,"turns":11},{"damage":3,"enemies":"Spheric Guardian","floor":19,"turns":12},{"damage":25,"enemies":"conspire:MimicChest","floor":20,"turns":12},{"damage":4,"enemies":"Shell Parasite","floor":21,"turns":8},{"damage":0,"enemies":"downfall:FleeingMerchant","floor":22,"turns":5},{"damage":18,"enemies":"Slavers","floor":23,"turns":8},{"damage":0,"enemies":"Centurion and Healer","floor":26,"turns":6},{"damage":0,"enemies":"Gremlin Leader","floor":29,"turns":6},{"damage":0,"enemies":"Book of Stabbing","floor":31,"turns":4},{"damage":0,"enemies":"Sentry and Sphere","floor":32,"turns":4},{"damage":0,"enemies":"downfall:Defect","floor":33,"turns":7},{"damage":0,"enemies":"3 Shapes","floor":36,"turns":6},{"damage":2,"enemies":"3 Darklings","floor":38,"turns":6},{"damage":0,"enemies":"Jaw Worm Horde","floor":39,"turns":2},{"damage":0,"enemies":"4 Shapes","floor":42,"turns":2},{"damage":0,"enemies":"Reptomancer","floor":43,"turns":4},{"damage":0,"enemies":"Writhing Mass","floor":44,"turns":3},{"damage":7,"enemies":"Sphere and 2 Shapes","floor":45,"turns":4},{"damage":0,"enemies":"Nemesis","floor":46,"turns":3},{"damage":0,"enemies":"downfall:FleeingMerchant","floor":47,"turns":3},{"damage":0,"enemies":"3 Darklings","floor":48,"turns":3},{"damage":0,"enemies":"Jaw Worm Horde","floor":49,"turns":3},{"damage":0,"enemies":"downfall:Ironclad","floor":50,"turns":4}],"seed_played":"-6276077709727652891","potions_obtained":[{"floor":2,"key":"LiquidBronze"},{"floor":4,"key":"PowerPotion"},{"floor":9,"key":"jedi:tentaclejuice"},{"floor":15,"key":"Strength Potion"},{"floor":21,"key":"LifebloodPotion"},{"floor":23,"key":"PowerPotion"},{"floor":26,"key":"EntropicBrew"},{"floor":45,"key":"Milkshake"}],"is_trial":false,"path_per_floor":["R","M","$","M","?","R","T","M","M","M","$","E","R","M","M","B",null,"R_BF","M","?","M","$","E","T","R","M","AVR","R","E","R","E","M","B",null,"R","M","?","M","M","R","T","M","E","M","M","E","$","M","M","B",null],"character_chosen":"GUARDIAN","items_purchased":["Guardian:Gem_Cyan","Poisoned Strike","Whetstone","jedi:heavyjacket","Guardian:Planning","Guardian:Recover"],"campfire_rested":2,"item_purchase_floors":[11,22,47,47,47,47],"current_hp_per_floor":[65,60,60,60,60,60,60,59,51,50,50,35,35,35,35,30,62,62,59,34,30,30,12,12,33,33,33,54,64,64,68,68,72,72,72,72,67,72,72,72,72,72,72,72,72,72,72,72,72,72],"gold":77,"neow_bonus":"RANDOM_COMMON_RELIC","is_daily":false,"chose_seed":false,"campfire_upgraded":6,"win_rate":0.0,"timestamp":1609979770,"path_taken":["R","M","?","M","?","R","T","?","M","M","?","E","R","M","M","BOSS","R_BF","M","?","?","$","E","T","R","M","AVR","R","E","R","E","M","BOSS","R","M","?","M","?","R","T","M","E","?","M","E","$","M","M","BOSS"],"items_purchased_type":["Card","Card","Relic","Relic","Card","Card"],"build_version":"2020-12-22","purchased_purges":4,"victory":true,"max_hp_per_floor":[72,72,72,72,72,72,72,72,72,72,72,72,72,72,72,72,72,72,72,72,72,72,72,72,72,72,72,72,72,72,72,72,72,72,72,72,72,72,72,72,72,72,72,72,72,72,72,72,72,72],"relic_stats":{"TheAbacus":[288],"counters":[33,170],"Shuriken":[23],"Art of War":[2],"Whetstone":["infinitespire:Gouge","Guardian:TwinSlam"],"obtain_stats":[{"aspiration:Lifesprig":7,"Guardian:ModeShifter":0,"Guardian:StasisCodex":46,"Whetstone":47,"conspire:InfiniteJournal":24,"jedi:heavyjacket":47,"Anchor":29,"TheAbacus":27,"hubris:Backtick":34,"Shuriken":43,"Replay:Bronze Core":17,"ReplayTheSpireMod:TigerMarble":12,"halation:PromiseList":20,"Art of War":23,"hubris:TenFootPole":31,"beaked:MendingPlumage":34,"halation:LettersToHer":0},{"aspiration:Lifesprig":3,"Guardian:ModeShifter":0,"Guardian:StasisCodex":29,"Whetstone":30,"conspire:InfiniteJournal":16,"jedi:heavyjacket":30,"Anchor":18,"TheAbacus":17,"hubris:Backtick":21,"Shuriken":26,"Replay:Bronze Core":11,"ReplayTheSpireMod:TigerMarble":8,"halation:PromiseList":13,"Art of War":16,"hubris:TenFootPole":19,"beaked:MendingPlumage":21,"halation:LettersToHer":0},{"aspiration:Lifesprig":13,"Guardian:ModeShifter":0,"Guardian:StasisCodex":157,"Whetstone":160,"conspire:InfiniteJournal":100,"jedi:heavyjacket":160,"Anchor":112,"TheAbacus":106,"hubris:Backtick":127,"Shuriken":147,"Replay:Bronze Core":55,"ReplayTheSpireMod:TigerMarble":40,"halation:PromiseList":79,"Art of War":100,"hubris:TenFootPole":116,"beaked:MendingPlumage":127,"halation:LettersToHer":0}]},"card_choices":[{"not_picked":["Guardian:ChargeCore","Guardian:Gem_White"],"picked":"Guardian:FloatingOrbs","floor":2},{"not_picked":["Guardian:TemporalStrike","Guardian:GuardianWhirl"],"picked":"Guardian:Harden","floor":3},{"not_picked":["Guardian:SpikerProtocol","Guardian:CrystalBeam"],"picked":"Guardian:Recover","floor":4},{"not_picked":["Guardian:FloatingOrbs","Guardian:RollAttack","Guardian:TimeCapacitor"],"picked":"SKIP","floor":8},{"not_picked":["Guardian:TemporalStrike","Guardian:RollAttack","Guardian:PrismaticBeam"],"picked":"SKIP","floor":9},{"not_picked":["Guardian:Incinerate","Guardian:Clone","Guardian:TemporalShield"],"picked":"SKIP","floor":10},{"not_picked":["Guardian:RollAttack","Guardian:RevengeProtocol"],"picked":"Guardian:Gem_Red","floor":11},{"not_picked":["Guardian:Reroute","Guardian:PrismaticBeam"],"picked":"Guardian:FuturePlans","floor":12},{"not_picked":["Guardian:Gem_Crimson","Guardian:Reroute"],"picked":"Guardian:Recover","floor":14},{"not_picked":["Guardian:Planning","Guardian:PrimingBeam"],"picked":"Guardian:ChargeUp","floor":15},{"not_picked":["Guardian:CompilePackage","Guardian:ConstructionForm"],"picked":"Guardian:StasisEngine","floor":16},{"not_picked":["Guardian:CrystalBeam","Guardian:VentSteam","Guardian:PrimingBeam"],"picked":"SKIP","floor":19},{"not_picked":["Guardian:PrimingBeam","Guardian:Planning","Guardian:Clone"],"picked":"SKIP","floor":21},{"not_picked":["Guardian:VentSteam","Guardian:Gem_Purple"],"picked":"Guardian:Gem_Orange","floor":22},{"not_picked":["Guardian:GemFinder","Guardian:CrystalBeam"],"picked":"Guardian:Gem_Green","floor":23},{"not_picked":["Guardian:ChargeCore","Guardian:DonusPower","Guardian:Suspension+1"],"picked":"SKIP","floor":26},{"not_picked":["Guardian:Gem_Red","Guardian:Gem_Fragmented"],"picked":"Guardian:PiercingHide+1","floor":29},{"not_picked":["Guardian:Planning","Guardian:PrimingBeam","Guardian:CrystalBeam+1"],"picked":"SKIP","floor":31},{"not_picked":["Guardian:TemporalShield","Guardian:MultiBeam"],"picked":"Guardian:Incinerate","floor":32},{"not_picked":["Guardian:StasisStrike","Guardian:RevengeProtocol"],"picked":"Guardian:ExploitGems","floor":33},{"not_picked":["Guardian:TemporalStrike+1","Guardian:CrystalBeam"],"picked":"Guardian:Emergency","floor":36},{"not_picked":["Guardian:PrismaticBeam+1","Guardian:Orbwalk","Guardian:Suspension+1"],"picked":"SKIP","floor":38},{"not_picked":["Guardian:PrimingBeam","Guardian:Planning","Guardian:ShieldCharger+1"],"picked":"SKIP","floor":39},{"not_picked":["Guardian:DonusPower","Guardian:Reroute+1","Guardian:Suspension+1"],"picked":"SKIP","floor":42},{"not_picked":["Guardian:SpikerProtocol+1","Guardian:BaubleBeam"],"picked":"Guardian:Gem_White","floor":43},{"not_picked":["Guardian:Gem_Purple","Guardian:ArmoredProtocol"],"picked":"Guardian:TimeCapacitor+1","floor":44},{"not_picked":["Guardian:Gem_Crimson","Guardian:Reroute"],"picked":"Guardian:DecasProtection+1","floor":45},{"not_picked":["Guardian:Gem_Blue","Guardian:TemporalStrike"],"picked":"Guardian:StasisEngine","floor":46},{"not_picked":["Guardian:TimeBomb+1","Guardian:Reroute+1","Guardian:Gem_Red"],"picked":"SKIP","floor":47},{"not_picked":["Guardian:PolyBeam","Guardian:ChargeCore"],"picked":"Guardian:Repulse","floor":48},{"not_picked":["Guardian:Recover","Guardian:VentSteam+1","Guardian:Gem_Red"],"picked":"SKIP","floor":49}],"player_experience":1786426,"relics_obtained":[{"floor":7,"key":"halation:LettersToHer"},{"floor":7,"key":"aspiration:Lifesprig"},{"floor":12,"key":"ReplayTheSpireMod:TigerMarble"},{"floor":20,"key":"halation:PromiseList"},{"floor":23,"key":"Art of War"},{"floor":24,"key":"halation:LettersToHer"},{"floor":24,"key":"conspire:InfiniteJournal"},{"floor":29,"key":"Anchor"},{"floor":31,"key":"hubris:TenFootPole"},{"floor":41,"key":"halation:LettersToHer"},{"floor":43,"key":"Shuriken"},{"floor":46,"key":"Guardian:StasisCodex"}],"event_choices":[{"damage_healed":0,"gold_gain":0,"player_choice":"Damaged","damage_taken":10,"max_hp_gain":0,"max_hp_loss":0,"event_name":"Wheel of Change","floor":37,"gold_loss":0}],"is_beta":false,"boss_relics":[{"not_picked":["Runic Dome","conspire:SeveredTorchhead"],"picked":"Replay:Bronze Core"},{"not_picked":["Coffee Dripper","Ring of Chaos"],"picked":"hubris:Backtick"}],"items_purged_floors":[3,11,27,47],"is_endless":false,"potions_floor_spawned":[2,4,9,15,21,23,26,32,36,43,45,46],"ascension_level":16}}