{"host":"7sni158j623xchr2","time":1609994560,"event":{"mods":["BaseMod","Colored Map","Highlight Path","Minty Spire (QoL Compilation)","Permanent Neow","Potion Indicator Mod","Rare Cards Sparkle","Relic Sorter","Relic Stats","StSLib","everything is the same but u backflip on backflip"],"gold_per_floor":[112,112,37,53,53,53,72,99,123,123,142,142,154,185,185,287,287,307,307,136,166,182,182,182,209,209,209,224,224,265,291,291,291,291],"floor_reached":33,"playtime":1140,"items_purged":["Defend_B"],"score":322,"play_id":"48e0c03a-0e60-452e-939b-38b6d8c02d8b","local_time":"20210106224240","is_ascension_mode":true,"campfire_choices":[{"data":"Zap","floor":6,"key":"SMITH"},{"data":"Melter","floor":10,"key":"SMITH"},{"data":"FTL","floor":12,"key":"SMITH"},{"data":"Rip and Tear","floor":15,"key":"SMITH"},{"data":"White Noise","floor":23,"key":"SMITH"},{"data":"Seek","floor":27,"key":"SMITH"},{"floor":32,"key":"REST"}],"circlet_count":0,"master_deck":["Strike_B+1","Strike_B+1","Defend_B+1","Defend_B+1","Defend_B+1","Zap+1","Dualcast+1","Melter+1","BootSequence","FTL+1","Coolheaded","Steam","Rip and Tear+1","Sweeping Beam","Seek+1","White Noise+1","Doom and Gloom","Dark Shackles","Consume","Echo Form","Hologram","Lockon"],"relics":["Cursed Key","PreservedInsect","Smiling Mask","Empty Cage","Calipers","Nloth\u0027s Gift","CeramicFish"],"acts_visited":["Exordium","TheCity"],"potions_floor_usage":[33],"damage_taken":[{"damage":12.0,"enemies":"Small Slimes","floor":1.0,"turns":4.0},{"damage":0,"enemies":"2 Louse","floor":4,"turns":1},{"damage":0,"enemies":"Cultist","floor":7,"turns":3},{"damage":3,"enemies":"Lagavulin","floor":8,"turns":5},{"damage":4,"enemies":"Blue Slaver","floor":11,"turns":3},{"damage":0,"enemies":"3 Louse","floor":13,"turns":3},{"damage":7,"enemies":"Gremlin Nob","floor":14,"turns":3},{"damage":31,"enemies":"Slime Boss","floor":16,"turns":11},{"damage":14,"enemies":"2 Thieves","floor":18,"turns":3},{"damage":0,"enemies":"Masked Bandits","floor":21,"turns":3},{"damage":0,"enemies":"Shell Parasite","floor":22,"turns":3},{"damage":14,"enemies":"Slavers","floor":25,"turns":4},{"damage":0,"enemies":"Chosen and Byrds","floor":28,"turns":6},{"damage":8,"enemies":"Book of Stabbing","floor":30,"turns":4},{"damage":24,"enemies":"3 Cultists","floor":31,"turns":4},{"damage":52,"enemies":"Collector","floor":33,"turns":6}],"seed_played":"-7009661436010801555","potions_obtained":[{"floor":1.0,"key":"SmokeBomb"},{"floor":13,"key":"Ancient Potion"},{"floor":14,"key":"CultistPotion"},{"floor":22,"key":"GamblersBrew"},{"floor":28,"key":"LiquidMemories"}],"is_trial":false,"path_per_floor":["M","?","$","M","?","R","M","E","T","R","M","R","M","E","R","B",null,"M","?","$","?","M","R","?","E","T","R","M","?","E","M","R","B"],"character_chosen":"DEFECT","items_purchased":["Doom and Gloom","Dark Shackles"],"campfire_rested":1,"item_purchase_floors":[20,20],"current_hp_per_floor":[63,48,48,48,48,48,48,45,45,45,41,41,41,34,34,3,75,61,61,61,61,61,61,47,33,33,33,33,33,25,1,25,0,0],"gold":291,"neow_bonus":"BOSS_RELIC","is_daily":false,"chose_seed":false,"campfire_upgraded":6,"win_rate":0.0,"timestamp":1609994560,"path_taken":["M","?","$","M","?","R","M","E","T","R","M","R","M","E","R","BOSS","M","?","$","?","M","R","?","E","T","R","M","?","E","?","R","BOSS"],"items_purchased_type":["Card","Card"],"build_version":"2020-12-22","purchased_purges":1,"victory":false,"max_hp_per_floor":[75,75,75,75,75,75,75,75,75,75,75,75,75,75,75,75,75,75,75,75,75,75,75,80,80,80,80,80,80,80,80,80,80,80],"relic_stats":{"counters":[16,66],"CeramicFish":18,"PreservedInsect":102,"Nloth\u0027s Gift":0,"Cursed Key":1,"Smiling Mask":0,"obtain_stats":[{"Calipers":25,"CeramicFish":30,"PreservedInsect":8,"Red Mask":21,"Nloth\u0027s Gift":29,"Cracked Core":0,"Cursed Key":0,"Smiling Mask":14,"Empty Cage":17},{"Calipers":12,"CeramicFish":14,"PreservedInsect":4,"Red Mask":10,"Nloth\u0027s Gift":13,"Cracked Core":0,"Cursed Key":0,"Smiling Mask":7,"Empty Cage":8},{"Calipers":46,"CeramicFish":56,"PreservedInsect":13,"Red Mask":39,"Nloth\u0027s Gift":52,"Cracked Core":0,"Cursed Key":0,"Smiling Mask":22,"Empty Cage":33}]},"card_choices":[{"not_picked":["Recycle","BootSequence"],"picked":"Melter","floor":1.0},{"not_picked":["Static Discharge","Compile Driver"],"picked":"BootSequence","floor":4},{"not_picked":["Rebound","Tempest"],"picked":"FTL","floor":7},{"not_picked":["Beam Cell","Static Discharge"],"picked":"Coolheaded","floor":8},{"not_picked":["Hologram","Beam Cell"],"picked":"Steam","floor":11},{"not_picked":["Coolheaded","Go for the Eyes"],"picked":"Rip and Tear","floor":13},{"not_picked":["Conserve Battery","Steam"],"picked":"Sweeping Beam","floor":14},{"not_picked":["Reboot","Multi-Cast"],"picked":"Seek","floor":16},{"not_picked":["FTL","Streamline"],"picked":"White Noise","floor":18},{"not_picked":["Ball Lightning+1","Force Field"],"picked":"Consume","floor":22},{"not_picked":["Hyperbeam","Leap"],"picked":"Echo Form","floor":25},{"not_picked":["Recycle+1","Chill","Rebound"],"picked":"SKIP","floor":28},{"not_picked":["Reprogram","Stack"],"picked":"Hologram","floor":30},{"not_picked":["Ball Lightning","Rip and Tear+1"],"picked":"Lockon","floor":31}],"player_experience":1600450,"relics_obtained":[{"floor":8,"key":"PreservedInsect"},{"floor":14,"key":"Smiling Mask"},{"floor":21,"key":"Red Mask"},{"floor":25,"key":"Calipers"},{"floor":30,"key":"CeramicFish"}],"event_choices":[{"damage_healed":0.0,"max_hp_gain":0.0,"max_hp_loss":0.0,"gold_gain":0.0,"event_name":"Shining Light","player_choice":"Entered Light","floor":2.0,"gold_loss":0.0,"damage_taken":15.0,"cards_upgraded":["Dualcast","Defend_B"]},{"cards_removed":["Strike_B"],"damage_healed":0,"gold_gain":0,"player_choice":"Purged","damage_taken":0,"max_hp_gain":0,"max_hp_loss":0,"event_name":"Purifier","floor":5,"gold_loss":0},{"damage_healed":0,"gold_gain":0,"player_choice":"Simplicity","damage_taken":0,"max_hp_gain":0,"max_hp_loss":0,"event_name":"Back to Basics","floor":19,"gold_loss":0,"cards_upgraded":["Strike_B","Strike_B","Defend_B","Defend_B"]},{"damage_healed":0,"gold_gain":0,"player_choice":"Fought Bandits","damage_taken":0,"max_hp_gain":0,"max_hp_loss":0,"event_name":"Masked Bandits","floor":21,"gold_loss":0},{"damage_healed":0,"gold_gain":0,"player_choice":"Shed Blood","damage_taken":19,"max_hp_gain":5,"max_hp_loss":0,"event_name":"Forgotten Altar","floor":24,"gold_loss":0},{"damage_healed":0,"gold_gain":0,"player_choice":"Traded Relic","damage_taken":0,"relics_obtained":["Nloth\u0027s Gift"],"max_hp_gain":0,"max_hp_loss":0,"event_name":"N\u0027loth","floor":29,"relics_lost":["Red Mask"],"gold_loss":0}],"is_beta":false,"boss_relics":[{"not_picked":["Sozu","Ectoplasm"],"picked":"Empty Cage"}],"items_purged_floors":[3],"is_endless":false,"potions_floor_spawned":[1,13,14,16,22,28,30,31],"killed_by":"Collector","ascension_level":2}}