{"host":"6febr6iklru1ag3j","time":1609980744,"event":{"mods":["Aspiration","BaseMod","Better Note","DeckTracker","Hubris","Minty Spire (QoL Compilation)","Replay The Spire","Shop Mod","StSLib","The Jungle","slay the spire mod where everything is the same but ironclad has a cowboy hat"],"gold_per_floor":[118,136,147,80,92,120,45,45,70,70,86,101,113,128,128,128,128],"floor_reached":16,"playtime":741,"items_purged":["Strike_B"],"score":133,"play_id":"c19c263c-e6e5-462d-bd86-a38af7be6977","local_time":"20210106195224","is_ascension_mode":true,"campfire_choices":[{"floor":8,"key":"REST"},{"floor":10,"key":"REST"},{"floor":15,"key":"REST"}],"circlet_count":0,"master_deck":["Strike_B","Strike_B","Strike_B","Defend_B","Defend_B","Defend_B","Defend_B","Zap","Dualcast","Violence","Panic Button","Storm","Doom and Gloom","Glacier","White Noise"],"relics":["Cracked Core","hubris:DisguiseKit","DataDisk"],"acts_visited":["Exordium"],"potions_floor_usage":[5,6,13,14,16,16],"damage_taken":[{"damage":1,"enemies":"Cultist","floor":1,"turns":3},{"damage":4,"enemies":"Jaw Worm","floor":2,"turns":3},{"damage":12,"enemies":"Small Slimes","floor":3,"turns":3},{"damage":14,"enemies":"Red Slaver","floor":5,"turns":2},{"damage":20,"enemies":"Lagavulin","floor":6,"turns":6},{"damage":12,"enemies":"Looter","floor":11,"turns":3},{"damage":2,"enemies":"Large Slime","floor":12,"turns":3},{"damage":0,"enemies":"3 Louse","floor":13,"turns":1},{"damage":7,"enemies":"Exordium Wildlife","floor":14,"turns":4},{"damage":51,"enemies":"Hexaghost","floor":16,"turns":16}],"seed_played":"-1393426608343828976","potions_obtained":[{"floor":1,"key":"FocusPotion"},{"floor":3,"key":"ColorlessPotion"},{"floor":11,"key":"FocusPotion"},{"floor":12,"key":"AttackPotion"},{"floor":13,"key":"AttackPotion"},{"floor":14,"key":"AttackPotion"}],"is_trial":false,"path_per_floor":["M","M","M","$","M","E","$","R","T","R","M","M","M","M","R","B"],"character_chosen":"DEFECT","items_purchased":["Doom and Gloom"],"campfire_rested":3,"item_purchase_floors":[4],"current_hp_per_floor":[53,49,37,37,23,3,3,25,25,47,35,33,33,26,48,0,0],"gold":128,"neow_bonus":"RANDOM_COLORLESS_2","is_daily":false,"chose_seed":false,"campfire_upgraded":0,"win_rate":0.0,"timestamp":1609980744,"path_taken":["M","M","M","$","M","E","$","R","T","R","M","?","M","M","R","BOSS"],"items_purchased_type":["Card"],"build_version":"2020-12-22","purchased_purges":1,"victory":false,"max_hp_per_floor":[75,75,75,75,75,75,75,75,75,75,75,75,75,75,75,75,75],"card_choices":[{"not_picked":["Midas Touch","Chrysalis"],"picked":"Violence","floor":0},{"not_picked":["BasicCrystalCard","Cold Snap"],"picked":"Panic Button","floor":1},{"not_picked":["Ball Lightning","Streamline"],"picked":"Storm","floor":2},{"not_picked":["Go for the Eyes","Skim","Beam Cell"],"picked":"SKIP","floor":3},{"not_picked":["Tempest","ReplayTheSpireMod:Reroute Power"],"picked":"Glacier","floor":5},{"not_picked":["Cold Snap","BasicCrystalCard","hubris:Prefetch"],"picked":"SKIP","floor":6},{"not_picked":["Double Energy","Streamline","ReplayGash","Massacre"],"picked":"SKIP","floor":11},{"not_picked":["Rebound","Steam","Run Through"],"picked":"White Noise","floor":12},{"not_picked":["Blizzard","Gash","ReplayTheSpireMod:Calculation Training","Clash"],"picked":"SKIP","floor":13},{"not_picked":["Reinforced Body","Double Energy","Sweeping Beam","Rupture"],"picked":"SKIP","floor":14}],"player_experience":362394,"relics_obtained":[{"floor":6,"key":"hubris:DisguiseKit"},{"floor":9,"key":"DataDisk"}],"event_choices":[],"is_beta":false,"boss_relics":[],"items_purged_floors":[7],"is_endless":false,"potions_floor_spawned":[1,3,11,12,13,14],"killed_by":"Hexaghost","ascension_level":5}}