{"host":"p5nht1vx148lgsp8","time":1609993719,"event":{"mods":["AchievementEnabler","Act Like it!","BaseMod","Better Altar","Better Match","Better Note","Better Sensory Stone","Better Skull","Better Third Choice","Colored Map","Colored Powertips","Conspire","Downfall","Infinite Spire","KinomotoSakuraMod(木之本樱)","Marisa（霧雨　魔理沙）","Minty Spire (QoL Compilation)","Prisma Mod","Replay The Spire","StSLib","The Servant 0.9.4","Waifu the Spire"],"gold_per_floor":[112,112,123,136,154,190,190,227,251,274,299,299,30,52,52,156,156,175,175,185,285,307,341,341,364,364,364,2,2,2,2,2,26,26,133,133,151,53,63,163,187,239,251,251,251,280,280,289,324,366,366,366,366],"floor_reached":52,"playtime":4564,"items_purged":["Strike_MRS","Defend_MRS","DC"],"score":887,"play_id":"6771c999-026c-4b7c-9d77-3ad2b4999f8b","local_time":"20210106202839","is_ascension_mode":true,"campfire_choices":[{"floor":12,"key":"RECALL"},{"floor":15,"key":"REST"},{"data":"BinaryStars","floor":24,"key":"SMITH"},{"data":"StarDustReverie","floor":27,"key":"SMITH"},{"data":"JA","floor":29,"key":"SMITH"},{"floor":34,"key":"REST"},{"floor":44,"key":"REST"},{"floor":47,"key":"REST"},{"floor":51,"key":"REST"}],"circlet_count":0,"master_deck":["Strike_MRS","Strike_MRS","Strike_MRS","Defend_MRS","Defend_MRS","Defend_MRS","MasterSpark","UpSweep","DeepEcoloBomb+1","ShootTheMoon+1","DC","MeteoricShower","OortCloud","EarthLightRay","OortCloud","SuperPerseids","GasGiant","OortCloud","StarDustReverie+1","BinaryStars+1","GasGiant","PowerUp+1","WitchLeyline","JA+1","MysteriousBeam","EscapeVelocity","Metamorphosis","Panacea","expansioncontent:YouAreMine","infinitespire:Collect","TreasureHunter","JA+1","UltimateShortwave"],"relics":["MiniHakkero","Oddly Smooth Stone","CeramicFish","Potion Belt","ReplayFunnel","Strange Spoon","ChewingGum","Enchiridion","Gambling Chip","Nunchaku","Guide Book","SlaversCollar","ReplayTheSpireMod:ShopPack","Akabeko","infinitespire:EmpoweringShard","Toy Ornithopter","infinitespire:EvilPickle","DollysMirror"],"acts_visited":["Exordium","TheCity","TheBeyond"],"potions_floor_usage":[6,8,8,8,11,25,25,33,35,35,42,50,52],"damage_taken":[{"damage":3,"enemies":"conspire:RoseBush","floor":1,"turns":3},{"damage":0,"enemies":"Cultist","floor":3,"turns":3},{"damage":3,"enemies":"infinitespire:Voidling","floor":4,"turns":3},{"damage":0,"enemies":"Large Slime","floor":5,"turns":4},{"damage":20,"enemies":"Lagavulin","floor":6,"turns":5},{"damage":2,"enemies":"Gremlin Nob","floor":8,"turns":4},{"damage":6,"enemies":"Blue Slaver","floor":10,"turns":2},{"damage":0,"enemies":"Gremlin Gang","floor":11,"turns":3},{"damage":2,"enemies":"Exordium Thugs","floor":14,"turns":3},{"damage":23,"enemies":"Hexaghost","floor":16,"turns":11},{"damage":0,"enemies":"Shell Parasite","floor":18,"turns":5},{"damage":5,"enemies":"Chosen","floor":20,"turns":5},{"damage":0,"enemies":"Snecko","floor":22,"turns":4},{"damage":5,"enemies":"Replay:Snechameleon","floor":23,"turns":7},{"damage":8,"enemies":"Centurion and Healer","floor":25,"turns":4},{"damage":21,"enemies":"Snake Plant","floor":33,"turns":2},{"damage":12,"enemies":"Pondfish","floor":35,"turns":10},{"damage":3,"enemies":"Orb Walker","floor":37,"turns":2},{"damage":7,"enemies":"3 Shapes","floor":39,"turns":3},{"damage":0,"enemies":"Maw","floor":41,"turns":6},{"damage":10,"enemies":"Nightmare","floor":42,"turns":11},{"damage":51,"enemies":"3 Darklings","floor":43,"turns":4},{"damage":4,"enemies":"R_Hoarder","floor":46,"turns":3},{"damage":22,"enemies":"Sphere and 2 Shapes","floor":49,"turns":4},{"damage":30,"enemies":"Maw","floor":50,"turns":6},{"damage":0,"enemies":"conspire:OrnateMirror","floor":52,"turns":1}],"seed_played":"1182670057939518561","potions_obtained":[{"floor":1,"key":"DuplicationPotion"},{"floor":7,"key":"PowerPotion"},{"floor":7,"key":"Adrenaline Potion"},{"floor":7,"key":"Adrenaline Potion"},{"floor":8,"key":"Fire Potion"},{"floor":14,"key":"Regen Potion"},{"floor":16,"key":"LifebloodPotion"},{"floor":18,"key":"Dexterity Potion"},{"floor":20,"key":"Death Potion"},{"floor":23,"key":"DuplicationPotion"},{"floor":39,"key":"SpeedPotion"},{"floor":41,"key":"ColorlessPotion"},{"floor":46,"key":"DuplicationPotion"},{"floor":49,"key":"Weak Potion"},{"floor":50,"key":"Languid Potion"}],"is_trial":false,"path_per_floor":["M","?","M","M","M","E","?","E","T","M","M","R","$","M","R","B",null,"M","?","M","?","M","E","R","M","T","R","$","R","PTL","PTL","AVR","M","R","B",null,"M","$","M","?","M","NM","M","R","T","E","R","AVR","M","M","R","B"],"character_chosen":"MARISA","items_purchased":["GasGiant","OortCloud","Strange Spoon","JA","Nunchaku","ReplayTheSpireMod:ShopPack"],"campfire_rested":5,"item_purchase_floors":[13,13,13,28,28,38],"current_hp_per_floor":[77,77,77,74,74,54,54,52,52,46,50,50,50,48,72,61,80,80,64,63,63,63,62,62,58,58,58,58,58,58,58,58,46,70,62,80,77,77,70,70,74,68,17,41,41,41,65,65,47,26,50,55,55],"gold":366,"neow_bonus":"RANDOM_EVENT","is_daily":false,"chose_seed":false,"campfire_upgraded":3,"win_rate":0.0,"timestamp":1609993719,"path_taken":["M","?","?","M","M","E","?","E","T","M","?","R","$","M","R","BOSS","M","?","M","?","M","E","R","?","T","R","?","R","PTL","PTL","AVR","M","R","BOSS","M","$","M","?","M","NM","?","R","T","E","R","AVR","M","M","R","BOSS"],"items_purchased_type":["Card","Card","Relic","Card","Relic","Relic"],"build_version":"2020-12-22","purchased_purges":3,"victory":false,"max_hp_per_floor":[80,80,80,80,80,80,80,80,80,80,80,80,80,80,80,80,80,80,80,80,80,80,80,80,80,80,80,80,80,80,80,80,80,80,80,80,80,80,80,80,80,80,80,80,80,80,80,80,80,80,80,80,80],"card_choices":[{"not_picked":["IllusionStar","UnstableBomb"],"picked":"DeepEcoloBomb","floor":1},{"not_picked":["MysteriousBeam","IllusionStar"],"picked":"ShootTheMoon","floor":3},{"not_picked":["6A","EnergyFlow"],"picked":"DC","floor":4},{"not_picked":["UnstableBomb","IllusionStar"],"picked":"MeteoricShower","floor":5},{"not_picked":["RefractionSpark","DoubleSpark"],"picked":"OortCloud","floor":6},{"not_picked":["StarlightTyphoon","ShootingEcho"],"picked":"EarthLightRay","floor":8},{"not_picked":["Acceleration","OneTimeOff"],"picked":"OortCloud","floor":10},{"not_picked":["EnergyFlow","MagicAbsorber"],"picked":"SuperPerseids","floor":11},{"not_picked":["WitchLeyline","OrrerysSun"],"picked":"StarDustReverie","floor":14},{"not_picked":["ManaRampage","CasketOfStar"],"picked":"BinaryStars","floor":16},{"not_picked":["LuminesStrike","GalacticHalo"],"picked":"GasGiant","floor":18},{"not_picked":["DarkMatter","GasGiant+1","GravityBeat"],"picked":"SKIP","floor":20},{"not_picked":["WitchLeyline","Occultation"],"picked":"PowerUp+1","floor":22},{"not_picked":["6A","StarBarrage+1","GrandCross"],"picked":"SKIP","floor":23},{"not_picked":["GrandCross","DoubleSpark"],"picked":"WitchLeyline","floor":25},{"not_picked":["Robbery","PulseMagic"],"picked":"MysteriousBeam","floor":33},{"not_picked":["BinaryStars","BigCrunch"],"picked":"EscapeVelocity","floor":35},{"not_picked":["LuminesStrike","IllusionStar+1","StarlightTyphoon"],"picked":"SKIP","floor":37},{"not_picked":["Chrysalis","Magnetism"],"picked":"Metamorphosis","floor":38},{"not_picked":["Swift Strike","Replay:SS_fish_2"],"picked":"Panacea","floor":38},{"not_picked":["expansioncontent:HyperBeam","expansioncontent:SlimeTackle"],"picked":"expansioncontent:YouAreMine","floor":38},{"not_picked":["AsteroidBelt+1","6A+1","OneTimeOff+1"],"picked":"SKIP","floor":39},{"not_picked":["ShootingEcho+1","MilkyWay"],"picked":"DC","floor":41},{"not_picked":["Replay:Fractal Strike","ReplayTheSpireMod:??????????????????????"],"picked":"infinitespire:Collect","floor":42},{"not_picked":["EnergyRecoil","SporeBomb"],"picked":"TreasureHunter","floor":42},{"not_picked":["GalacticHalo","SuperPerseids+1","GrandCross"],"picked":"SKIP","floor":43},{"not_picked":["DC+1","FairyDestructionRay","SprinkleStarSeal"],"picked":"SKIP","floor":46},{"not_picked":["AlicesGift","DoubleSpark+1","OortCloud"],"picked":"SKIP","floor":49},{"not_picked":["WitchLeyline","OrrerysSun+1"],"picked":"UltimateShortwave","floor":50}],"player_experience":196897,"relics_obtained":[{"floor":2,"key":"Oddly Smooth Stone"},{"floor":6,"key":"CeramicFish"},{"floor":8,"key":"Potion Belt"},{"floor":9,"key":"ReplayFunnel"},{"floor":19,"key":"Enchiridion"},{"floor":23,"key":"Gambling Chip"},{"floor":42,"key":"Akabeko"},{"floor":45,"key":"infinitespire:EmpoweringShard"},{"floor":46,"key":"Toy Ornithopter"}],"event_choices":[{"damage_healed":0,"gold_gain":0,"player_choice":"Donut","damage_taken":0,"max_hp_gain":5,"max_hp_loss":0,"event_name":"Big Fish","floor":0,"gold_loss":0},{"damage_healed":0,"gold_gain":0,"player_choice":"Relic","damage_taken":0,"max_hp_gain":0,"max_hp_loss":0,"event_name":"Wheel of Change","floor":2,"gold_loss":0},{"damage_healed":0,"gold_gain":0,"player_choice":"Got Potions","damage_taken":0,"max_hp_gain":0,"max_hp_loss":0,"event_name":"Lab","floor":7,"gold_loss":0},{"damage_healed":0,"gold_gain":0,"player_choice":"Obtained Book","damage_taken":16,"max_hp_gain":0,"max_hp_loss":0,"event_name":"Cursed Tome","floor":19,"gold_loss":0},{"damage_healed":0,"gold_gain":100,"player_choice":"Pray","damage_taken":0,"max_hp_gain":0,"max_hp_loss":0,"event_name":"Golden Shrine","floor":21,"gold_loss":0},{"damage_healed":0,"gold_gain":100,"player_choice":"Pray","damage_taken":0,"max_hp_gain":0,"max_hp_loss":0,"event_name":"Golden Shrine","floor":40,"gold_loss":0}],"is_beta":false,"boss_relics":[{"not_picked":["Pandora\u0027s Box","Coffee Dripper"],"picked":"ChewingGum"},{"not_picked":["Empty Cage","RampagingMagicTools"],"picked":"SlaversCollar"}],"items_purged_floors":[28,32,48],"is_endless":true,"potions_floor_spawned":[1,8,14,16,18,20,23,39,41,46,49,50],"killed_by":"conspire:OrnateMirror","ascension_level":1}}