{"host":"vddkjx04kiwje1tk","time":1609995766,"event":{"mods":["AchievementEnabler","BaseMod","Colored Map","Minty Spire (QoL Compilation)","Quick Restart","SuperFastMode"],"gold_per_floor":[109,109,109,184,184,225,247,284,284,76,76,76,93,43,43,147,147,175,185,185,198,21,63,63,63,63],"floor_reached":25,"playtime":381,"items_purged":["Strike_R","Defend_R"],"score":340,"play_id":"bdd47838-4a49-4883-b413-daa0822283db","local_time":"20210107140246","is_ascension_mode":true,"campfire_choices":[{"data":"Demon Form","floor":12,"key":"SMITH"},{"data":"Bash","floor":15,"key":"SMITH"},{"floor":24,"key":"REST"}],"circlet_count":0,"master_deck":["Strike_R+1","Strike_R","Strike_R","Defend_R","Defend_R+1","Defend_R","Bash+1","Sword Boomerang+1","Flex","Inflame","Warcry","Demon Form+1","Reaper","Sword Boomerang+1","Heavy Blade"],"relics":["Burning Blood","NeowsBlessing","CeramicFish","Blood Vial","Bottled Flame","Pear","Black Star","MutagenicStrength","Lantern","Pantograph"],"acts_visited":["Exordium","TheCity"],"potions_floor_usage":[16,21,21,21,23],"damage_taken":[{"damage":0,"enemies":"Small Slimes","floor":1,"turns":1},{"damage":0,"enemies":"Gremlin Nob","floor":6,"turns":1},{"damage":0,"enemies":"2 Louse","floor":7,"turns":1},{"damage":22,"enemies":"Lagavulin","floor":8,"turns":5},{"damage":7,"enemies":"Jaw Worm","floor":13,"turns":2},{"damage":44,"enemies":"Hexaghost","floor":16,"turns":7},{"damage":12,"enemies":"Chosen","floor":18,"turns":3},{"damage":33,"enemies":"Spheric Guardian","floor":19,"turns":4},{"damage":52,"enemies":"Shelled Parasite and Fungi","floor":21,"turns":5},{"damage":28,"enemies":"Gremlin Leader","floor":23,"turns":5},{"damage":59,"enemies":"Book of Stabbing","floor":25,"turns":5}],"seed_played":"2950649325024480943","potions_obtained":[{"floor":1,"key":"Block Potion"},{"floor":6,"key":"Energy Potion"},{"floor":7,"key":"BloodPotion"},{"floor":19,"key":"Energy Potion"}],"is_trial":false,"path_per_floor":["M","?","?","?","?","E","M","E","T","$","?","R","M","?","R","B",null,"M","M","?","M","$","E","R","E"],"character_chosen":"IRONCLAD","items_purchased":["Demon Form","DistilledChaos"],"campfire_rested":1,"item_purchase_floors":[10,22],"current_hp_per_floor":[78,78,53,42,26,32,40,26,36,36,66,66,67,67,67,31,75,71,46,46,20,20,12,39,0,0],"gold":63,"neow_bonus":"THREE_ENEMY_KILL","is_daily":false,"chose_seed":false,"campfire_upgraded":2,"win_rate":0.0,"timestamp":1609995766,"path_taken":["M","?","?","?","?","E","?","E","T","$","?","R","M","?","R","BOSS","M","M","?","M","$","E","R","E"],"items_purchased_type":["Card","Potion"],"build_version":"2020-12-22","purchased_purges":2,"victory":false,"max_hp_per_floor":[80,80,80,80,80,80,80,80,90,90,90,90,90,90,90,90,90,90,90,90,90,90,90,90,90,90],"card_choices":[{"not_picked":["Dropkick","Havoc"],"picked":"Sword Boomerang","floor":1},{"not_picked":["Anger","Seeing Red"],"picked":"Flex","floor":6},{"not_picked":["Thunderclap","Armaments"],"picked":"Inflame","floor":7},{"not_picked":["Intimidate","Sever Soul"],"picked":"Warcry","floor":8},{"not_picked":["Anger","Sword Boomerang","Carnage"],"picked":"SKIP","floor":13},{"not_picked":["Exhume","Corruption"],"picked":"Reaper","floor":16},{"not_picked":["Armaments+1","Twin Strike+1"],"picked":"Sword Boomerang+1","floor":18},{"not_picked":["Uppercut","Sword Boomerang+1","Spot Weakness"],"picked":"SKIP","floor":19},{"not_picked":["Thunderclap","Clothesline+1","Disarm"],"picked":"SKIP","floor":21},{"not_picked":["Metallicize","True Grit"],"picked":"Heavy Blade","floor":23}],"player_experience":245972,"relics_obtained":[{"floor":6,"key":"Blood Vial"},{"floor":8,"key":"Bottled Flame"},{"floor":9,"key":"Pear"},{"floor":23,"key":"Lantern"},{"floor":23,"key":"Pantograph"}],"event_choices":[{"damage_healed":0,"gold_gain":0,"player_choice":"Grow","damage_taken":0,"max_hp_gain":0,"max_hp_loss":0,"event_name":"Living Wall","floor":2,"gold_loss":0,"cards_upgraded":["Sword Boomerang"]},{"damage_healed":0,"gold_gain":0,"player_choice":"Success","damage_taken":25,"relics_obtained":["CeramicFish"],"max_hp_gain":0,"max_hp_loss":0,"event_name":"Scrap Ooze","floor":3,"gold_loss":0},{"damage_healed":0,"gold_gain":75,"player_choice":"Gather Gold","damage_taken":11,"max_hp_gain":0,"max_hp_loss":0,"event_name":"World of Goop","floor":4,"gold_loss":0},{"damage_healed":0,"gold_gain":0,"player_choice":"Entered Light","damage_taken":16,"max_hp_gain":0,"max_hp_loss":0,"event_name":"Shining Light","floor":5,"gold_loss":0,"cards_upgraded":["Defend_R","Strike_R"]},{"damage_healed":30,"gold_gain":0,"player_choice":"Banana","damage_taken":0,"max_hp_gain":0,"max_hp_loss":0,"event_name":"Big Fish","floor":11,"gold_loss":0},{"cards_removed":["Strike_R"],"damage_healed":0,"gold_gain":0,"player_choice":"Card Removal","damage_taken":0,"max_hp_gain":0,"max_hp_loss":0,"event_name":"The Cleric","floor":14,"gold_loss":50},{"damage_healed":0,"gold_gain":0,"player_choice":"Inject Mutagens","damage_taken":0,"relics_obtained":["MutagenicStrength"],"max_hp_gain":0,"max_hp_loss":0,"event_name":"Drug Dealer","floor":20,"gold_loss":0}],"is_beta":false,"boss_relics":[{"not_picked":["Velvet Choker","Fusion Hammer"],"picked":"Black Star"}],"items_purged_floors":[10,22],"is_endless":false,"potions_floor_spawned":[1,6,7,19],"killed_by":"Book of Stabbing","ascension_level":7}}