{"host":"f0gpob8hq9vgebej","time":1609978391,"event":{"mods":["AchievementEnabler","BaseMod","Minty Spire (QoL Compilation)","Quick Restart","SuperFastMode"],"gold_per_floor":[212,222,234,254,179,179,191,191,214,248,266,296,296,306,306,379,379,304,304,319,72,72,103,0,0,46,46,62,62,62,62],"floor_reached":30,"playtime":1049,"items_purged":["Strike_G","Strike_G"],"score":409,"play_id":"e19c6e85-9dfb-43de-af65-5436bfed7cde","local_time":"20210107091311","is_ascension_mode":true,"campfire_choices":[{"data":"Bouncing Flask","floor":6,"key":"SMITH"},{"data":"Dash","floor":8,"key":"SMITH"},{"floor":15,"key":"REST"},{"floor":25,"key":"REST"},{"floor":29,"key":"REST"}],"circlet_count":0,"master_deck":["AscendersBane","Strike_G","Strike_G","Strike_G","Defend_G","Defend_G","Defend_G","Defend_G","Defend_G","Survivor","Neutralize","Calculated Gamble","Dash+1","Bouncing Flask+1","Prepared+1","PiercingWail","Backflip","Corpse Explosion","Catalyst","Adrenaline","Quick Slash","Prepared"],"relics":["Ring of the Snake","Potion Belt","Snake Skull","SacredBark","Toy Ornithopter","Pen Nib"],"acts_visited":["Exordium","TheCity"],"potions_floor_usage":[7,10,16],"damage_taken":[{"damage":4,"enemies":"Jaw Worm","floor":1,"turns":7},{"damage":4,"enemies":"Cultist","floor":2,"turns":6},{"damage":1,"enemies":"Small Slimes","floor":3,"turns":4},{"damage":1,"enemies":"3 Louse","floor":4,"turns":5},{"damage":1,"enemies":"Gremlin Gang","floor":7,"turns":6},{"damage":20,"enemies":"3 Sentries","floor":10,"turns":8},{"damage":7,"enemies":"Exordium Thugs","floor":11,"turns":5},{"damage":3,"enemies":"Large Slime","floor":14,"turns":6},{"damage":3,"enemies":"The Guardian","floor":16,"turns":7},{"damage":23,"enemies":"2 Thieves","floor":18,"turns":5},{"damage":0,"enemies":"Spheric Guardian","floor":20,"turns":3},{"damage":23,"enemies":"Book of Stabbing","floor":23,"turns":5},{"damage":25,"enemies":"Centurion and Healer","floor":28,"turns":6},{"damage":24,"enemies":"Shelled Parasite and Fungi","floor":30,"turns":3}],"seed_played":"-2598394234437072750","potions_obtained":[{"floor":3,"key":"AttackPotion"},{"floor":4,"key":"Energy Potion"},{"floor":14,"key":"DuplicationPotion"},{"floor":28,"key":"Weak Potion"}],"is_trial":false,"path_per_floor":["M","M","M","M","$","R","M","R","T","E","M","?","?","M","R","B",null,"M","?","M","$","?","E","?","R","T","?","M","R","M"],"character_chosen":"THE_SILENT","items_purchased":["Adrenaline"],"campfire_rested":3,"item_purchase_floors":[21],"current_hp_per_floor":[59,55,54,53,53,53,52,52,52,32,25,25,25,22,43,40,63,40,27,27,27,27,4,4,26,26,26,1,23,0,0],"gold":62,"neow_bonus":"HUNDRED_GOLD","is_daily":false,"chose_seed":false,"campfire_upgraded":2,"win_rate":0.0,"timestamp":1609978391,"path_taken":["M","M","M","M","$","R","M","R","T","E","M","?","?","M","R","BOSS","M","?","M","$","?","E","?","R","T","?","?","R","M"],"items_purchased_type":["Card"],"build_version":"2020-12-22","purchased_purges":2,"victory":false,"max_hp_per_floor":[70,70,70,70,70,70,70,70,70,70,70,70,70,70,70,70,70,70,75,75,75,75,75,75,75,75,75,75,75,75,75],"card_choices":[{"not_picked":["Deflect","Bane"],"picked":"Calculated Gamble","floor":1},{"not_picked":["Blade Dance","Prepared"],"picked":"Dash","floor":2},{"not_picked":["Expertise","Poisoned Stab","Dodge and Roll"],"picked":"SKIP","floor":3},{"not_picked":["Backstab","Cloak And Dagger"],"picked":"Bouncing Flask","floor":4},{"not_picked":["Outmaneuver","Caltrops"],"picked":"Prepared","floor":7},{"not_picked":["A Thousand Cuts","Accuracy"],"picked":"PiercingWail","floor":10},{"not_picked":["Deflect","Dagger Throw"],"picked":"Backflip","floor":11},{"not_picked":["Blade Dance","Choke","Flying Knee"],"picked":"SKIP","floor":14},{"not_picked":["Bullet Time","Grand Finale"],"picked":"Corpse Explosion","floor":16},{"not_picked":["Deflect","Leg Sweep","Caltrops+1"],"picked":"SKIP","floor":18},{"not_picked":["Quick Slash","Noxious Fumes"],"picked":"Catalyst","floor":20},{"not_picked":["Prepared","Dodge and Roll+1"],"picked":"Quick Slash","floor":23},{"not_picked":["Caltrops+1","Dagger Spray","Bane"],"picked":"SKIP","floor":28}],"player_experience":120447,"relics_obtained":[{"floor":9,"key":"Potion Belt"},{"floor":10,"key":"Snake Skull"},{"floor":23,"key":"Toy Ornithopter"},{"floor":26,"key":"Pen Nib"}],"event_choices":[{"damage_healed":0,"gold_gain":30,"player_choice":"Searched \u00271\u0027 times","damage_taken":0,"max_hp_gain":0,"max_hp_loss":0,"event_name":"Dead Adventurer","floor":12,"gold_loss":0},{"damage_healed":0,"gold_gain":0,"player_choice":"Upgraded","damage_taken":0,"max_hp_gain":0,"max_hp_loss":0,"event_name":"Upgrade Shrine","floor":13,"gold_loss":0,"cards_upgraded":["Prepared"]},{"damage_healed":0,"gold_gain":0,"player_choice":"Shed Blood","damage_taken":18,"max_hp_gain":5,"max_hp_loss":0,"event_name":"Forgotten Altar","floor":19,"gold_loss":0},{"damage_healed":0,"gold_gain":0,"player_choice":"Ignored","damage_taken":0,"max_hp_gain":0,"max_hp_loss":0,"event_name":"Cursed Tome","floor":22,"gold_loss":0},{"damage_healed":0,"gold_gain":0,"player_choice":"Paid Fearfully","damage_taken":0,"max_hp_gain":0,"max_hp_loss":0,"event_name":"Masked Bandits","floor":24,"gold_loss":103},{"damage_healed":0,"gold_gain":0,"player_choice":"1 cards matched","damage_taken":0,"max_hp_gain":0,"max_hp_loss":0,"event_name":"Match and Keep!","floor":27,"gold_loss":0,"cards_obtained":["Prepared"]}],"is_beta":false,"boss_relics":[{"not_picked":["Ectoplasm","Velvet Choker"],"picked":"SacredBark"}],"items_purged_floors":[5,21],"is_endless":false,"potions_floor_spawned":[3,4,14,28],"killed_by":"Shelled Parasite and Fungi","ascension_level":13}}