{"host":"gpkbl0cayp7vm3va","time":1609987457,"event":{"mods":["BaseMod","Bestiary","Colored Map","Curses Come First","Downfall","Highlight Path","Minty Spire (QoL Compilation)","Replay The Spire","Robot Space Explorer","StSLib","The Animator"],"gold_per_floor":[116,116,181,44,55,82,100,126,151,166,197,216,230,249,249,351,351,368,468,485,502,521,554,573,607,607,607,641,657,688,603,603,703,703,721,45,45,72,0,33,65,65,65,65,85,120,120,148,148,148],"floor_reached":51,"playtime":5149,"items_purged":["ReplayTheSpireMod:Restless Dread"],"score":1195,"play_id":"1431b2fa-9dc5-4de9-96c7-602f5b012368","local_time":"20210106194417","is_ascension_mode":true,"campfire_choices":[{"data":"RobotSpaceExplorer:PowerCollector","floor":15,"key":"SMITH"},{"data":"Pain","floor":32,"key":"PURGE"},{"data":"RobotSpaceExplorer:MiniBoosters","floor":44,"key":"SMITH"},{"data":"RobotSpaceExplorer:MiniBoosters","floor":47,"key":"SMITH"},{"data":"RobotSpaceExplorer:MiniLasers","floor":49,"key":"SMITH"}],"circlet_count":0,"master_deck":["RobotSpaceExplorer:Strike","RobotSpaceExplorer:Strike+1","RobotSpaceExplorer:Strike","RobotSpaceExplorer:Strike","RobotSpaceExplorer:Defend","RobotSpaceExplorer:Defend","RobotSpaceExplorer:Defend","RobotSpaceExplorer:Scan","RobotSpaceExplorer:MiniLasers+1","RobotSpaceExplorer:MiniBoosters+1","RobotSpaceExplorer:Probe","RobotSpaceExplorer:PowerCollector+1","RobotSpaceExplorer:DroneSwarm","RobotSpaceExplorer:GlueShot","RobotSpaceExplorer:MiniDrones","RobotSpaceExplorer:ScrapMissile","RobotSpaceExplorer:JunkDive","RobotSpaceExplorer:DroneSwarm","RobotSpaceExplorer:Accelerator+1","RobotSpaceExplorer:StarDust","RobotSpaceExplorer:MiniBoosters+1","RobotSpaceExplorer:ScrapMissile+1","RobotSpaceExplorer:DualCore","RobotSpaceExplorer:ScrapToss+1","RobotSpaceExplorer:Comet+1","RobotSpaceExplorer:Accelerator+1","RobotSpaceExplorer:ScrapMissile+1","ReplayUltimateDefense+1","Bandage Up+1","Doubt","RobotSpaceExplorer:ExhaustFan","RobotSpaceExplorer:Probe+1","Spreading Infection","RobotSpaceExplorer:GlueShot","RobotSpaceExplorer:ScrapMissile+1"],"relics":["RobotSpaceExplorer:RoboCore","NeowsBlessing","Meat on the Bone","ReplayTheSpireMod:CursedCoin","Garlic","Bronze Scales","Oddly Smooth Stone","ReplayFunnel","Pet Ghost","Cursed Key","RobotSpaceExplorer:ToughPlating","Golden Egg","Molten Egg 2","WingedGreaves","Question Card","Replay:Mystery Machine","Busted Crown","Thread and Needle","ReplayTheSpireMod:Ring of Challenge","Red Mask","Whetstone","Shuriken","Chameleon Ring","Darkstone Periapt"],"acts_visited":["Exordium","TheCity","TheBeyond"],"potions_floor_usage":[8,13,16,22,29],"damage_taken":[{"damage":0,"enemies":"Cultist","floor":1,"turns":1},{"damage":0,"enemies":"Small Slimes","floor":5,"turns":1},{"damage":1,"enemies":"Replay:BlueRogue","floor":6,"turns":1},{"damage":5,"enemies":"2 Louse","floor":7,"turns":3},{"damage":11,"enemies":"Lagavulin","floor":8,"turns":8},{"damage":2,"enemies":"Exordium Wildlife","floor":10,"turns":3},{"damage":9,"enemies":"Replay:BlueRogue","floor":11,"turns":5},{"damage":9,"enemies":"Red Slaver","floor":12,"turns":2},{"damage":10,"enemies":"Exordium Thugs","floor":13,"turns":4},{"damage":0,"enemies":"Gremlin Gang","floor":14,"turns":3},{"damage":8,"enemies":"Hexaghost","floor":16,"turns":8},{"damage":0,"enemies":"3 Byrds","floor":18,"turns":3},{"damage":11,"enemies":"Shell Parasite","floor":20,"turns":3},{"damage":21,"enemies":"Snake Plant","floor":21,"turns":4},{"damage":12,"enemies":"Sentry and Sphere","floor":22,"turns":4},{"damage":12,"enemies":"Replay:Snechameleon","floor":23,"turns":4},{"damage":0,"enemies":"Cultist and Chosen","floor":24,"turns":3},{"damage":4,"enemies":"Book of Stabbing","floor":25,"turns":4},{"damage":3,"enemies":"Replay:Snechameleon","floor":28,"turns":4},{"damage":5,"enemies":"3 Cultists","floor":29,"turns":4},{"damage":6,"enemies":"Gremlin Leader","floor":30,"turns":4},{"damage":16,"enemies":"Champ","floor":33,"turns":6},{"damage":0,"enemies":"Orb Walker","floor":35,"turns":3},{"damage":1,"enemies":"3 Darklings","floor":38,"turns":4},{"damage":0,"enemies":"Reptomancer","floor":40,"turns":5},{"damage":0,"enemies":"Nemesis","floor":41,"turns":5},{"damage":1,"enemies":"Maw","floor":45,"turns":5},{"damage":0,"enemies":"Reptomancer","floor":46,"turns":5},{"damage":0,"enemies":"Nemesis","floor":48,"turns":5},{"damage":2,"enemies":"Awakened One","floor":50,"turns":8}],"seed_played":"-4292170452139603430","potions_obtained":[{"floor":1,"key":"Fire Potion"},{"floor":3,"key":"LiquidBronze"},{"floor":5,"key":"LiquidBronze"},{"floor":10,"key":"Weak Potion"},{"floor":12,"key":"Guardian:BlockOnCardUsePotion"},{"floor":13,"key":"DuplicationPotion"},{"floor":18,"key":"Strength Potion"},{"floor":24,"key":"SkillPotion"},{"floor":33,"key":"Death Potion"}],"is_trial":false,"path_per_floor":["M","?","?","$","M","E","M","E","T","M","E","M","M","M","R","B",null,"M","?","M","M","M","E","M","E","T","?","E","M","E","?","R_BF","B",null,"M","$","?","M","?","E","E","?","T","R","M","E","R","E","R_BF","B",null],"character_chosen":"RobotSpaceExplorer","items_purchased":["ReplayTheSpireMod:CursedCoin","Garlic","RobotSpaceExplorer:Probe","Thread and Needle","RobotSpaceExplorer:ScrapMissile+1","ReplayUltimateDefense","Bandage Up"],"campfire_rested":0,"item_purchase_floors":[4,4,4,36,36,36,36],"current_hp_per_floor":[75,75,57,57,57,56,51,40,40,38,41,44,46,46,46,38,75,75,75,64,43,43,43,43,39,39,39,48,43,49,49,49,45,75,75,75,75,74,74,75,75,75,75,75,75,75,75,75,75,75],"gold":148,"neow_bonus":"THREE_ENEMY_KILL","is_daily":false,"chose_seed":false,"campfire_upgraded":4,"win_rate":0.0,"timestamp":1609987457,"path_taken":["M","?","?","?","?","E","M","E","T","M","E","M","M","M","R","BOSS","M","?","?","M","M","E","M","E","T","?","E","?","E","?","R_BF","BOSS","M","$","?","M","?","E","E","?","T","R","M","E","R","E","R_BF","BOSS"],"items_purchased_type":["Relic","Relic","Card","Relic","Card","Card","Card"],"build_version":"2020-12-22","purchased_purges":1,"victory":true,"max_hp_per_floor":[75,75,75,75,75,75,75,75,75,75,75,75,75,75,75,75,75,75,75,75,75,75,75,75,75,75,75,75,75,75,75,75,75,75,75,75,75,75,75,75,75,75,75,75,75,75,75,75,75,75],"card_choices":[{"not_picked":["RobotSpaceExplorer:Reload","RobotSpaceExplorer:Calculate"],"picked":"RobotSpaceExplorer:MiniBoosters","floor":1},{"not_picked":["RobotSpaceExplorer:Calculate","RobotSpaceExplorer:SwiftStep"],"picked":"RobotSpaceExplorer:PowerCollector","floor":5},{"not_picked":["RobotSpaceExplorer:SurgingShield","RobotSpaceExplorer:DoubleBlock"],"picked":"RobotSpaceExplorer:DroneSwarm","floor":6},{"not_picked":["RobotSpaceExplorer:SlimeMissile","RobotSpaceExplorer:Calculate"],"picked":"RobotSpaceExplorer:GlueShot","floor":7},{"not_picked":["RobotSpaceExplorer:GlueShot","RobotSpaceExplorer:FranticSearch"],"picked":"RobotSpaceExplorer:MiniDrones","floor":8},{"not_picked":["RobotSpaceExplorer:Pulsar","RobotSpaceExplorer:Electropulse"],"picked":"RobotSpaceExplorer:ScrapMissile","floor":10},{"not_picked":["RobotSpaceExplorer:SurgingShield","RobotSpaceExplorer:Probe"],"picked":"RobotSpaceExplorer:JunkDive","floor":11},{"not_picked":["RobotSpaceExplorer:Blitz","RobotSpaceExplorer:FranticSearch","RobotSpaceExplorer:SurgingStrike"],"picked":"SKIP","floor":12},{"not_picked":["RobotSpaceExplorer:Pulsar","RobotSpaceExplorer:Counterblock","RobotSpaceExplorer:FranticSearch"],"picked":"SKIP","floor":13},{"not_picked":["RobotSpaceExplorer:PlasmaMissile","RobotSpaceExplorer:Reload"],"picked":"RobotSpaceExplorer:DroneSwarm","floor":14},{"not_picked":["RobotSpaceExplorer:Explosion","RobotSpaceExplorer:BlastShield"],"picked":"RobotSpaceExplorer:Accelerator","floor":16},{"not_picked":["RobotSpaceExplorer:ScrapMissile+1","RobotSpaceExplorer:StunGrenade+1"],"picked":"RobotSpaceExplorer:StarDust","floor":18},{"not_picked":["RobotSpaceExplorer:FranticSearch","RobotSpaceExplorer:SlimeMissile","RobotSpaceExplorer:MetalStrike+1"],"picked":"SKIP","floor":20},{"not_picked":["RobotSpaceExplorer:Pulsar+1","RobotSpaceExplorer:Scanner"],"picked":"RobotSpaceExplorer:MiniBoosters","floor":21},{"not_picked":["RobotSpaceExplorer:Counterblock+1","RobotSpaceExplorer:SurgingShield"],"picked":"RobotSpaceExplorer:ScrapMissile","floor":22},{"not_picked":["RobotSpaceExplorer:SurgingStrike","RobotSpaceExplorer:PlasmaMissile"],"picked":"RobotSpaceExplorer:DualCore","floor":23},{"not_picked":["RobotSpaceExplorer:ShovelStrike+1","RobotSpaceExplorer:GlueShot"],"picked":"RobotSpaceExplorer:ScrapToss+1","floor":24},{"not_picked":["RobotSpaceExplorer:LaserBurst","RobotSpaceExplorer:SwiftStep+1","RobotSpaceExplorer:ShovelStrike"],"picked":"SKIP","floor":25},{"not_picked":["RobotSpaceExplorer:MetalStrike+1","RobotSpaceExplorer:DoubleFind+1"],"picked":"RobotSpaceExplorer:Comet","floor":28},{"not_picked":["RobotSpaceExplorer:ScrapShield","RobotSpaceExplorer:ShovelStrike+1","RobotSpaceExplorer:GearShield"],"picked":"SKIP","floor":29},{"not_picked":["RobotSpaceExplorer:Pulsar","RobotSpaceExplorer:Ammunition","RobotSpaceExplorer:SwiftStep"],"picked":"SKIP","floor":30},{"not_picked":["RobotSpaceExplorer:BlastShield","RobotSpaceExplorer:ShockMissile+1","RobotSpaceExplorer:HighVoltage+1"],"picked":"RobotSpaceExplorer:Accelerator","floor":33},{"not_picked":["RobotSpaceExplorer:MetalStrike+1","RobotSpaceExplorer:BigMissile+1"],"picked":"SKIP","floor":35},{"not_picked":["RobotSpaceExplorer:TurboDodge","RobotSpaceExplorer:LaserBurst+1"],"picked":"SKIP","floor":38},{"not_picked":["RobotSpaceExplorer:Calculate"],"picked":"RobotSpaceExplorer:ExhaustFan","floor":40},{"not_picked":["RobotSpaceExplorer:SurgingStrike+1"],"picked":"RobotSpaceExplorer:Probe+1","floor":41},{"not_picked":["RobotSpaceExplorer:ImprovisedAttack+1"],"picked":"RobotSpaceExplorer:GlueShot","floor":45},{"not_picked":["RobotSpaceExplorer:RigExplosive"],"picked":"RobotSpaceExplorer:ScrapMissile+1","floor":46},{"not_picked":["RobotSpaceExplorer:IronShell+1","RobotSpaceExplorer:Discharger"],"picked":"SKIP","floor":48}],"player_experience":782578,"relics_obtained":[{"floor":3,"key":"Meat on the Bone"},{"floor":6,"key":"Bronze Scales"},{"floor":8,"key":"Oddly Smooth Stone"},{"floor":9,"key":"ReplayFunnel"},{"floor":11,"key":"Pet Ghost"},{"floor":23,"key":"RobotSpaceExplorer:ToughPlating"},{"floor":25,"key":"Golden Egg"},{"floor":26,"key":"Molten Egg 2"},{"floor":28,"key":"WingedGreaves"},{"floor":30,"key":"Question Card"},{"floor":37,"key":"ReplayTheSpireMod:Ring of Challenge"},{"floor":40,"key":"Whetstone"},{"floor":41,"key":"Shuriken"},{"floor":46,"key":"Chameleon Ring"},{"floor":48,"key":"Darkstone Periapt"}],"event_choices":[{"damage_healed":0,"gold_gain":100,"player_choice":"Pray","damage_taken":0,"max_hp_gain":0,"max_hp_loss":0,"event_name":"Golden Shrine","floor":19,"gold_loss":0},{"damage_healed":0,"gold_gain":0,"player_choice":"Upgraded","damage_taken":0,"max_hp_gain":0,"max_hp_loss":0,"event_name":"Upgrade Shrine","floor":27,"gold_loss":0,"cards_upgraded":["RobotSpaceExplorer:Accelerator"]},{"damage_healed":0,"gold_gain":0,"player_choice":"Obtained Relic","damage_taken":0,"relics_obtained":["Replay:Mystery Machine"],"max_hp_gain":0,"max_hp_loss":0,"event_name":"Addict","floor":31,"gold_loss":85},{"damage_healed":0,"gold_gain":0,"player_choice":"Paid","damage_taken":0,"relics_obtained":["Red Mask"],"max_hp_gain":0,"max_hp_loss":0,"event_name":"Tomb of Lord Red Mask","floor":39,"gold_loss":72},{"damage_healed":0,"gold_gain":0,"player_choice":"Memory 1","damage_taken":0,"max_hp_gain":0,"max_hp_loss":0,"event_name":"SensoryStone","floor":42,"gold_loss":0}],"is_beta":false,"boss_relics":[{"not_picked":["Pandora\u0027s Box","Velvet Choker"],"picked":"Cursed Key"},{"not_picked":["Philosopher\u0027s Stone","Replay:Drink Me"],"picked":"Busted Crown"}],"items_purged_floors":[36],"is_endless":false,"potions_floor_spawned":[1,5,7,10,12,13,18,21,24,28,33,38,45,46],"ascension_level":1}}