{"host":"1a3cjta80tad0aqj","time":1609982771,"event":{"mods":["2.2 Compatiblity","AchievementEnabler","BaseMod","Colored Map","DeckTracker","KOR Keyword Fix","Keyboard Shortcuts","Minty Spire (QoL Compilation)","Permanent Neow","Quick Restart","Random Character Button","StSLib","SuperFastMode","everything is the same but u backflip on backflip"],"gold_per_floor":[114,129,129,144,159,159,73,248,273,103,118,133,148,163,163,263,263,278,278,3,18,33,33,63,63,63,93,108,123,138,153,153,253,253,268,283,223,238,253,253,253,268,268,583,214,229,244,259,259,259],"floor_reached":51,"playtime":2178,"items_purged":["Doubt","EmptyBody+1"],"score":918,"play_id":"f9fef1ee-3583-442d-972c-1e3efd57897e","local_time":"20210107102611","daily_mods":["SealedDeck","Vintage","Lethality"],"is_ascension_mode":false,"campfire_choices":[{"data":"Crescendo","floor":6.0,"key":"SMITH"},{"data":"Dramatic Entrance","floor":15.0,"key":"SMITH"},{"data":"Ragnarok","floor":23,"key":"SMITH"},{"data":"BowlingBash","floor":25,"key":"SMITH"},{"data":"EmptyFist","floor":32,"key":"SMITH"},{"data":"Brilliance","floor":40,"key":"SMITH"},{"floor":49,"key":"REST"}],"circlet_count":0,"master_deck":["MentalFortress+1","WheelKick+1","CutThroughFate+1","Swivel+1","Crescendo+1","Conclude+1","Consecrate+1","EmptyFist+1","BowlingBash+1","Vengeance+1","CrushJoints+1","Dramatic Entrance+1","Ragnarok+1","Blasphemy+1","Brilliance+1","Jack Of All Trades+1","FearNoEvil+1","Apotheosis+1","Good Instincts+1"],"relics":["PureWater","TeardropLocket","Shuriken","Bronze Scales","Matryoshka","Vajra","MealTicket","Potion Belt","Mercury Hourglass","Toxic Egg 2","Meat on the Bone","Busted Crown","Incense Burner","Membership Card","Akabeko","Happy Flower","Mummified Hand","Anchor","Blood Vial","Question Card","The Courier","Smiling Mask","HornCleat","Ornamental Fan","Lizard Tail","SlaversCollar","CeramicFish","Bottled Tornado","Ancient Tea Set","Pear","Frozen Egg 2","Mark of the Bloom","Yang","Bottled Lightning","Old Coin","Toy Ornithopter","InkBottle","Pen Nib","Letter Opener","Whetstone"],"acts_visited":["Exordium","TheCity","TheBeyond"],"potions_floor_usage":[33,48,50,50,50,50],"damage_taken":[{"damage":0.0,"enemies":"Jaw Worm","floor":1.0,"turns":1.0},{"damage":0.0,"enemies":"2 Louse","floor":2.0,"turns":2.0},{"damage":0.0,"enemies":"Cultist","floor":4.0,"turns":1.0},{"damage":0.0,"enemies":"Looter","floor":5.0,"turns":1.0},{"damage":0.0,"enemies":"Large Slime","floor":11.0,"turns":1.0},{"damage":0.0,"enemies":"Gremlin Gang","floor":12.0,"turns":1.0},{"damage":0.0,"enemies":"3 Louse","floor":13.0,"turns":1.0},{"damage":8.0,"enemies":"Blue Slaver","floor":14.0,"turns":2.0},{"damage":39.0,"enemies":"Hexaghost","floor":16.0,"turns":3.0},{"damage":0.0,"enemies":"Chosen","floor":18.0,"turns":1.0},{"damage":0,"enemies":"Spheric Guardian","floor":21,"turns":1},{"damage":0,"enemies":"Centurion and Healer","floor":22,"turns":1},{"damage":0,"enemies":"Gremlin Leader","floor":24,"turns":2},{"damage":0,"enemies":"Slavers","floor":27,"turns":2},{"damage":0,"enemies":"Snecko","floor":28,"turns":2},{"damage":0,"enemies":"Sentry and Sphere","floor":29,"turns":1},{"damage":0,"enemies":"Centurion and Healer","floor":30,"turns":1},{"damage":0,"enemies":"Chosen and Byrds","floor":31,"turns":1},{"damage":2,"enemies":"Automaton","floor":33,"turns":3},{"damage":0,"enemies":"Orb Walker","floor":35,"turns":2},{"damage":0,"enemies":"3 Darklings","floor":36,"turns":1},{"damage":0,"enemies":"Maw","floor":38,"turns":3},{"damage":2,"enemies":"4 Shapes","floor":39,"turns":2},{"damage":0,"enemies":"Sphere and 2 Shapes","floor":42,"turns":2},{"damage":0,"enemies":"3 Darklings","floor":44,"turns":1},{"damage":0,"enemies":"Jaw Worm Horde","floor":46,"turns":1},{"damage":0,"enemies":"4 Shapes","floor":47,"turns":1},{"damage":6,"enemies":"Writhing Mass","floor":48,"turns":1},{"damage":29,"enemies":"Time Eater","floor":50,"turns":4}],"seed_played":"8350349167999303424","potions_obtained":[{"floor":2.0,"key":"BlessingOfTheForge"},{"floor":5.0,"key":"Strength Potion"},{"floor":11.0,"key":"Block Potion"},{"floor":16.0,"key":"LiquidMemories"},{"floor":18.0,"key":"BlessingOfTheForge"},{"floor":21,"key":"PowerPotion"},{"floor":30,"key":"PowerPotion"},{"floor":33,"key":"Explosive Potion"},{"floor":42,"key":"SkillPotion"},{"floor":48,"key":"Explosive Potion"}],"is_trial":false,"path_per_floor":["M","M","$","M","M","R","$","?","T","$","M","M","M","M","R","B",null,"M","?","$","M","M","R","E","R","T","E","M","M","M","M","R","B",null,"M","M","$","M","M","R","?","M","T","M","$","M","M","M","R","B",null],"character_chosen":"WATCHER","items_purchased":["Vengeance","CrushJoints","Dramatic Entrance","Membership Card","Akabeko","Ambrosia","Ancient Tea Set","Swift Potion","Toy Ornithopter","InkBottle","Jack Of All Trades+1","FearNoEvil","Apotheosis+1","Good Instincts+1"],"campfire_rested":1,"item_purchase_floors":[7,7,10,20,20,20,37,45,45,45,45,45,45,45],"current_hp_per_floor":[72,72,72,72,72,72,72,72,72,72,72,72,72,64,64,37,72,72,72,72,72,72,72,72,72,72,72,72,72,72,72,72,70,72,72,72,72,82,80,80,80,80,80,80,80,80,80,74,74,45],"gold":259,"neow_bonus":"","is_daily":true,"chose_seed":false,"campfire_upgraded":6,"win_rate":0.0,"timestamp":1609982771,"path_taken":["M","M","$","M","M","R","$","?","T","$","M","M","M","M","R","BOSS","M","?","$","M","M","R","E","R","T","E","M","M","M","M","R","BOSS","M","M","$","M","M","R","?","M","T","M","$","M","M","M","R","BOSS"],"items_purchased_type":["Card","Card","Card","Relic","Relic","Potion","Relic","Potion","Relic","Relic","Card","Card","Card","Card"],"build_version":"2020-12-22","purchased_purges":2,"victory":true,"max_hp_per_floor":[72,72,72,72,72,72,72,72,72,72,72,72,72,72,72,72,72,72,72,72,72,72,72,72,72,72,72,72,72,72,72,72,72,72,72,72,72,82,82,82,82,82,82,82,82,82,82,82,82,82],"card_choices":[{"not_picked":["Brilliance","MasterReality"],"picked":"Ragnarok","floor":16.0},{"not_picked":[],"picked":"Blasphemy+1","floor":24},{"not_picked":["PathToVictory+1","FlyingSleeves"],"picked":"SKIP","floor":27},{"not_picked":["SpiritShield+1"],"picked":"Brilliance","floor":33}],"player_experience":154545,"relics_obtained":[{"floor":1.0,"key":"TeardropLocket"},{"floor":2.0,"key":"Shuriken"},{"floor":4.0,"key":"Bronze Scales"},{"floor":5.0,"key":"Matryoshka"},{"floor":9.0,"key":"Vajra"},{"floor":9.0,"key":"MealTicket"},{"floor":11.0,"key":"Potion Belt"},{"floor":12.0,"key":"Mercury Hourglass"},{"floor":13.0,"key":"Toxic Egg 2"},{"floor":14.0,"key":"Meat on the Bone"},{"floor":18.0,"key":"Incense Burner"},{"floor":21,"key":"Happy Flower"},{"floor":22,"key":"Mummified Hand"},{"floor":24,"key":"Anchor"},{"floor":26,"key":"Blood Vial"},{"floor":26,"key":"Question Card"},{"floor":27,"key":"The Courier"},{"floor":28,"key":"Smiling Mask"},{"floor":29,"key":"HornCleat"},{"floor":30,"key":"Ornamental Fan"},{"floor":31,"key":"Lizard Tail"},{"floor":35,"key":"CeramicFish"},{"floor":36,"key":"Bottled Tornado"},{"floor":38,"key":"Pear"},{"floor":39,"key":"Frozen Egg 2"},{"floor":42,"key":"Yang"},{"floor":43,"key":"Bottled Lightning"},{"floor":44,"key":"Old Coin"},{"floor":46,"key":"Pen Nib"},{"floor":47,"key":"Letter Opener"},{"floor":48,"key":"Whetstone"}],"event_choices":[{"damage_healed":0.0,"max_hp_gain":0.0,"max_hp_loss":0.0,"gold_gain":175.0,"event_name":"Liars Game","player_choice":"AGREE","floor":8.0,"gold_loss":0.0,"damage_taken":0.0,"cards_obtained":["Doubt"]},{"damage_healed":0.0,"max_hp_gain":0.0,"max_hp_loss":0.0,"gold_gain":0.0,"event_name":"Ghosts","player_choice":"Ignored","floor":19.0,"gold_loss":0.0,"damage_taken":0.0},{"damage_healed":0,"gold_gain":0,"player_choice":"Upgrade","damage_taken":0,"relics_obtained":["Mark of the Bloom"],"max_hp_gain":0,"max_hp_loss":0,"event_name":"MindBloom","floor":41,"gold_loss":0,"cards_upgraded":["MentalFortress","EmptyBody","WheelKick","CutThroughFate","Swivel","Conclude","Consecrate","Vengeance","CrushJoints"]}],"is_beta":false,"boss_relics":[{"not_picked":["Philosopher\u0027s Stone","Sozu"],"picked":"Busted Crown"},{"not_picked":["Velvet Choker","VioletLotus"],"picked":"SlaversCollar"}],"items_purged_floors":[10,45],"is_endless":false,"potions_floor_spawned":[2,5,11,16,18,21,30,33,36,39,42,48],"ascension_level":0}}