{"host":"n4oa921u88t6jog9","time":1609994551,"event":{"mods":["AchievementEnabler","BaseMod","DeckTracker","Keyboard Shortcuts","Minty Spire (QoL Compilation)","Quick Restart","StSLib","SuperFastMode"],"gold_per_floor":[109,123,123,143,157,157,157,157],"floor_reached":7,"playtime":260,"items_purged":[],"score":84,"play_id":"15163e50-c377-4988-8f6a-d7fed83a6c04","local_time":"20210107134231","is_ascension_mode":true,"campfire_choices":[{"data":"Dagger Spray","floor":6,"key":"SMITH"}],"circlet_count":0,"master_deck":["AscendersBane","Strike_G","Strike_G","Strike_G","Strike_G","Strike_G","Defend_G","Defend_G","Defend_G","Defend_G","Survivor","Neutralize","Adrenaline","Well Laid Plans","Footwork","Backflip","Dagger Spray+1"],"relics":["Ring of the Snake"],"acts_visited":["Exordium"],"potions_floor_usage":[7,7],"damage_taken":[{"damage":9.0,"enemies":"Jaw Worm","floor":1.0,"turns":6.0},{"damage":0.0,"enemies":"Cultist","floor":2.0,"turns":4.0},{"damage":13,"enemies":"Small Slimes","floor":4,"turns":6},{"damage":0,"enemies":"2 Fungi Beasts","floor":5,"turns":6},{"damage":32,"enemies":"Gremlin Nob","floor":7,"turns":3}],"seed_played":"-2241337142601066502","potions_obtained":[{"floor":1.0,"key":"SneckoOil"},{"floor":2.0,"key":"PowerPotion"}],"is_trial":false,"path_per_floor":["M","M","?","M","M","R","E"],"character_chosen":"THE_SILENT","items_purchased":[],"campfire_rested":0,"item_purchase_floors":[],"current_hp_per_floor":[35,35,35,22,22,22,0,0],"gold":157,"neow_bonus":"THREE_RARE_CARDS","is_daily":false,"chose_seed":false,"campfire_upgraded":1,"win_rate":0.0,"timestamp":1609994551,"path_taken":["M","M","?","M","M","R","E"],"items_purchased_type":[],"build_version":"2020-12-22","purchased_purges":0,"victory":false,"max_hp_per_floor":[66,66,66,66,66,66,66,66],"card_choices":[{"not_picked":["Envenom","Bullet Time"],"picked":"Adrenaline","floor":0.0},{"not_picked":["Flechettes","Escape Plan"],"picked":"Well Laid Plans","floor":1.0},{"not_picked":["Dash","Finisher"],"picked":"Footwork","floor":2.0},{"not_picked":["Predator","Eviscerate"],"picked":"Backflip","floor":4},{"not_picked":["Expertise","Distraction"],"picked":"Dagger Spray","floor":5}],"player_experience":386928,"relics_obtained":[],"event_choices":[{"cards_removed":["Defend_G"],"damage_healed":0.0,"max_hp_gain":0.0,"max_hp_loss":0.0,"gold_gain":0.0,"event_name":"Purifier","player_choice":"Purged","floor":3.0,"gold_loss":0.0,"damage_taken":0.0}],"is_beta":false,"boss_relics":[],"items_purged_floors":[],"is_endless":false,"potions_floor_spawned":[1,2],"killed_by":"Gremlin Nob","ascension_level":19}}