{"host":"98ajcw3do3zsggh8","time":1609981074,"event":{"mods":["BaseMod","Minty Spire (QoL Compilation)","Replay The Spire","StSLib","The Marked"],"gold_per_floor":[118,118,118,68,68,99,132,167,222,241,166,185,205,240,240,370,370,383,383,406,406,406,406,437,161,161,14,14,14],"floor_reached":28,"playtime":695,"items_purged":["Strike_R","ReplayTheSpireMod:Doomed"],"score":319,"play_id":"e0c7d4cc-3797-4a21-af0c-17a88115ca59","local_time":"20210107015754","is_ascension_mode":true,"campfire_choices":[{"data":"Eclipse","floor":15,"key":"SMITH"}],"circlet_count":0,"master_deck":["Strike_R","Strike_R","Strike_R","Defend_R","Defend_R+1","Defend_R","Bash","Clothesline","Rampage","Spot Weakness+1","Eclipse+1","Feed","Reaper+1","Clash+1"],"relics":["Burning Blood","NeowsBlessing","Strawberry","Golden Idol","Replay:Multitool","Odd Mushroom","Turnip","Vajra","Quantum Egg","Philosopher\u0027s Stone","Molten Egg 2","Ring of Searing","War Paint","Membership Card","Anchor","Mummified Hand","HornCleat"],"acts_visited":["Exordium","TheCity"],"potions_floor_usage":[14,24],"damage_taken":[{"damage":0,"enemies":"Small Slimes","floor":1,"turns":1},{"damage":0,"enemies":"Lagavulin","floor":6,"turns":1},{"damage":0,"enemies":"The Mushroom Lair","floor":7,"turns":1},{"damage":50,"enemies":"3 Sentries","floor":8,"turns":7},{"damage":9,"enemies":"Jaw Worm","floor":10,"turns":2},{"damage":0,"enemies":"2 Louse","floor":12,"turns":2},{"damage":7,"enemies":"2 Fungi Beasts","floor":13,"turns":3},{"damage":10,"enemies":"Lagavulin","floor":14,"turns":3},{"damage":14,"enemies":"Slime Boss","floor":16,"turns":7},{"damage":32,"enemies":"Spheric Guardian","floor":18,"turns":4},{"damage":5,"enemies":"Chosen","floor":20,"turns":4},{"damage":60,"enemies":"Book of Stabbing","floor":24,"turns":4},{"damage":25,"enemies":"Shelled Parasite and Fungi","floor":28,"turns":3}],"seed_played":"7655840855722737083","potions_obtained":[{"floor":1,"key":"BlessingOfTheForge"},{"floor":10,"key":"FearPotion"},{"floor":16,"key":"AttackPotion"},{"floor":24,"key":"ElixirPotion"}],"is_trial":false,"path_per_floor":["M","?","?","?","?","E","?","E","T","M","$","M","M","E","R","B",null,"M","?","M","?","?","R","E","$","T","$","M"],"character_chosen":"IRONCLAD","items_purchased":["Membership Card","Anchor","HornCleat","Clash+1"],"campfire_rested":0,"item_purchase_floors":[25,25,27,27],"current_hp_per_floor":[80,69,69,69,69,75,81,37,37,34,34,40,39,35,35,27,81,55,55,56,56,56,56,11,11,11,11,0,0],"gold":14,"neow_bonus":"THREE_ENEMY_KILL","is_daily":false,"chose_seed":false,"campfire_upgraded":1,"win_rate":0.0,"timestamp":1609981074,"path_taken":["M","?","?","?","?","E","?","E","T","M","$","M","M","E","R","BOSS","M","?","?","?","?","R","E","?","T","$","M"],"items_purchased_type":["Relic","Relic","Relic","Card"],"build_version":"2020-12-22","purchased_purges":2,"victory":false,"max_hp_per_floor":[80,87,87,87,81,81,81,81,81,81,81,81,81,81,81,81,81,81,81,81,81,81,81,81,81,81,81,81,81],"card_choices":[{"not_picked":["Feel No Pain","Pommel Strike","Searing Blow"],"picked":"SKIP","floor":1},{"not_picked":["Havoc","Shrug It Off","Abandon"],"picked":"SKIP","floor":6},{"not_picked":["True Grit","ReplayReversal"],"picked":"Rampage","floor":7},{"not_picked":["True Grit","Perfected Strike","Headbutt"],"picked":"SKIP","floor":8},{"not_picked":["Shrug It Off","Flex"],"picked":"Spot Weakness","floor":10},{"not_picked":["Searing Blow","True Grit","Dropkick"],"picked":"SKIP","floor":12},{"not_picked":["Burning Pact","Anger"],"picked":"Eclipse","floor":13},{"not_picked":["Intimidate","Replay:Many Hands","Abandon"],"picked":"SKIP","floor":14},{"not_picked":["Replay:Many Hands","Bludgeon"],"picked":"Feed","floor":16},{"not_picked":["Heavy Blade","Reckless Charge+1","Replay:Undeath\u0027s Touch"],"picked":"SKIP","floor":18},{"not_picked":["Dual Wield","Headbutt+1","True Grit+1"],"picked":"SKIP","floor":20},{"not_picked":["Havoc","Cleave+1","Uppercut+1"],"picked":"SKIP","floor":24}],"player_experience":319368,"relics_obtained":[{"floor":6,"key":"Replay:Multitool"},{"floor":7,"key":"Odd Mushroom"},{"floor":8,"key":"Turnip"},{"floor":9,"key":"Vajra"},{"floor":14,"key":"Quantum Egg"},{"floor":21,"key":"Ring of Searing"},{"floor":24,"key":"War Paint"},{"floor":26,"key":"Mummified Hand"}],"event_choices":[{"damage_healed":0,"gold_gain":0,"player_choice":"Success","damage_taken":18,"relics_obtained":["Strawberry"],"max_hp_gain":0,"max_hp_loss":0,"event_name":"Scrap Ooze","floor":2,"gold_loss":0},{"damage_healed":0,"gold_gain":0,"cards_transformed":["Strike_R"],"player_choice":"Change","damage_taken":0,"max_hp_gain":0,"max_hp_loss":0,"event_name":"Living Wall","floor":3,"gold_loss":0,"cards_obtained":["Clothesline"]},{"cards_removed":["Defend_R"],"damage_healed":0,"gold_gain":0,"player_choice":"Card Removal","damage_taken":0,"max_hp_gain":0,"max_hp_loss":0,"event_name":"The Cleric","floor":4,"gold_loss":50},{"damage_healed":0,"gold_gain":0,"player_choice":"Lose Max HP","damage_taken":0,"relics_obtained":["Golden Idol"],"max_hp_gain":0,"max_hp_loss":6,"event_name":"Golden Idol","floor":5,"gold_loss":0},{"damage_healed":0,"gold_gain":0,"player_choice":"Fought Mushrooms","damage_taken":0,"max_hp_gain":0,"max_hp_loss":0,"event_name":"Mushrooms","floor":7,"gold_loss":0},{"damage_healed":0,"gold_gain":0,"player_choice":"Opened","damage_taken":0,"relics_obtained":["Molten Egg 2"],"max_hp_gain":0,"max_hp_loss":0,"event_name":"The Mausoleum","floor":19,"gold_loss":0,"cards_obtained":["Writhe"]},{"cards_removed":["Writhe"],"damage_healed":0,"gold_gain":0,"player_choice":"Removed Curses","damage_taken":0,"max_hp_gain":0,"max_hp_loss":0,"event_name":"Fountain of Cleansing","floor":22,"gold_loss":0},{"damage_healed":0,"gold_gain":0,"player_choice":"2 cards matched","damage_taken":0,"max_hp_gain":0,"max_hp_loss":0,"event_name":"Match and Keep!","floor":23,"gold_loss":0,"cards_obtained":["ReplayTheSpireMod:Doomed","Reaper"]}],"is_beta":false,"boss_relics":[{"not_picked":["Electric Blood","Astrolabe"],"picked":"Philosopher\u0027s Stone"}],"items_purged_floors":[11,25],"is_endless":false,"potions_floor_spawned":[1,10,16,24],"killed_by":"Shelled Parasite and Fungi","ascension_level":3}}