{"host":"kjehzzhcyp0nyrrl","time":1609996784,"event":{"mods":["AchievementEnabler","BaseMod","Custom Start","Hermit","Keyboard Shortcuts","Koishi","Minty Spire (QoL Compilation)","StSLib","SuperFastMode","The Dragon Tamer","The Hierophant","everything is the same but u backflip on backflip"],"gold_per_floor":[111,122,297,316,3,35,52,65,89,125,125,147,147,63,63,168,168,192,92,2,25,44,44,53,74,74,74,74],"floor_reached":27,"playtime":610,"items_purged":["Doubt","Strike_B"],"score":371,"play_id":"79988c05-b776-49df-b534-4c11101327e0","local_time":"20210107141944","is_ascension_mode":true,"campfire_choices":[{"data":"Streamline","floor":11,"key":"SMITH"},{"data":"Zap","floor":15,"key":"SMITH"},{"data":"Coolheaded","floor":23,"key":"SMITH"}],"circlet_count":0,"master_deck":["Strike_B","Defend_B","Defend_B","Defend_B","Defend_B","Zap+1","Dualcast","Genetic Algorithm","Conserve Battery","Streamline+1","FTL","Creative AI","Gash","Heatsinks","Rebound+1","Gash","Impatience","Core Surge","Gash+1","Force Field","Coolheaded+1","Writhe","Hologram"],"relics":["Cracked Core","CaptainsWheel","PreservedInsect","Letter Opener","CeramicFish","Vajra","Sozu","DataDisk","Singing Bowl"],"acts_visited":["Exordium","TheCity"],"potions_floor_usage":[18,27],"damage_taken":[{"damage":0,"enemies":"Small Slimes","floor":1,"turns":4},{"damage":2,"enemies":"Jaw Worm","floor":2,"turns":5},{"damage":0,"enemies":"Cultist","floor":4,"turns":4},{"damage":15,"enemies":"Lagavulin","floor":6,"turns":5},{"damage":0,"enemies":"Blue Slaver","floor":7,"turns":4},{"damage":8,"enemies":"2 Fungi Beasts","floor":8,"turns":4},{"damage":3,"enemies":"3 Sentries","floor":10,"turns":4},{"damage":0,"enemies":"Large Slime","floor":12,"turns":4},{"damage":0,"enemies":"Slime Boss","floor":16,"turns":6},{"damage":16,"enemies":"3 Byrds","floor":18,"turns":3},{"damage":6,"enemies":"Spheric Guardian","floor":21,"turns":3},{"damage":17,"enemies":"Snake Plant","floor":22,"turns":4},{"damage":0,"enemies":"Snecko","floor":25,"turns":5},{"damage":10,"enemies":"Colosseum Slavers","floor":27,"turns":4},{"damage":21,"enemies":"Colosseum Nobs","floor":27,"turns":2}],"seed_played":"-7530596798717744774","potions_obtained":[{"floor":1,"key":"Fire Potion"},{"floor":4,"key":"SteroidPotion"},{"floor":7,"key":"Explosive Potion"}],"is_trial":false,"path_per_floor":["M","M","?","M","$","E","M","M","T","E","R","M","?","$","R","B",null,"M","$","?","M","M","R","?","M","T","?"],"character_chosen":"DEFECT","items_purchased":["FTL","PreservedInsect","Impatience"],"campfire_rested":0,"item_purchase_floors":[5,5,14],"current_hp_per_floor":[68,66,66,66,66,51,51,43,43,40,40,40,40,40,40,40,61,45,45,45,39,22,22,22,22,22,0,0],"gold":74,"neow_bonus":"ONE_RARE_RELIC","is_daily":false,"chose_seed":false,"campfire_upgraded":3,"win_rate":0.0,"timestamp":1609996784,"path_taken":["M","M","?","M","$","E","M","M","T","E","R","M","?","$","R","BOSS","M","$","?","M","?","R","?","M","T","?"],"items_purchased_type":["Card","Relic","Card"],"build_version":"2020-12-22","purchased_purges":2,"victory":false,"max_hp_per_floor":[68,68,68,68,68,68,68,68,68,68,68,68,68,68,68,68,68,68,68,68,68,68,68,68,68,68,68,68],"card_choices":[{"not_picked":["Conserve Battery","White Noise"],"picked":"Genetic Algorithm","floor":1},{"not_picked":["Redo","Force Field"],"picked":"Conserve Battery","floor":2},{"not_picked":["Turbo","Force Field"],"picked":"Streamline","floor":4},{"not_picked":["Turbo","Steam","Creative AI"],"picked":"SKIP","floor":6},{"not_picked":["Turbo","Steam"],"picked":"Creative AI","floor":6},{"not_picked":["Barrage","Aggregate"],"picked":"Gash","floor":7},{"not_picked":["Leap","White Noise"],"picked":"Heatsinks","floor":8},{"not_picked":["Electrodynamics","Streamline"],"picked":"Rebound","floor":10},{"not_picked":["White Noise","Stack"],"picked":"Gash","floor":12},{"not_picked":["Machine Learning","Amplify"],"picked":"Core Surge","floor":16},{"not_picked":["Barrage","Recycle"],"picked":"Gash+1","floor":18},{"not_picked":["Loop+1","Turbo+1"],"picked":"Force Field","floor":21},{"not_picked":["White Noise","Stack"],"picked":"Coolheaded","floor":22},{"not_picked":["Gash+1","Stack"],"picked":"Hologram","floor":25}],"player_experience":386657,"relics_obtained":[{"floor":6,"key":"Letter Opener"},{"floor":9,"key":"CeramicFish"},{"floor":10,"key":"Vajra"},{"floor":26,"key":"Singing Bowl"}],"event_choices":[{"damage_healed":0,"gold_gain":175,"player_choice":"AGREE","damage_taken":0,"max_hp_gain":0,"max_hp_loss":0,"event_name":"Liars Game","floor":3,"gold_loss":0,"cards_obtained":["Doubt"]},{"cards_removed":["Strike_B"],"damage_healed":0,"gold_gain":0,"player_choice":"Forget","damage_taken":0,"max_hp_gain":0,"max_hp_loss":0,"event_name":"Living Wall","floor":13,"gold_loss":0},{"cards_removed":["Strike_B"],"damage_healed":0,"gold_gain":0,"player_choice":"Upgrade and Remove","damage_taken":0,"max_hp_gain":0,"max_hp_loss":0,"event_name":"Designer","floor":20,"gold_loss":90,"cards_upgraded":["Rebound"]},{"damage_healed":0,"gold_gain":0,"player_choice":"Opened","damage_taken":0,"relics_obtained":["DataDisk"],"max_hp_gain":0,"max_hp_loss":0,"event_name":"The Mausoleum","floor":24,"gold_loss":0,"cards_obtained":["Writhe"]},{"damage_healed":0,"gold_gain":0,"player_choice":"Fight","damage_taken":0,"max_hp_gain":0,"max_hp_loss":0,"event_name":"Colosseum","floor":27,"gold_loss":0},{"damage_healed":0,"gold_gain":0,"player_choice":"Fought Nobs","damage_taken":0,"max_hp_gain":0,"max_hp_loss":0,"event_name":"Colosseum","floor":27,"gold_loss":0}],"is_beta":false,"boss_relics":[{"not_picked":["Pandora\u0027s Box","Coffee Dripper"],"picked":"Sozu"}],"items_purged_floors":[5,19],"is_endless":false,"potions_floor_spawned":[1,4,7,18,22],"killed_by":"Colosseum Nobs","ascension_level":7}}