{"host":"pe2q1tocp309rrg9","time":1609991799,"event":{"mods":["2.2 Compatiblity","BaseMod","BetterRewards","Downfall","Ekko","Gremlin Mod","Hermit","Jorbs\u0027s Wanderer Trilogy","Minty Spire (QoL Compilation)","Quick Restart","Rare Cards Sparkle","Replay The Spire","StSLib","The Blue Laboratory","The Construct","The Hierophant","Uncapped"],"gold_per_floor":[18,32,32,48,60,86,86,113,137,14,89,114,114,144,144,251,251,283,308,330,359,369,369],"floor_reached":22,"playtime":825,"items_purged":[],"score":217,"play_id":"41fc1e68-9378-424b-9ceb-191309bc7b06","local_time":"20210106215639","is_ascension_mode":false,"campfire_choices":[{"floor":7.0,"key":"REST"},{"floor":13.0,"key":"REST"},{"floor":15.0,"key":"REST"}],"circlet_count":0,"master_deck":["hermit:Strike_Hermit","hermit:Strike_Hermit","hermit:Strike_Hermit","hermit:Strike_Hermit","hermit:Defend_Hermit","hermit:Defend_Hermit","hermit:Defend_Hermit","hermit:Defend_Hermit","hermit:Snapshot","hermit:Covet","hermit:BodyArmor","hermit:Roulette","hermit:Dissolve","hermit:Deadeye","hermit:HighCaliber","hermit:Malice","hermit:Brawl","hermit:Dive","hermit:Shortfuse","hermit:Deadeye","hermit:Roughhouse","Voices","ReplayTheSpireMod:Restless Dread","stsjorbsmod:Withering","hermit:CursedWeapon"],"relics":["hermit:Momento","Lantern","Replay:Bandana","Happy Flower","Replay:Ancient Bell","Boot","Singing Bowl","construct:BoolHorns"],"acts_visited":["Exordium","TheCity"],"potions_floor_usage":[],"damage_taken":[{"damage":0.0,"enemies":"Small Slimes","floor":1.0,"turns":3.0},{"damage":3.0,"enemies":"Jaw Worm","floor":2.0,"turns":4.0},{"damage":0.0,"enemies":"2 Louse","floor":4.0,"turns":3.0},{"damage":7.0,"enemies":"Blue Slaver","floor":5.0,"turns":5.0},{"damage":23.0,"enemies":"Lagavulin","floor":6.0,"turns":7.0},{"damage":13.0,"enemies":"Exordium Wildlife","floor":8.0,"turns":4.0},{"damage":0.0,"enemies":"Red Slaver","floor":12.0,"turns":3.0},{"damage":14.0,"enemies":"Gremlin Gang","floor":14.0,"turns":4.0},{"damage":48.0,"enemies":"The Guardian","floor":16.0,"turns":12.0},{"damage":4.0,"enemies":"2 Thieves","floor":18.0,"turns":4.0},{"damage":21.0,"enemies":"Shell Parasite","floor":19.0,"turns":7.0},{"damage":27.0,"enemies":"Snecko","floor":20.0,"turns":6.0},{"damage":46.0,"enemies":"Shelled Parasite and Fungi","floor":21.0,"turns":7.0},{"damage":5,"enemies":"Sentry and Sphere","floor":22,"turns":2}],"seed_played":"-8000602913650881542","potions_obtained":[{"floor":2.0,"key":"hermit:BlackBile"},{"floor":4.0,"key":"Dexterity Potion"},{"floor":5.0,"key":"Block Potion"},{"floor":6.0,"key":"blueLaboratory:AbyssPotion"},{"floor":16.0,"key":"blueLaboratory:HummingbirdPotion"},{"floor":18.0,"key":"Elixir"}],"is_trial":false,"path_per_floor":["M","M","?","M","M","E","R","M","T","$","?","M","R","M","R","B",null,"M","M","M","M","M"],"character_chosen":"HERMIT","items_purchased":["hermit:Brawl","hermit:Dive"],"campfire_rested":3,"item_purchase_floors":[10,10],"current_hp_per_floor":[89,86,53,53,46,23,49,36,36,36,25,25,51,37,63,15,95,91,72,47,3,0,0],"gold":369,"neow_bonus":"TWENTY_PERCENT_HP_BONUS","is_daily":false,"chose_seed":false,"campfire_upgraded":0,"win_rate":0.0,"timestamp":1609991799,"path_taken":["M","M","?","M","M","E","R","M","T","$","?","M","R","M","R","BOSS","M","M","M","M","M"],"items_purchased_type":["Card","Card"],"build_version":"2020-12-22","purchased_purges":0,"victory":false,"max_hp_per_floor":[89,89,89,89,89,89,89,89,89,89,89,89,89,89,89,89,95,95,97,99,101,101,101],"card_choices":[{"not_picked":["hermit:ItchyTrigger","hermit:HoleUp"],"picked":"hermit:BodyArmor","floor":1.0},{"not_picked":["hermit:Ricochet","hermit:DeadMansHand"],"picked":"hermit:Roulette","floor":2.0},{"not_picked":["hermit:ShadowCloak","hermit:CalledShot"],"picked":"hermit:Dissolve","floor":4.0},{"not_picked":["hermit:CalledShot","hermit:Roulette"],"picked":"hermit:Deadeye","floor":5.0},{"not_picked":["hermit:FlashPowder","hermit:Virtue"],"picked":"hermit:HighCaliber","floor":6.0},{"not_picked":["hermit:CalledShot","hermit:BodyArmor"],"picked":"hermit:Malice","floor":8.0},{"not_picked":["hermit:HoleUp","hermit:ItchyTrigger"],"picked":"hermit:Shortfuse","floor":12.0},{"not_picked":["hermit:Vantage","hermit:Glare"],"picked":"hermit:Deadeye","floor":14.0},{"not_picked":["hermit:FinalCanter","hermit:FromBeyond"],"picked":"hermit:Roughhouse","floor":16.0},{"not_picked":["Voices","AbeCurse","Pain"],"picked":"Singing Bowl","floor":17.0},{"not_picked":["ReplayTheSpireMod:Restless Dread","Writhe","ReplayTheSpireMod:IOU"],"picked":"Singing Bowl","floor":17.0},{"not_picked":["Overencumbered","stsjorbsmod:Withering","Slimebound:Icky"],"picked":"Singing Bowl","floor":17.0},{"not_picked":["hermit:HoleUp","hermit:LoneWolf"],"picked":"hermit:CursedWeapon","floor":18.0},{"not_picked":["hermit:Misfire","hermit:Feint","hermit:CursedWeapon"],"picked":"Singing Bowl","floor":19.0},{"not_picked":["hermit:Virtue","hermit:Quickdraw+1","hermit:WideOpen"],"picked":"Singing Bowl","floor":20.0},{"not_picked":["hermit:Ricochet+1","hermit:Coalescence","hermit:GhostlyPresence"],"picked":"Singing Bowl","floor":21.0}],"player_experience":691356,"relics_obtained":[{"floor":6.0,"key":"Replay:Bandana"},{"floor":9.0,"key":"Happy Flower"}],"event_choices":[{"damage_healed":0.0,"max_hp_gain":0.0,"max_hp_loss":0.0,"gold_gain":0.0,"event_name":"Scrap Ooze","player_choice":"Success","floor":3.0,"gold_loss":0.0,"damage_taken":33.0,"relics_obtained":["Lantern"]},{"damage_healed":0.0,"max_hp_gain":0.0,"max_hp_loss":0.0,"gold_gain":75.0,"event_name":"World of Goop","player_choice":"Gather Gold","floor":11.0,"gold_loss":0.0,"damage_taken":11.0}],"is_beta":false,"boss_relics":[{"not_picked":["Black Star","hermit:DentedPlate"],"picked":"Replay:Ancient Bell"},{"not_picked":["Grinning Jar","Nunchaku"],"picked":"Boot"},{"not_picked":["Question Card","construct:FoamFinger"],"picked":"Singing Bowl"},{"not_picked":["Ice Cream","Old Coin"],"picked":"construct:BoolHorns"}],"items_purged_floors":[],"is_endless":false,"potions_floor_spawned":[2,4,5,6,16,18,19],"killed_by":"Sentry and Sphere","ascension_level":0}}