{"host":"mydft8i2zzydgggw","time":1609986778,"event":{"mods":["AchievementEnabler","BaseMod","BetterRewards","Colored Map","Colored Powertips","DeckTracker","Keyboard Shortcuts","Minty Spire (QoL Compilation)","Quick Restart","Rare Cards Sparkle","StSLib","SuperFastMode","The Poker Player","everything is the same but u backflip on backflip"],"gold_per_floor":[109,109,184,184,202,202,234,199,199,199,72,72,95,109,109,234,234,259,280,280,25,45,78,102,102,102,102,123,123,143,167,167,167,167],"floor_reached":33,"playtime":1093,"items_purged":["Defend_B","Strike_B"],"score":347,"play_id":"710f07d5-03f7-4eee-93e1-70a51d1975e6","local_time":"20210107113258","is_ascension_mode":true,"campfire_choices":[{"data":"Zap","floor":6,"key":"SMITH"},{"data":"Go for the Eyes","floor":12,"key":"SMITH"},{"data":"Loop","floor":15,"key":"SMITH"},{"floor":25,"key":"REST"},{"data":"Sunder","floor":27,"key":"SMITH"},{"floor":29,"key":"REST"},{"data":"Reboot","floor":32,"key":"SMITH"}],"circlet_count":0,"master_deck":["Strike_B","Defend_B","Defend_B","Zap+1","Dualcast","Reboot+1","Heatsinks","Go for the Eyes+1","Leap+1","Turbo+1","Loop+1","Hologram+1","Electrodynamics","Aggregate+1","Sunder+1","Core Surge","Heatsinks","Reinforced Body+1","White Noise+1","Glacier+1","Recycle+1","Coolheaded+1"],"relics":["Cracked Core","Toxic Egg 2","InkBottle","Golden Idol","Nuclear Battery","Bottled Flame","Omamori","Juzu Bracelet"],"acts_visited":["Exordium","TheCity"],"potions_floor_usage":[7,16,24,31,33,33],"damage_taken":[{"damage":4.0,"enemies":"2 Louse","floor":1.0,"turns":2.0},{"damage":2,"enemies":"Jaw Worm","floor":5,"turns":3},{"damage":15,"enemies":"Lagavulin","floor":7,"turns":6},{"damage":0,"enemies":"Small Slimes","floor":13,"turns":3},{"damage":0,"enemies":"2 Fungi Beasts","floor":14,"turns":2},{"damage":15,"enemies":"Hexaghost","floor":16,"turns":11},{"damage":0,"enemies":"Chosen","floor":18,"turns":4},{"damage":0,"enemies":"3 Byrds","floor":19,"turns":2},{"damage":7,"enemies":"Cultist and Chosen","floor":22,"turns":5},{"damage":53,"enemies":"Book of Stabbing","floor":23,"turns":6},{"damage":0,"enemies":"3 Cultists","floor":24,"turns":3},{"damage":0,"enemies":"Snecko","floor":28,"turns":4},{"damage":4,"enemies":"Snake Plant","floor":30,"turns":4},{"damage":0,"enemies":"Cultist and Chosen","floor":31,"turns":5},{"damage":52,"enemies":"Collector","floor":33,"turns":15}],"seed_played":"-3357646948417445622","potions_obtained":[{"floor":5,"key":"Fire Potion"},{"floor":7,"key":"Ancient Potion"},{"floor":16,"key":"Dexterity Potion"},{"floor":23,"key":"AttackPotion"},{"floor":24,"key":"GamblersBrew"},{"floor":30,"key":"SmokeBomb"},{"floor":31,"key":"FearPotion"}],"is_trial":false,"path_per_floor":["M","?","?","?","M","R","E","?","T","?","$","R","M","M","R","B",null,"M","M","T","$","M","E","M","R","T","R","M","R","M","M","R","B"],"character_chosen":"DEFECT","items_purchased":["Turbo+1","Core Surge"],"campfire_rested":2,"item_purchase_floors":[11,21],"current_hp_per_floor":[46,71,60,53,51,51,36,54,54,54,54,54,54,54,54,39,62,62,62,62,62,55,2,2,22,22,22,22,42,38,38,38,0,0],"gold":167,"neow_bonus":"TRANSFORM_TWO_CARDS","is_daily":false,"chose_seed":false,"campfire_upgraded":5,"win_rate":0.0,"timestamp":1609986778,"path_taken":["M","?","?","?","M","R","E","?","T","?","$","R","?","M","R","BOSS","M","?","?","$","M","E","M","R","T","R","M","R","M","M","R","BOSS"],"items_purchased_type":["Card","Card"],"build_version":"2020-12-22","purchased_purges":2,"victory":false,"max_hp_per_floor":[75,75,75,75,75,75,75,75,75,69,69,69,69,69,69,69,69,69,69,69,69,69,69,69,69,69,69,69,69,69,69,69,69,69],"card_choices":[{"not_picked":["Beam Cell","Rebound"],"picked":"Go for the Eyes","floor":1.0},{"not_picked":["Cold Snap","Barrage","Darkness"],"picked":"SKIP","floor":5},{"not_picked":["Cold Snap","Streamline"],"picked":"Leap+1","floor":7},{"not_picked":["Beam Cell","Force Field+1"],"picked":"Loop","floor":13},{"not_picked":["Go for the Eyes","Ball Lightning"],"picked":"Hologram+1","floor":14},{"not_picked":["Creative AI","Core Surge"],"picked":"Electrodynamics","floor":16},{"not_picked":["Compile Driver","Static Discharge"],"picked":"Aggregate+1","floor":18},{"not_picked":["Doom and Gloom","Ball Lightning"],"picked":"Sunder","floor":19},{"not_picked":["Gash","Lockon"],"picked":"Heatsinks","floor":22},{"not_picked":["Turbo+1","Redo+1"],"picked":"Reinforced Body+1","floor":23},{"not_picked":["Stack+1","Go for the Eyes"],"picked":"White Noise+1","floor":24},{"not_picked":["BootSequence+1","Hello World"],"picked":"Glacier+1","floor":28},{"not_picked":["Streamline","Beam Cell+1"],"picked":"Recycle+1","floor":30},{"not_picked":["Core Surge","Leap+1"],"picked":"Coolheaded+1","floor":31}],"player_experience":127021,"relics_obtained":[{"floor":7,"key":"Toxic Egg 2"},{"floor":9,"key":"InkBottle"},{"floor":20,"key":"Bottled Flame"},{"floor":23,"key":"Omamori"},{"floor":26,"key":"Juzu Bracelet"}],"event_choices":[{"damage_healed":25.0,"max_hp_gain":0.0,"max_hp_loss":0.0,"gold_gain":0.0,"event_name":"Big Fish","player_choice":"Banana","floor":2.0,"gold_loss":0.0,"damage_taken":0.0},{"damage_healed":0.0,"max_hp_gain":0.0,"max_hp_loss":0.0,"gold_gain":75.0,"event_name":"World of Goop","player_choice":"Gather Gold","floor":3.0,"gold_loss":0.0,"damage_taken":11.0},{"cards_removed":["Strike_B"],"damage_healed":0.0,"max_hp_gain":0.0,"max_hp_loss":0.0,"gold_gain":0.0,"event_name":"Golden Wing","player_choice":"Card Removal","floor":4.0,"gold_loss":0.0,"damage_taken":7.0},{"damage_healed":18,"gold_gain":0,"player_choice":"Healed","damage_taken":0,"max_hp_gain":0,"max_hp_loss":0,"event_name":"The Cleric","floor":8,"gold_loss":35},{"damage_healed":0,"gold_gain":0,"player_choice":"Lose Max HP","damage_taken":0,"relics_obtained":["Golden Idol"],"max_hp_gain":0,"max_hp_loss":6,"event_name":"Golden Idol","floor":10,"gold_loss":0}],"is_beta":false,"boss_relics":[{"not_picked":["Pandora\u0027s Box","Sozu"],"picked":"Nuclear Battery"}],"items_purged_floors":[11,21],"is_endless":false,"potions_floor_spawned":[5,7,16,23,24,30,31],"killed_by":"Collector","ascension_level":6}}