{"host":"tgr1xoidyjfo4u0n","time":1609995511,"event":{"mods":["Act Like it!","BaseMod","Better Vampires","CapriCore","Colored Powertips","GifTheSpireLib","Highlight Path","Minty Spire (QoL Compilation)","StSLib"],"gold_per_floor":[113,125,125,46,46,72,72,85,85,102,1,14,42,56,56,156,156,172,172,172,182,201,226,226,226,249,261,7,7,22,39,39,39,39],"floor_reached":33,"playtime":1628,"items_purged":["Strike_B","Zap"],"score":319,"play_id":"aa4e2fb7-00da-4f0a-a4a8-703328f735e6","local_time":"20210107125831","is_ascension_mode":true,"campfire_choices":[{"data":"Sunder","floor":7.0,"key":"SMITH"},{"data":"Coolheaded","floor":15.0,"key":"SMITH"},{"data":"Coolheaded","floor":25,"key":"SMITH"},{"data":"Heatsinks","floor":29,"key":"SMITH"},{"floor":32,"key":"REST"}],"circlet_count":0,"master_deck":["Defend_B+1","Defend_B","Defend_B","Defend_B","Dualcast","Turbo","Ball Lightning","Sunder+1","Meteor Strike+1","Loop","Coolheaded+1","Double Energy","Recycle+1","Turbo","Fission","Bite+1","Bite+1","Hologram+1","Coolheaded+1","Chill","Heatsinks+1","Finesse","Defragment+1"],"relics":["Cracked Core","NeowsBlessing","Molten Egg 2","Oddly Smooth Stone","Bottled Flame","Sozu","Bag of Marbles","Enchiridion","War Paint"],"acts_visited":["Exordium","TheCity"],"potions_floor_usage":[21,23],"damage_taken":[{"damage":0.0,"enemies":"Small Slimes","floor":1.0,"turns":1.0},{"damage":0.0,"enemies":"2 Louse","floor":2.0,"turns":1.0},{"damage":0.0,"enemies":"3 Sentries","floor":6.0,"turns":1.0},{"damage":6.0,"enemies":"Jaw Worm","floor":8.0,"turns":2.0},{"damage":0.0,"enemies":"Lots of Slimes","floor":10.0,"turns":3.0},{"damage":6.0,"enemies":"Looter","floor":12.0,"turns":4.0},{"damage":4.0,"enemies":"Gremlin Nob","floor":13.0,"turns":3.0},{"damage":1.0,"enemies":"Exordium Wildlife","floor":14.0,"turns":3.0},{"damage":24.0,"enemies":"Slime Boss","floor":16.0,"turns":9.0},{"damage":0.0,"enemies":"Spheric Guardian","floor":18.0,"turns":2.0},{"damage":21,"enemies":"3 Byrds","floor":21,"turns":6},{"damage":10,"enemies":"Centurion and Healer","floor":22,"turns":6},{"damage":20,"enemies":"Slavers","floor":23,"turns":6},{"damage":0,"enemies":"Cultist and Chosen","floor":27,"turns":2},{"damage":13,"enemies":"Snake Plant","floor":30,"turns":2},{"damage":10,"enemies":"Centurion and Healer","floor":31,"turns":2},{"damage":49,"enemies":"Champ","floor":33,"turns":13}],"seed_played":"-4558083242662060694","potions_obtained":[{"floor":6.0,"key":"FocusPotion"},{"floor":8.0,"key":"Energy Potion"},{"floor":12.0,"key":"Fire Potion"},{"floor":13.0,"key":"Fire Potion"}],"is_trial":false,"path_per_floor":["M","M","?","$","?","E","R","M","T","M","$","M","E","M","R","B",null,"M","?","?","M","M","E","?","R","T","M","$","R","M","M","R","B"],"character_chosen":"DEFECT","items_purchased":["Sunder","Coolheaded","Heatsinks","Finesse"],"campfire_rested":1,"item_purchase_floors":[4,11,28,28],"current_hp_per_floor":[75,75,68,68,68,68,68,62,62,62,62,56,52,51,51,27,75,75,66,66,54,53,45,29,29,29,29,29,29,28,27,46,18,18],"gold":39,"neow_bonus":"THREE_ENEMY_KILL","is_daily":false,"chose_seed":false,"campfire_upgraded":4,"win_rate":0.0,"timestamp":1609995511,"path_taken":["M","M","?","$","?","E","R","M","T","M","$","M","E","M","R","BOSS","M","?","?","?","?","E","?","R","T","M","?","R","?","M","R","BOSS"],"items_purchased_type":["Card","Card","Card","Card"],"build_version":"2020-12-22","purchased_purges":2,"victory":false,"max_hp_per_floor":[75,75,75,75,75,75,75,75,75,75,75,75,75,75,75,75,75,75,66,66,66,66,66,66,66,66,66,66,66,66,66,66,66,66],"card_choices":[{"not_picked":["Darkness","Conserve Battery"],"picked":"Turbo","floor":1.0},{"not_picked":["Cold Snap","Compile Driver"],"picked":"Ball Lightning","floor":2.0},{"not_picked":["Beam Cell+1","Cold Snap+1"],"picked":"Meteor Strike+1","floor":6.0},{"not_picked":["Cold Snap+1","Stack","Storm"],"picked":"SKIP","floor":8.0},{"not_picked":["Cold Snap+1","Static Discharge"],"picked":"Loop","floor":10.0},{"not_picked":["Redo","Melter+1"],"picked":"Double Energy","floor":12.0},{"not_picked":["Coolheaded","Reprogram"],"picked":"Recycle","floor":13.0},{"not_picked":["Genetic Algorithm","Cold Snap+1"],"picked":"Turbo","floor":14.0},{"not_picked":["Meteor Strike+1","Echo Form"],"picked":"Fission","floor":16.0},{"not_picked":["Stack","Beam Cell+1","Storm"],"picked":"SKIP","floor":18.0},{"not_picked":["Sunder+1","Doom and Gloom+1","Stack"],"picked":"SKIP","floor":21},{"not_picked":["Doom and Gloom+1","Go for the Eyes+1"],"picked":"Hologram+1","floor":22},{"not_picked":["Melter+1","Machine Learning"],"picked":"Coolheaded","floor":23},{"not_picked":["Darkness","Sweeping Beam+1"],"picked":"Chill","floor":27},{"not_picked":["Redo","Recycle","Sweeping Beam+1"],"picked":"SKIP","floor":30},{"not_picked":["Compile Driver+1","Auto Shields+1"],"picked":"Defragment+1","floor":31}],"player_experience":334202,"relics_obtained":[{"floor":6.0,"key":"Molten Egg 2"},{"floor":9.0,"key":"Oddly Smooth Stone"},{"floor":13.0,"key":"Bottled Flame"},{"floor":23,"key":"Bag of Marbles"},{"floor":24,"key":"Enchiridion"},{"floor":26,"key":"War Paint"}],"event_choices":[{"cards_removed":["Strike_B"],"damage_healed":0.0,"max_hp_gain":0.0,"max_hp_loss":0.0,"gold_gain":0.0,"event_name":"Golden Wing","player_choice":"Card Removal","floor":3.0,"gold_loss":0.0,"damage_taken":7.0},{"damage_healed":0.0,"max_hp_gain":0.0,"max_hp_loss":0.0,"gold_gain":0.0,"event_name":"Shining Light","player_choice":"Ignored","floor":5.0,"gold_loss":0.0,"damage_taken":0.0},{"damage_healed":0.0,"max_hp_gain":0.0,"max_hp_loss":9.0,"gold_gain":0.0,"event_name":"Vampires","player_choice":"Became a vampire","floor":19.0,"gold_loss":0.0,"damage_taken":0.0,"cards_obtained":["Bite","Bite"]},{"damage_healed":0.0,"max_hp_gain":0.0,"max_hp_loss":0.0,"gold_gain":0.0,"event_name":"The Mausoleum","player_choice":"Ignored","floor":20.0,"gold_loss":0.0,"damage_taken":0.0},{"damage_healed":0,"gold_gain":0,"player_choice":"Obtained Book","damage_taken":16,"max_hp_gain":0,"max_hp_loss":0,"event_name":"Cursed Tome","floor":24,"gold_loss":0}],"is_beta":false,"boss_relics":[{"not_picked":["Busted Crown","Calling Bell"],"picked":"Sozu"}],"items_purged_floors":[11,28],"is_endless":false,"potions_floor_spawned":[6,8,12,13,14,22,23],"killed_by":"Champ","ascension_level":1}}