{"host":"d8hh7rr4yzitjeuj","time":1609979976,"event":{"mods":["2.2 Compatiblity","AchievementEnabler","Act Like it!","BaseMod","Colored Map","Colored Powertips","Highlight Path","Keyboard Shortcuts","Minty Spire (QoL Compilation)","Permanent Neow","Quick Restart","StSLib","SuperFastMode"],"gold_per_floor":[367,383,12,83,101,101,112,112,139,164,164,189,209,209,209,304,367,387,387,405,21,34,73,97,97,97,97,97],"floor_reached":27,"playtime":1237,"items_purged":["Regret"],"score":466,"play_id":"7e28b861-8e34-4431-9d49-55179dd38942","local_time":"20210107093936","is_ascension_mode":true,"campfire_choices":[{"data":"Reprogram","floor":6.0,"key":"SMITH"},{"data":"Aggregate","floor":8.0,"key":"SMITH"},{"floor":15.0,"key":"REST"},{"floor":25.0,"key":"REST"}],"circlet_count":0,"master_deck":["AscendersBane","Strike_B","Strike_B","Defend_B","Defend_B","Defend_B","Defend_B","Zap","Dualcast+1","Reprogram+1","Aggregate+1","Streamline","White Noise","Compile Driver","Leap","Loop","Self Repair","Compile Driver","Electrodynamics","Melter","Reprogram+1","Cold Snap","Apotheosis","Reinforced Body","Dark Shackles","Go for the Eyes+1","Turbo"],"relics":["Cracked Core","OrangePellets","Juzu Bracelet","Regal Pillow","Golden Idol","Tiny House","Bag of Marbles","Centennial Puzzle","Molten Egg 2"],"acts_visited":["Exordium","TheCity"],"potions_floor_usage":[],"damage_taken":[{"damage":2.0,"enemies":"2 Louse","floor":1.0,"turns":2.0},{"damage":8.0,"enemies":"Small Slimes","floor":2.0,"turns":4.0},{"damage":0.0,"enemies":"Cultist","floor":5.0,"turns":4.0},{"damage":11.0,"enemies":"Red Slaver","floor":7.0,"turns":3.0},{"damage":3.0,"enemies":"Gremlin Nob","floor":10.0,"turns":3.0},{"damage":9.0,"enemies":"Exordium Thugs","floor":12.0,"turns":5.0},{"damage":9.0,"enemies":"3 Louse","floor":13.0,"turns":4.0},{"damage":42.0,"enemies":"The Guardian","floor":16.0,"turns":13.0},{"damage":17.0,"enemies":"Shell Parasite","floor":18.0,"turns":7.0},{"damage":14.0,"enemies":"3 Byrds","floor":20.0,"turns":3.0},{"damage":12.0,"enemies":"Centurion and Healer","floor":22.0,"turns":10.0},{"damage":25.0,"enemies":"Gremlin Leader","floor":23.0,"turns":7.0},{"damage":52,"enemies":"Book of Stabbing","floor":27,"turns":7}],"seed_played":"-3563104436061806469","potions_obtained":[{"floor":1.0,"key":"AttackPotion"},{"floor":2.0,"key":"Energy Potion"},{"floor":10.0,"key":"Swift Potion"},{"floor":13.0,"key":"SteroidPotion"},{"floor":17.0,"key":"SteroidPotion"},{"floor":18.0,"key":"Dexterity Potion"},{"floor":22.0,"key":"Fire Potion"}],"is_trial":false,"path_per_floor":["M","M","$","?","M","R","M","R","T","E","?","M","M","?","R","B",null,"M","?","M","$","M","E","T","R","T","E"],"character_chosen":"DEFECT","items_purchased":["OrangePellets","Streamline","White Noise","Apotheosis","Reinforced Body","Dark Shackles"],"campfire_rested":2,"item_purchase_floors":[3,3,3,21,21,21],"current_hp_per_floor":[62,54,54,54,54,54,43,43,43,40,40,31,22,22,56,21,58,48,48,41,41,39,14,14,49,49,0,0],"gold":97,"neow_bonus":"TWO_FIFTY_GOLD","is_daily":false,"chose_seed":false,"campfire_upgraded":2,"win_rate":0.0,"timestamp":1609979976,"path_taken":["M","M","$","?","M","R","M","R","T","E","?","M","M","?","R","BOSS","M","?","M","$","M","E","?","R","T","E"],"items_purchased_type":["Relic","Card","Card","Card","Card","Card"],"build_version":"2020-12-22","purchased_purges":1,"victory":false,"max_hp_per_floor":[71,71,71,71,71,71,71,71,71,71,64,64,64,64,64,64,69,69,69,69,69,69,69,69,69,69,69,69],"card_choices":[{"not_picked":["Turbo","Steam Power"],"picked":"Reprogram","floor":1.0},{"not_picked":["Skim","Cold Snap"],"picked":"Aggregate","floor":2.0},{"not_picked":["Conserve Battery","Streamline"],"picked":"Compile Driver","floor":5.0},{"not_picked":["Fission","Redo"],"picked":"Leap","floor":7.0},{"not_picked":["Steam","Consume"],"picked":"Loop","floor":10.0},{"not_picked":["Doom and Gloom","Stack"],"picked":"Self Repair","floor":12.0},{"not_picked":["Barrage","Redo"],"picked":"Compile Driver","floor":13.0},{"not_picked":["Echo Form","Biased Cognition"],"picked":"Electrodynamics","floor":16.0},{"not_picked":["Aggregate","Steam Power"],"picked":"Melter","floor":17.0},{"not_picked":["Gash+1","Streamline+1"],"picked":"Reprogram+1","floor":18.0},{"not_picked":["Hologram","Conserve Battery"],"picked":"Cold Snap","floor":20.0},{"not_picked":["Skim","Compile Driver"],"picked":"Go for the Eyes+1","floor":22.0},{"not_picked":["Compile Driver","Conserve Battery"],"picked":"Turbo","floor":23.0}],"player_experience":1418254,"relics_obtained":[{"floor":9.0,"key":"Juzu Bracelet"},{"floor":10.0,"key":"Regal Pillow"},{"floor":23.0,"key":"Bag of Marbles"},{"floor":24.0,"key":"Centennial Puzzle"},{"floor":26.0,"key":"Molten Egg 2"}],"event_choices":[{"damage_healed":0.0,"max_hp_gain":0.0,"max_hp_loss":0.0,"gold_gain":71.0,"event_name":"Golden Wing","player_choice":"Gained Gold","floor":4.0,"gold_loss":0.0,"damage_taken":0.0},{"damage_healed":0.0,"max_hp_gain":0.0,"max_hp_loss":7.0,"gold_gain":0.0,"event_name":"Golden Idol","player_choice":"Lose Max HP","floor":11.0,"gold_loss":0.0,"damage_taken":0.0,"relics_obtained":["Golden Idol"]},{"cards_removed":["Strike_B"],"damage_healed":0.0,"max_hp_gain":0.0,"max_hp_loss":0.0,"gold_gain":0.0,"event_name":"Purifier","player_choice":"Purged","floor":14.0,"gold_loss":0.0,"damage_taken":0.0},{"cards_removed":["Strike_B"],"damage_healed":0.0,"max_hp_gain":0.0,"max_hp_loss":0.0,"gold_gain":0.0,"event_name":"Purifier","player_choice":"Purged","floor":19.0,"gold_loss":0.0,"damage_taken":0.0}],"is_beta":false,"boss_relics":[{"not_picked":["Empty Cage","Runic Dome"],"picked":"Tiny House"}],"items_purged_floors":[3],"is_endless":false,"potions_floor_spawned":[1,2,10,13,18,22],"killed_by":"Book of Stabbing","ascension_level":20}}