{"host":"i9h64q9gphvrup4n","time":1609982352,"event":{"mods":["2.2 Compatiblity","AchievementEnabler","Aspiration","Astrologer","Bard","BaseMod","Beaked The Cultist","BetterRewards","Colored Powertips","Conspire","Downfall","Gremlin Mod","Hermit","Hubris","Infinite Spire","Jorbs\u0027s Wanderer Trilogy","Minty Spire (QoL Compilation)","Replay The Spire","Shop Mod","StSLib","SuperFastMode","The Blackbeard","The Bladedancer","The Bug Knight","The Construct","The Cursed","The Disciple","The Hierophant","The Jungle","The Necromancer","The Runesmith","The Wild Card","slay the spire mod where everything is the same but ironclad has a cowboy hat","vexMod"],"gold_per_floor":[113,15,15,115,126,160,160,194,218,218,234,246,262,289,289,388,388,400,400,415,431,41,41,41],"floor_reached":23,"playtime":868,"items_purged":[],"score":295,"play_id":"ccd8ce62-4591-444e-ac1b-b59f8b374bb4","local_time":"20210106191912","is_ascension_mode":true,"campfire_choices":[{"data":"blademaster:DragonStrike","floor":7,"key":"SMITH"},{"floor":10,"key":"RECALL"},{"floor":15,"key":"REST"}],"circlet_count":0,"master_deck":["blademaster:Strike","blademaster:Strike","blademaster:Strike","blademaster:Strike","blademaster:Defend","blademaster:Defend","blademaster:Defend","blademaster:Defend","blademaster:RagingBlow","blademaster:HighVoltage","blademaster:DragonStrike+1","blademaster:Stability","blademaster:ThunderingOpener","blademaster:Breeze","blademaster:AwakeningStrike","blademaster:FuriousStrike","blademaster:ThunderSlash","blademaster:RagingBlow","blademaster:Slice","blademaster:EyeOfTheTornado","blademaster:ColdBlood","blademaster:BloodyBlow","blademaster:Sharpen","blademaster:Stormstrike","blademaster:Blindside","blademaster:Breeze","expansioncontent:Sear"],"relics":["blademaster:DancersAmulet","NeowsBlessing","Shuriken","Centennial Puzzle","MealTicket","Juzu Bracelet","vexMod:DeviousBotling","Bronze Scales","BargainBundle","Pet Ghost"],"acts_visited":["Exordium","TheCity"],"potions_floor_usage":[12],"damage_taken":[{"damage":0,"enemies":"Cultist","floor":1,"turns":1},{"damage":0,"enemies":"2 Louse","floor":5,"turns":1},{"damage":0,"enemies":"Lagavulin","floor":6,"turns":1},{"damage":16,"enemies":"Gremlin Nob","floor":8,"turns":4},{"damage":0,"enemies":"Small Slimes","floor":11,"turns":2},{"damage":8,"enemies":"Gremlin Gang","floor":12,"turns":3},{"damage":8,"enemies":"Blue Slaver","floor":13,"turns":2},{"damage":12,"enemies":"3 Sentries","floor":14,"turns":5},{"damage":26,"enemies":"Slime Boss","floor":16,"turns":7},{"damage":6,"enemies":"3 Byrds","floor":18,"turns":4},{"damage":2,"enemies":"Chosen","floor":20,"turns":3},{"damage":36,"enemies":"Snake Plant","floor":21,"turns":3},{"damage":36,"enemies":"Slavers","floor":23,"turns":3}],"seed_played":"-4774094810950615136","potions_obtained":[{"floor":5,"key":"Strength Potion"},{"floor":6,"key":"Energy Potion"},{"floor":8,"key":"SmokeBomb"},{"floor":13,"key":"sneckomod:MuddlingPotion"},{"floor":18,"key":"Fire Potion"},{"floor":20,"key":"Dexterity Potion"}],"is_trial":false,"path_per_floor":["M","$","$","?","M","E","R","E","T","R","M","M","M","E","R","B",null,"M","?","M","M","$","E"],"character_chosen":"THE_BLADEMASTER","items_purchased":["blademaster:Stability","blademaster:ThunderingOpener","BargainBundle","blademaster:Blindside","Pet Ghost","blademaster:Breeze","expansioncontent:Sear"],"campfire_rested":1,"item_purchase_floors":[2,2,22,22,22,22,22],"current_hp_per_floor":[75,75,75,75,75,75,75,59,59,59,59,51,43,31,53,27,63,57,57,55,19,34,0,0],"gold":41,"neow_bonus":"THREE_ENEMY_KILL","is_daily":false,"chose_seed":false,"campfire_upgraded":1,"win_rate":0.0,"timestamp":1609982352,"path_taken":["M","?","$","?","M","E","R","E","T","R","M","M","M","E","R","BOSS","M","?","M","M","$","E"],"items_purchased_type":["Card","Card","Relic","Card","Relic","Card","Card"],"build_version":"2020-12-22","purchased_purges":0,"victory":false,"max_hp_per_floor":[75,75,75,75,75,75,75,75,75,75,75,75,75,75,75,75,75,75,75,75,75,75,75,75],"card_choices":[{"not_picked":["blademaster:OneTrickPony","blademaster:DeadlyDance"],"picked":"blademaster:DragonStrike","floor":1},{"not_picked":["blademaster:Frontflip","blademaster:Cut"],"picked":"blademaster:Breeze","floor":5},{"not_picked":["blademaster:AwakeningDefend","blademaster:Hailwind"],"picked":"blademaster:AwakeningStrike","floor":6},{"not_picked":["blademaster:CombatPrep","blademaster:Slice"],"picked":"blademaster:FuriousStrike","floor":8},{"not_picked":["blademaster:Stability","blademaster:WindSlash"],"picked":"blademaster:ThunderSlash","floor":11},{"not_picked":["blademaster:KiBarrier","blademaster:LeechingStrike"],"picked":"blademaster:RagingBlow","floor":12},{"not_picked":["blademaster:Sunder","blademaster:Rupture"],"picked":"blademaster:Slice","floor":13},{"not_picked":["blademaster:AwakeningStrike","blademaster:Havoc"],"picked":"blademaster:EyeOfTheTornado","floor":14},{"not_picked":["blademaster:FuryOfTheElements","blademaster:UnrelentingWind"],"picked":"blademaster:ColdBlood","floor":16},{"not_picked":["blademaster:Hailwind","blademaster:SlyStabs"],"picked":"blademaster:BloodyBlow","floor":18},{"not_picked":["blademaster:CombatPrep","blademaster:AirSlash+1"],"picked":"blademaster:Sharpen","floor":20},{"not_picked":["blademaster:BloodyBlow","blademaster:LeechingStrike"],"picked":"blademaster:Stormstrike","floor":21}],"player_experience":679607,"relics_obtained":[{"floor":6,"key":"Shuriken"},{"floor":6,"key":"blademaster:BleedingMoreDamagePerk"},{"floor":8,"key":"Centennial Puzzle"},{"floor":8,"key":"blademaster:BonusFuryPerk"},{"floor":9,"key":"MealTicket"},{"floor":14,"key":"Juzu Bracelet"},{"floor":14,"key":"blademaster:LightningChargePerk"}],"event_choices":[{"damage_healed":0,"gold_gain":100,"player_choice":"Pray","damage_taken":0,"max_hp_gain":0,"max_hp_loss":0,"event_name":"Golden Shrine","floor":4,"gold_loss":0},{"damage_healed":0,"gold_gain":0,"player_choice":"Gave Potion","damage_taken":0,"relics_obtained":["Bronze Scales"],"max_hp_gain":0,"max_hp_loss":0,"event_name":"WeMeetAgain","floor":19,"gold_loss":0}],"is_beta":false,"boss_relics":[{"not_picked":["hubris:HollowSoul","hubris:VirtuousBlindfold"],"picked":"vexMod:DeviousBotling"}],"items_purged_floors":[],"is_endless":false,"potions_floor_spawned":[5,6,8,13,18,20],"killed_by":"Slavers","ascension_level":5}}