{"host":"u21q392b5xaj11fl","time":1609980308,"event":{"mods":["2.2 Compatiblity","Bard","BaseMod","Better Note","Colored Map","Colored Powertips","Conspire","Custom Start","Downfall","Faster Ascension Climbing","GifTheSpireLib","Glutton Mod","Gremlin Skip","Highlight Path","Hubris","Infinite Spire","Mad Scientist","Marisa????????","Mimic Mod","Minty Spire (QoL Compilation)","Permanent Neow","Potionbrewer","Quick Restart","READ ME - Guardian Mod","Relic Sorter","Replay The Spire","Shop Mod","Somnambulant","StSLib","Stuff the Spire","SuperFastMode","The Construct","The Disciple","The Mystic","The Servant 0.9.4","vexMod"],"gold_per_floor":[115,129,153,153,167,167,201,201,226,237,237,264,264,308,308,328,328],"floor_reached":16,"playtime":1234,"items_purged":[],"score":236,"play_id":"0460a3ea-f24b-4e58-8570-b2b1add12d22","local_time":"20210106184508","is_ascension_mode":true,"campfire_choices":[{"data":"BiteCommand","floor":6,"key":"SMITH"},{"floor":8,"key":"REST"},{"data":"SecondHand","floor":11,"key":"SMITH"},{"data":"ExoVibe","floor":13,"key":"SMITH"},{"data":"WatchCommand","floor":15,"key":"SMITH"}],"circlet_count":0,"master_deck":["AscendersBane","Strike_Br","Strike_Br","Strike_Br","Strike_Br","Defend_Br","Defend_Br","Defend_Br","Defend_Br","SecondHand+1","PatternShift","WindUp","BiteCommand+1","WatchCommand+1","LockedAnchor","ExoVibe+7","BlueShift"],"relics":["Chronometer","Lantern","StuffTheSpire:Experiment12","vexMod:FocusSash","Replay:Bandana","StuffTheSpire:TintedRock"],"acts_visited":["Exordium"],"potions_floor_usage":[7,16,16],"damage_taken":[{"damage":10,"enemies":"Cultist","floor":1,"turns":5},{"damage":0,"enemies":"Small Slimes","floor":2,"turns":6},{"damage":1,"enemies":"Jaw Worm","floor":5,"turns":4},{"damage":35,"enemies":"Gremlin Nob","floor":7,"turns":5},{"damage":2,"enemies":"2 Fungi Beasts","floor":10,"turns":3},{"damage":9,"enemies":"Lagavulin","floor":12,"turns":7},{"damage":0,"enemies":"Replay:BlueRogue","floor":14,"turns":8},{"damage":38,"enemies":"Fading Forest","floor":16,"turns":10}],"seed_played":"8850971323562461784","potions_obtained":[{"floor":5,"key":"potionbrewer:CleansingPotion"},{"floor":7,"key":"Energy Potion"},{"floor":12,"key":"Weak Potion"}],"is_trial":false,"path_per_floor":["M","M","T","?","M","R","E","R","T","M","R","E","R","E","R","B"],"character_chosen":"CHRONO_CLASS","items_purchased":[],"campfire_rested":1,"item_purchase_floors":[],"current_hp_per_floor":[46,46,46,46,45,45,10,33,33,31,31,22,22,22,22,0,0],"gold":328,"neow_bonus":"TWENTY_PERCENT_HP_BONUS","is_daily":false,"chose_seed":false,"campfire_upgraded":4,"win_rate":0.0,"timestamp":1609980308,"path_taken":["M","M","?","?","M","R","E","R","T","M","R","E","R","E","R","BOSS"],"items_purchased_type":[],"build_version":"2020-12-22","purchased_purges":0,"victory":false,"max_hp_per_floor":[77,77,77,77,77,77,77,77,77,77,77,77,77,77,77,77,77],"card_choices":[{"not_picked":["Recurrance","CrunchTime"],"picked":"WindUp","floor":1},{"not_picked":["LockedAnchor","LockedMedicine"],"picked":"BiteCommand","floor":2},{"not_picked":["HandsUpB","LockedMercury"],"picked":"WatchCommand","floor":5},{"not_picked":["ReapSow","Facsimile"],"picked":"LockedAnchor","floor":7},{"not_picked":["HandsUpC","LockedScales"],"picked":"ExoVibe","floor":10},{"not_picked":["LockedMedicine","PrimeTime","LockedBell"],"picked":"SKIP","floor":12},{"not_picked":["EscortCommand","LockedScales"],"picked":"BlueShift","floor":14}],"player_experience":160515,"relics_obtained":[{"floor":3,"key":"Lantern"},{"floor":7,"key":"StuffTheSpire:Experiment12"},{"floor":9,"key":"vexMod:FocusSash"},{"floor":12,"key":"Replay:Bandana"},{"floor":14,"key":"StuffTheSpire:TintedRock"}],"event_choices":[],"is_beta":false,"boss_relics":[],"items_purged_floors":[],"is_endless":false,"potions_floor_spawned":[5,7,12],"killed_by":"Fading Forest","ascension_level":13}}