{"host":"8i4doyxqctgl5qb0","time":1609987176,"event":{"mods":["AchievementEnabler","BaseMod","Block Reminder","Colored Powertips","Downfall","Marisa£®ÏF”Í°°ƒß¿Ì…≥£©","Minty Spire (QoL Compilation)","Permanent Neow","Potion Indicator Mod","Rare Cards Sparkle","StSLib","SuperFastMode"],"gold_per_floor":[114,64,81,81,95,95,95,106,129,146,166,184,216,234,234,332,382,399,399,498,498,498,498,498],"floor_reached":23,"playtime":793,"items_purged":[],"score":218,"play_id":"4b33d370-fb9d-48b2-8a05-ac90115a058c","local_time":"20210107103936","is_ascension_mode":false,"campfire_choices":[{"floor":6,"key":"RECALL"},{"data":"Corruption","floor":15,"key":"SMITH"}],"circlet_count":0,"master_deck":["Defend_R+1","Defend_R+1","Defend_R+1","Bash","Pommel Strike","Blood for Blood","Metallicize","Armaments","Rage","Shrug It Off","Battle Trance","Ghostly Armor","Corruption+1","Brutality","Flex","Bite","Bite","Bite","Bite","Bite"],"relics":["Burning Blood","Anchor","Bag of Marbles","Pen Nib","Tiny House","Incense Burner"],"acts_visited":["Exordium","TheCity"],"potions_floor_usage":[],"damage_taken":[{"damage":2.0,"enemies":"Jaw Worm","floor":1.0,"turns":4.0},{"damage":2.0,"enemies":"Small Slimes","floor":3.0,"turns":4.0},{"damage":0,"enemies":"2 Louse","floor":5,"turns":4},{"damage":5,"enemies":"2 Fungi Beasts","floor":8,"turns":5},{"damage":9,"enemies":"Red Slaver","floor":10,"turns":4},{"damage":0,"enemies":"Large Slime","floor":11,"turns":6},{"damage":6,"enemies":"Exordium Thugs","floor":12,"turns":6},{"damage":21,"enemies":"Lagavulin","floor":13,"turns":9},{"damage":0,"enemies":"Lots of Slimes","floor":14,"turns":5},{"damage":61,"enemies":"Slime Boss","floor":16,"turns":16},{"damage":12,"enemies":"Shell Parasite","floor":18,"turns":8},{"damage":74,"enemies":"Book of Stabbing","floor":23,"turns":8}],"seed_played":"-4181394580361877850","potions_obtained":[{"floor":8,"key":"Dexterity Potion"},{"floor":11,"key":"Regen Potion"},{"floor":12,"key":"EssenceOfSteel"}],"is_trial":false,"path_per_floor":["M","?","M","?","M","R","$","M","T","M","M","M","E","M","R","B",null,"M","?","?","?","?","E"],"character_chosen":"IRONCLAD","items_purchased":[],"campfire_rested":0,"item_purchase_floors":[],"current_hp_per_floor":[80,80,80,80,80,80,80,80,80,77,80,80,65,71,71,16,85,79,59,59,59,59,0,0],"gold":498,"neow_bonus":"RANDOM_COMMON_RELIC","is_daily":false,"chose_seed":false,"campfire_upgraded":1,"win_rate":0.0,"timestamp":1609987176,"path_taken":["M","?","M","?","M","R","$","M","T","M","M","M","E","M","R","BOSS","M","?","?","?","?","E"],"items_purchased_type":[],"build_version":"2020-12-22","purchased_purges":0,"victory":false,"max_hp_per_floor":[80,80,80,80,80,80,80,80,80,80,80,80,80,80,80,80,85,85,59,59,59,59,59,59],"card_choices":[{"not_picked":["Body Slam","Second Wind"],"picked":"Pommel Strike","floor":1.0},{"not_picked":["Pommel Strike","Heavy Blade"],"picked":"Blood for Blood","floor":3.0},{"not_picked":["Body Slam","Anger"],"picked":"Armaments","floor":5},{"not_picked":["Sword Boomerang","True Grit"],"picked":"Rage","floor":8},{"not_picked":["Thunderclap","Anger"],"picked":"Shrug It Off","floor":10},{"not_picked":["Pommel Strike","Warcry","Headbutt"],"picked":"SKIP","floor":11},{"not_picked":["Twin Strike","Fire Breathing"],"picked":"Battle Trance","floor":12},{"not_picked":["Anger","Heavy Blade"],"picked":"Ghostly Armor","floor":13},{"not_picked":["Cleave","True Grit"],"picked":"Corruption","floor":14},{"not_picked":["Double Tap","Fiend Fire"],"picked":"Brutality","floor":16},{"not_picked":["Pummel","Thunderclap"],"picked":"Cleave","floor":17},{"not_picked":["Headbutt+1","Anger"],"picked":"Flex","floor":18}],"player_experience":104841,"relics_obtained":[{"floor":9,"key":"Bag of Marbles"},{"floor":13,"key":"Pen Nib"}],"event_choices":[{"cards_removed":["Defend_R"],"damage_healed":0.0,"max_hp_gain":0.0,"max_hp_loss":0.0,"gold_gain":0.0,"event_name":"The Cleric","player_choice":"Card Removal","floor":2.0,"gold_loss":50.0,"damage_taken":0.0},{"damage_healed":0,"gold_gain":0,"cards_transformed":["Strike_R"],"player_choice":"Change","damage_taken":0,"max_hp_gain":0,"max_hp_loss":0,"event_name":"Living Wall","floor":4,"gold_loss":0,"cards_obtained":["Metallicize"]},{"damage_healed":0,"gold_gain":0,"player_choice":"Became a vampire","damage_taken":0,"max_hp_gain":0,"max_hp_loss":26,"event_name":"Vampires","floor":19,"gold_loss":0,"cards_obtained":["Bite","Bite","Bite","Bite","Bite"]},{"damage_healed":0,"gold_gain":99,"player_choice":"Stole From Cult","damage_taken":0,"max_hp_gain":0,"max_hp_loss":0,"event_name":"Nest","floor":20,"gold_loss":0},{"damage_healed":0,"gold_gain":0,"player_choice":"Simplicity","damage_taken":0,"max_hp_gain":0,"max_hp_loss":0,"event_name":"Back to Basics","floor":21,"gold_loss":0,"cards_upgraded":["Defend_R","Defend_R"]},{"cards_removed":["Cleave"],"damage_healed":0,"gold_gain":0,"player_choice":"Gave Card","damage_taken":0,"relics_obtained":["Incense Burner"],"max_hp_gain":0,"max_hp_loss":0,"event_name":"WeMeetAgain","floor":22,"gold_loss":0}],"is_beta":false,"boss_relics":[{"not_picked":["Sozu","Coffee Dripper"],"picked":"Tiny House"}],"items_purged_floors":[],"is_endless":false,"potions_floor_spawned":[8,11,12,14,16],"killed_by":"Book of Stabbing","ascension_level":0}}