{"host":"sav7uxregyirlf69","time":1609987753,"event":{"mods":["AchievementEnabler","BaseMod","Colored Map","DeckTracker","Keyboard Shortcuts","Minty Spire (QoL Compilation)","READ ME - Guardian Mod","StSLib","SuperFastMode"],"gold_per_floor":[113,113,129,129,142,142,154,154,180,180,203,221,221,221,221,303,303,321,321,330,88,100,100,122,122,122,142,142,155,155,179,179,179,179],"floor_reached":33,"playtime":560,"items_purged":["Strike_G"],"score":478,"play_id":"8ea91c74-b42e-470e-9fcc-648831875d20","local_time":"20210107114913","is_ascension_mode":true,"campfire_choices":[{"data":"Neutralize","floor":6,"key":"SMITH"},{"data":"Bouncing Flask","floor":8,"key":"SMITH"},{"floor":15,"key":"REST"},{"data":"Adrenaline","floor":23,"key":"SMITH"},{"data":"Adrenaline","floor":25,"key":"SMITH"},{"data":"Acrobatics","floor":28,"key":"SMITH"},{"data":"Concentrate","floor":32,"key":"SMITH"}],"circlet_count":0,"master_deck":["AscendersBane","Strike_G","Strike_G","Defend_G","Defend_G","Defend_G","Defend_G","Defend_G","Survivor","Neutralize+1","Quick Slash","Heel Hook","Dagger Throw","Underhanded Strike","Bouncing Flask+1","Escape Plan","Adrenaline+1","Adrenaline+1","Acrobatics+1","Reflex","Concentrate+1"],"relics":["Ring of the Snake","Torii","CeramicFish","Coffee Dripper","Medical Kit","Meat on the Bone","PreservedInsect"],"acts_visited":["Exordium","TheCity"],"potions_floor_usage":[16],"damage_taken":[{"damage":1,"enemies":"Small Slimes","floor":1,"turns":3},{"damage":7,"enemies":"2 Louse","floor":3,"turns":3},{"damage":13,"enemies":"Jaw Worm","floor":5,"turns":5},{"damage":0,"enemies":"3 Louse","floor":7,"turns":3},{"damage":0,"enemies":"Large Slime","floor":11,"turns":4},{"damage":0,"enemies":"Red Slaver","floor":12,"turns":3},{"damage":4,"enemies":"The Guardian","floor":16,"turns":8},{"damage":11,"enemies":"Spheric Guardian","floor":18,"turns":4},{"damage":7,"enemies":"3 Byrds","floor":22,"turns":5},{"damage":7,"enemies":"Snake Plant","floor":24,"turns":3},{"damage":20,"enemies":"Cultist and Chosen","floor":27,"turns":5},{"damage":2,"enemies":"Chosen and Byrds","floor":29,"turns":6},{"damage":0,"enemies":"Snake Plant","floor":31,"turns":2},{"damage":69,"enemies":"Automaton","floor":33,"turns":6}],"seed_played":"66181788362505500","potions_obtained":[{"floor":1,"key":"LiquidMemories"},{"floor":3,"key":"LiquidBronze"},{"floor":5,"key":"Energy Potion"},{"floor":22,"key":"DuplicationPotion"}],"is_trial":false,"path_per_floor":["M","?","M","?","M","R","M","R","T","?","M","M","?","?","R","B",null,"M","?","?","$","M","R","M","R","T","M","R","M","?","M","R","B"],"character_chosen":"THE_SILENT","items_purchased":["Medical Kit"],"campfire_rested":1,"item_purchase_floors":[21],"current_hp_per_floor":[43,43,36,41,28,28,28,28,28,28,28,28,21,21,42,38,63,52,52,52,52,45,45,38,38,38,30,30,40,40,40,40,0,0],"gold":179,"neow_bonus":"ONE_RARE_RELIC","is_daily":false,"chose_seed":false,"campfire_upgraded":6,"win_rate":0.0,"timestamp":1609987753,"path_taken":["M","?","M","?","M","R","M","R","T","?","M","?","?","?","R","BOSS","M","?","?","$","M","R","?","R","T","M","R","M","?","?","R","BOSS"],"items_purchased_type":["Relic"],"build_version":"2020-12-22","purchased_purges":1,"victory":false,"max_hp_per_floor":[66,66,66,71,71,71,71,71,71,71,71,71,71,71,71,71,71,71,71,71,71,71,71,71,71,71,71,71,71,71,71,71,71,71],"card_choices":[{"not_picked":["Accuracy","Escape Plan"],"picked":"Quick Slash","floor":1},{"not_picked":["Dodge and Roll","Deflect"],"picked":"Dagger Throw","floor":3},{"not_picked":["Setup","PiercingWail"],"picked":"Underhanded Strike","floor":5},{"not_picked":["Underhanded Strike","Backflip"],"picked":"Bouncing Flask","floor":7},{"not_picked":["Terror","Quick Slash"],"picked":"Escape Plan","floor":11},{"not_picked":["Terror","Quick Slash","Underhanded Strike"],"picked":"SKIP","floor":12},{"not_picked":["Glass Knife","Storm of Steel"],"picked":"Adrenaline","floor":16},{"not_picked":["Dagger Throw","Deadly Poison","Setup"],"picked":"SKIP","floor":18},{"not_picked":["Finisher","Backstab","Masterful Stab"],"picked":"SKIP","floor":22},{"not_picked":["Quick Slash","Outmaneuver"],"picked":"Acrobatics","floor":24},{"not_picked":["Skewer","Deadly Poison"],"picked":"Reflex","floor":27},{"not_picked":["Caltrops","Dodge and Roll","Blade Dance"],"picked":"SKIP","floor":29},{"not_picked":["Flying Knee","Backflip"],"picked":"Concentrate","floor":31}],"player_experience":1167468,"relics_obtained":[{"floor":9,"key":"CeramicFish"},{"floor":26,"key":"Meat on the Bone"}],"event_choices":[{"damage_healed":0,"gold_gain":0,"cards_transformed":["Strike_G"],"player_choice":"Change","damage_taken":0,"max_hp_gain":0,"max_hp_loss":0,"event_name":"Living Wall","floor":2,"gold_loss":0,"cards_obtained":["Heel Hook"]},{"damage_healed":0,"gold_gain":0,"player_choice":"Donut","damage_taken":0,"max_hp_gain":5,"max_hp_loss":0,"event_name":"Big Fish","floor":4,"gold_loss":0},{"damage_healed":0,"gold_gain":0,"player_choice":"Ignored","damage_taken":0,"max_hp_gain":0,"max_hp_loss":0,"event_name":"Shining Light","floor":10,"gold_loss":0},{"cards_removed":["Strike_G"],"damage_healed":0,"gold_gain":0,"player_choice":"Card Removal","damage_taken":7,"max_hp_gain":0,"max_hp_loss":0,"event_name":"Golden Wing","floor":13,"gold_loss":0},{"damage_healed":0,"gold_gain":0,"player_choice":"Searched \u00270\u0027 times","damage_taken":0,"max_hp_gain":0,"max_hp_loss":0,"event_name":"Dead Adventurer","floor":14,"gold_loss":0},{"damage_healed":0,"gold_gain":0,"player_choice":"Ignored","damage_taken":0,"max_hp_gain":0,"max_hp_loss":0,"event_name":"Vampires","floor":19,"gold_loss":0},{"damage_healed":0,"gold_gain":0,"player_choice":"Copied","damage_taken":0,"max_hp_gain":0,"max_hp_loss":0,"event_name":"Duplicator","floor":20,"gold_loss":0,"cards_obtained":["Adrenaline"]},{"damage_healed":0,"gold_gain":0,"player_choice":"Gave Potion","damage_taken":0,"relics_obtained":["PreservedInsect"],"max_hp_gain":0,"max_hp_loss":0,"event_name":"WeMeetAgain","floor":30,"gold_loss":0}],"is_beta":false,"boss_relics":[{"not_picked":["Calling Bell","Ring of the Serpent"],"picked":"Coffee Dripper"}],"items_purged_floors":[21],"is_endless":false,"potions_floor_spawned":[1,3,5,22,24],"killed_by":"Automaton","ascension_level":20}}