{"host":"obplhmlw33xb91v8","time":1609983353,"event":{"mods":["BaseMod","Block Reminder","Curses Come First","Evolution","Minty Spire (QoL Compilation)","Quick Restart","Relic Stats","Replay The Spire","Spicy Shops","StSLib","Uncapped","Waifu the Spire","slay the spire mod where everything is the same but ironclad has a cowboy hat"],"gold_per_floor":[117,117,42,217,236,236,236,236],"floor_reached":7,"playtime":289,"items_purged":["Defend_G"],"score":45,"play_id":"2346ec4f-5471-492b-b44b-1ce143d07952","local_time":"20210106203553","is_ascension_mode":true,"campfire_choices":[{"floor":6,"key":"REST"}],"circlet_count":0,"master_deck":["Strike_G","Strike_G","Strike_G","Defend_G","Defend_G","Defend_G","Defend_G+1","Survivor","Neutralize","Leg Sweep+1","Doubt","PiercingWail"],"relics":["EVO:Axolotl","Empty Cage"],"acts_visited":["Exordium"],"potions_floor_usage":[7],"damage_taken":[{"damage":1,"enemies":"Small Slimes","floor":1,"turns":5},{"damage":23,"enemies":"Jaw Worm","floor":5,"turns":11},{"damage":74,"enemies":"Gremlin Nob","floor":7,"turns":8}],"seed_played":"-7280618803323253503","potions_obtained":[{"floor":1,"key":"ColorlessPotion"}],"is_trial":false,"path_per_floor":["M","?","$","?","M","R","E"],"character_chosen":"THE_SILENT","items_purchased":[],"campfire_rested":1,"item_purchase_floors":[],"current_hp_per_floor":[69,55,55,55,32,53,0,0],"gold":236,"neow_bonus":"BOSS_RELIC","is_daily":false,"chose_seed":false,"campfire_upgraded":0,"win_rate":0.0,"timestamp":1609983353,"path_taken":["M","?","$","?","?","R","E"],"items_purchased_type":[],"build_version":"2020-12-22","purchased_purges":1,"victory":false,"max_hp_per_floor":[70,70,70,70,70,70,70,70],"relic_stats":{"counters":[3,24],"obtain_stats":[{"EVO:Axolotl":0,"Empty Cage":0,"Ring of the Snake":0},{"EVO:Axolotl":0,"Empty Cage":0,"Ring of the Snake":0},{"EVO:Axolotl":0,"Empty Cage":0,"Ring of the Snake":0}]},"card_choices":[{"not_picked":["Toxin Wave","Finisher"],"picked":"Leg Sweep","floor":1},{"not_picked":["Backflip","Dagger Throw"],"picked":"PiercingWail","floor":5}],"player_experience":150348,"relics_obtained":[],"event_choices":[{"damage_healed":0,"gold_gain":0,"player_choice":"Entered Light","damage_taken":14,"max_hp_gain":0,"max_hp_loss":0,"event_name":"Shining Light","floor":2,"gold_loss":0,"cards_upgraded":["Defend_G","Leg Sweep"]},{"damage_healed":0,"gold_gain":175,"player_choice":"AGREE","damage_taken":0,"max_hp_gain":0,"max_hp_loss":0,"event_name":"Liars Game","floor":4,"gold_loss":0,"cards_obtained":["Doubt"]}],"is_beta":false,"boss_relics":[],"items_purged_floors":[3],"is_endless":false,"potions_floor_spawned":[1],"killed_by":"Gremlin Nob","ascension_level":3}}