{"host":"51f0ad793vly1w6u","time":1609979220,"event":{"mods":["BaseMod","Colored Map","DeckTracker","Minty Spire (QoL Compilation)","StSLib","SuperFastMode"],"gold_per_floor":[116,132,0,0,17,17,46,57,82,98,113,38,38,70,70,148,148,158,158,338,350,350,350,385,385,385,397,397,397],"floor_reached":28,"playtime":444,"items_purged":["Strike_G"],"score":496,"play_id":"0ae01907-4c47-4d99-81ac-2b143e7a59d2","local_time":"20210107092700","is_ascension_mode":true,"campfire_choices":[{"data":"Accuracy","floor":6,"key":"SMITH"},{"data":"Blade Dance","floor":15,"key":"SMITH"},{"floor":23,"key":"REST"},{"data":"Phantasmal Killer","floor":25,"key":"SMITH"}],"circlet_count":0,"master_deck":["AscendersBane","Strike_G","Defend_G","Defend_G","Defend_G","Defend_G","Survivor","Neutralize","Accuracy+1","Dagger Spray","Blade Dance+1","Dash","Leg Sweep","Bullet Time","Phantasmal Killer+1","Infinite Blades","Wraith Form v2","Glass Knife","Backflip"],"relics":["Ring of the Snake","NeowsBlessing","Bronze Scales","Toy Ornithopter","MealTicket","HoveringKite","Akabeko","Meat on the Bone"],"acts_visited":["Exordium","TheCity"],"potions_floor_usage":[16,16,24,27],"damage_taken":[{"damage":0,"enemies":"Jaw Worm","floor":1,"turns":1},{"damage":0,"enemies":"Cultist","floor":2,"turns":1},{"damage":0,"enemies":"2 Louse","floor":5,"turns":1},{"damage":15,"enemies":"3 Sentries","floor":7,"turns":8},{"damage":1,"enemies":"Blue Slaver","floor":8,"turns":3},{"damage":0,"enemies":"Looter","floor":10,"turns":2},{"damage":9,"enemies":"Red Slaver","floor":11,"turns":5},{"damage":22,"enemies":"Gremlin Nob","floor":14,"turns":4},{"damage":21,"enemies":"Hexaghost","floor":16,"turns":11},{"damage":21,"enemies":"3 Byrds","floor":18,"turns":2},{"damage":0,"enemies":"Spheric Guardian","floor":21,"turns":2},{"damage":15,"enemies":"Slavers","floor":24,"turns":3},{"damage":28,"enemies":"Cultist and Chosen","floor":27,"turns":5},{"damage":15,"enemies":"Snake Plant","floor":28,"turns":2}],"seed_played":"-6486851319274138238","potions_obtained":[{"floor":1,"key":"Fire Potion"},{"floor":7,"key":"DistilledChaos"},{"floor":18,"key":"ColorlessPotion"},{"floor":24,"key":"SpeedPotion"}],"is_trial":false,"path_per_floor":["M","M","$","?","M","R","E","M","T","M","M","?","?","E","R","B",null,"M","?","?","M","?","R","E","R","T","M","M"],"character_chosen":"THE_SILENT","items_purchased":["Blade Dance"],"campfire_rested":1,"item_purchase_floors":[3],"current_hp_per_floor":[59,59,59,59,59,59,44,43,43,43,34,34,56,34,34,23,55,34,34,15,15,15,34,24,24,24,13,0,0],"gold":397,"neow_bonus":"THREE_ENEMY_KILL","is_daily":false,"chose_seed":false,"campfire_upgraded":3,"win_rate":0.0,"timestamp":1609979220,"path_taken":["M","M","$","?","M","R","E","M","T","?","M","?","?","E","R","BOSS","M","?","?","?","?","R","E","R","T","M","M"],"items_purchased_type":["Card"],"build_version":"2020-12-22","purchased_purges":1,"victory":false,"max_hp_per_floor":[66,66,66,66,66,66,66,66,66,66,66,66,66,66,66,66,66,66,66,66,66,66,66,66,66,66,66,66,66],"card_choices":[{"not_picked":["Prepared","PiercingWail"],"picked":"Accuracy","floor":1},{"not_picked":["Prepared","Slice"],"picked":"Dagger Spray","floor":2},{"not_picked":["Outmaneuver","Sucker Punch"],"picked":"Dash","floor":5},{"not_picked":["Dagger Throw","Bouncing Flask"],"picked":"Leg Sweep","floor":7},{"not_picked":["Dash","Prepared","Endless Agony"],"picked":"SKIP","floor":8},{"not_picked":["Dodge and Roll","Outmaneuver","Prepared"],"picked":"SKIP","floor":10},{"not_picked":["Caltrops","Dagger Spray","Leg Sweep"],"picked":"SKIP","floor":11},{"not_picked":["Choke","Acrobatics"],"picked":"Bullet Time","floor":14},{"not_picked":["Burst","Unload"],"picked":"Phantasmal Killer","floor":16},{"not_picked":["Escape Plan","Acrobatics"],"picked":"Infinite Blades","floor":18},{"not_picked":["All Out Attack","Dagger Spray","Endless Agony+1"],"picked":"SKIP","floor":21},{"not_picked":["Distraction","Underhanded Strike","Finisher"],"picked":"SKIP","floor":24},{"not_picked":["Heel Hook","Deflect"],"picked":"Backflip","floor":27}],"player_experience":1387799,"relics_obtained":[{"floor":7,"key":"Bronze Scales"},{"floor":9,"key":"Toy Ornithopter"},{"floor":14,"key":"MealTicket"},{"floor":24,"key":"Akabeko"},{"floor":26,"key":"Meat on the Bone"}],"event_choices":[{"cards_removed":["Defend_G"],"damage_healed":0,"gold_gain":0,"player_choice":"Offered Basic","damage_taken":0,"max_hp_gain":0,"max_hp_loss":0,"event_name":"Bonfire Elementals","floor":4,"gold_loss":0},{"cards_removed":["Strike_G"],"damage_healed":0,"gold_gain":0,"player_choice":"Card Removal","damage_taken":0,"max_hp_gain":0,"max_hp_loss":0,"event_name":"The Cleric","floor":12,"gold_loss":75},{"damage_healed":22,"gold_gain":0,"player_choice":"Banana","damage_taken":0,"max_hp_gain":0,"max_hp_loss":0,"event_name":"Big Fish","floor":13,"gold_loss":0},{"damage_healed":0,"gold_gain":0,"cards_transformed":["Strike_G","Strike_G"],"player_choice":"Became Test Subject","damage_taken":0,"max_hp_gain":0,"max_hp_loss":0,"event_name":"Drug Dealer","floor":19,"gold_loss":0,"cards_obtained":["Wraith Form v2","Glass Knife"]},{"damage_healed":0,"gold_gain":180,"player_choice":"GOLD GOLD ","damage_taken":19,"max_hp_gain":0,"max_hp_loss":0,"event_name":"Knowing Skull","floor":20,"potions_obtained":[],"gold_loss":0,"cards_obtained":[]},{"damage_healed":0,"gold_gain":0,"player_choice":"Ignored","damage_taken":0,"max_hp_gain":0,"max_hp_loss":0,"event_name":"Ghosts","floor":22,"gold_loss":0}],"is_beta":false,"boss_relics":[{"not_picked":["Velvet Choker","Snecko Eye"],"picked":"HoveringKite"}],"items_purged_floors":[3],"is_endless":false,"potions_floor_spawned":[1,7,8,14,18,24],"killed_by":"Snake Plant","ascension_level":20}}