{"host":"qvl114e0jmbc6yhm","time":1609999711,"event":{"mods":["Act Like it!","BaseMod","Hermit","Highlight Path","Hubris","Jedi Mod","Marisa????????","Marked Mod","Minty Spire (QoL Compilation)","Permanent Neow","Random Character Button","Relic Sorter","Relic Stats","Replay The Spire","Shop Mod","Spicy Shops","StSLib","The Jungle","The Runesmith"],"gold_per_floor":[114,114,129,144,158,187,203,254,254,254,283,300,300,329,329,407,407,417,428,428,438,450,450,476,476,476,486,486,515,515,526,526,600,600,620,620,520,530,540,570,570,582,635,652,652,652,671,689,718,131,131,131,131,131,331,364,364],"floor_reached":58,"playtime":4846,"items_purged":["Decay","Defend_G"],"score":2234,"play_id":"0d494315-10b4-4faf-8745-532c7e8f0eaa","local_time":"20210107010831","is_ascension_mode":true,"campfire_choices":[{"data":"Venomology","floor":10,"key":"SMITH"},{"floor":13,"key":"REST"},{"data":"Wraith Form v2","floor":15,"key":"SMITH"},{"floor":23,"key":"REST"},{"floor":25,"key":"REST"},{"floor":32,"key":"RECALL"},{"floor":41,"key":"REST"},{"floor":51,"key":"REST"},{"floor":54,"key":"REST"}],"circlet_count":0,"master_deck":["AscendersBane","Strike_G","Strike_G","Defend_G","Defend_G","Defend_G","Survivor","Neutralize","Hidden Blade","Blade Dance","Underhanded Strike","Venomology+1","Flying Knee","PiercingWail","Wraith Form v2+1","Grand Finale+1","Blade Dance","Riddle With Holes","Acrobatics","jedi:studyshivs+1","Noxious Fumes+1","Ghostly","Ghostly","Ghostly","Ghostly","Ghostly","Wraith Form v2+1","Expertise","Corpse Explosion","Backflip","Calculated Gamble","Reflex+1","Cloak And Dagger+1","jedi:poisonivy","Pot Of Greed","Pot Of Greed","Pot Of Greed"],"relics":["Snecko Scales","hubris:Stopwatch","jedi:matchstick","PreservedInsect","hubris:OldNail","Odd Mushroom","Replay:Kaleidoscope","Fusion Hammer","ReplayTheSpireMod:TigerMarble","Bag of Marbles","Molten Egg 2","Replay:Baseball","Ornamental Fan","Snake Skull","Happy Flower","Grinning Jar","TwistedFunnel","hubris:NiceRug","Paper Crane","Mango","hubris:ToyBattleship","Guide Book","Golden Egg"],"acts_visited":["Exordium","TheCity","TheBeyond","TheEnding"],"potions_floor_usage":[6,7,14,16,18,19,21,22,24,24,29,29,33,33,57,57],"damage_taken":[{"damage":0,"enemies":"Small Slimes","floor":1,"turns":3},{"damage":0,"enemies":"Jaw Worm","floor":3,"turns":4},{"damage":1,"enemies":"2 Louse","floor":4,"turns":3},{"damage":0,"enemies":"Exordium Thugs","floor":5,"turns":3},{"damage":2,"enemies":"Lagavulin","floor":6,"turns":6},{"damage":0,"enemies":"Blue Slaver","floor":7,"turns":3},{"damage":15,"enemies":"The Mushroom Lair","floor":11,"turns":5},{"damage":0,"enemies":"Large Slime","floor":12,"turns":5},{"damage":0,"enemies":"Replay:BlueRogue","floor":14,"turns":4},{"damage":1,"enemies":"Fading Forest","floor":16,"turns":11},{"damage":1,"enemies":"Shell Parasite","floor":18,"turns":5},{"damage":17,"enemies":"2 Thieves","floor":19,"turns":4},{"damage":5,"enemies":"Centurion and Healer","floor":21,"turns":6},{"damage":0,"enemies":"Chosen and Byrds","floor":22,"turns":4},{"damage":15,"enemies":"Book of Stabbing","floor":24,"turns":5},{"damage":0,"enemies":"3 Cultists","floor":27,"turns":3},{"damage":0,"enemies":"Gremlin Leader","floor":29,"turns":4},{"damage":0,"enemies":"Cultist and Chosen","floor":31,"turns":5},{"damage":1,"enemies":"Automaton","floor":33,"turns":9},{"damage":2,"enemies":"3 Darklings","floor":35,"turns":5},{"damage":1,"enemies":"Orb Walker","floor":38,"turns":3},{"damage":0,"enemies":"3 Darklings","floor":39,"turns":4},{"damage":0,"enemies":"Nemesis","floor":40,"turns":5},{"damage":0,"enemies":"Maw","floor":42,"turns":4},{"damage":0,"enemies":"Spire Growth","floor":44,"turns":5},{"damage":0,"enemies":"Jaw Worm Horde","floor":47,"turns":2},{"damage":0,"enemies":"4 Shapes","floor":48,"turns":3},{"damage":0,"enemies":"Reptomancer","floor":49,"turns":4},{"damage":2,"enemies":"Awakened One","floor":52,"turns":9},{"damage":13,"enemies":"hubris:Merchant","floor":55,"turns":6},{"damage":0,"enemies":"Shield and Spear","floor":56,"turns":4},{"damage":7,"enemies":"The Heart","floor":57,"turns":9}],"seed_played":"-2561511470895038340","potions_obtained":[{"floor":3,"key":"GamblersBrew"},{"floor":4,"key":"Poison Potion"},{"floor":6,"key":"Dexterity Potion"},{"floor":11,"key":"LiquidBronze"},{"floor":22,"key":"jedi:StrikingPotion"},{"floor":38,"key":"Flashbang"}],"is_trial":false,"path_per_floor":["M","?","M","M","M","E","M","?","T","R","?","M","R","E","R","B",null,"M","M","?","M","M","R","E","R","T","M","?","E","?","M","R","B",null,"M","?","NS","M","M","E","R","M","T","M","PTL","PTL","M","M","E","$","R","B",null,"R","$","E","B",null],"character_chosen":"THE_SILENT","items_purchased":["Snake Skull","Happy Flower","Grinning Jar","TwistedFunnel"],"campfire_rested":6,"item_purchase_floors":[50,50,50,50],"current_hp_per_floor":[59,46,46,45,45,43,43,43,43,43,28,28,47,47,47,46,61,60,43,43,38,38,57,42,61,61,61,33,33,33,33,33,32,33,31,31,31,30,30,30,33,33,33,33,33,33,33,33,33,33,33,31,33,33,34,34,27],"gold":364,"neow_bonus":"BOSS_RELIC","is_daily":false,"chose_seed":false,"campfire_upgraded":2,"win_rate":0.0,"timestamp":1609999711,"path_taken":["M","?","M","M","M","E","M","?","T","R","?","M","R","E","R","BOSS","M","M","?","M","?","R","E","R","T","M","?","E","?","?","R","BOSS","M","?","NS","M","M","E","R","?","T","M","PTL","PTL","M","M","E","$","R","BOSS","R","$","E","BOSS"],"items_purchased_type":["Relic","Relic","Relic","Relic"],"build_version":"2020-12-22","purchased_purges":2,"victory":true,"max_hp_per_floor":[66,66,66,66,66,66,66,66,66,66,66,66,66,66,66,66,66,66,66,66,66,66,66,66,66,66,66,33,33,33,33,33,33,33,33,33,33,33,33,33,33,33,33,33,33,33,33,33,33,33,33,33,33,33,47,47,47],"relic_stats":{"Happy Flower":[9],"counters":[32,155],"Ornamental Fan":[220],"PreservedInsect":300,"Snake Skull":[30],"obtain_stats":[{"TwistedFunnel":50,"Golden Egg":56,"Happy Flower":50,"Guide Book":55,"Mango":55,"PreservedInsect":6,"Snake Skull":50,"Replay:Kaleidoscope":14,"Odd Mushroom":11,"Paper Crane":55,"Replay:Baseball":43,"Snecko Scales":0,"Ornamental Fan":49,"hubris:Stopwatch":34,"Molten Egg 2":40,"jedi:matchstick":55,"Fusion Hammer":17,"ReplayTheSpireMod:TigerMarble":24,"Bag of Marbles":29,"hubris:ToyBattleship":55,"Grinning Jar":50,"hubris:OldNail":9,"Ring of the Snake":0,"hubris:NiceRug":55},{"TwistedFunnel":28,"Golden Egg":31,"Happy Flower":28,"Guide Book":30,"Mango":30,"PreservedInsect":5,"Snake Skull":28,"Replay:Kaleidoscope":9,"Odd Mushroom":7,"Paper Crane":30,"Replay:Baseball":24,"Snecko Scales":0,"Ornamental Fan":28,"hubris:Stopwatch":19,"Molten Egg 2":23,"jedi:matchstick":30,"Fusion Hammer":10,"ReplayTheSpireMod:TigerMarble":15,"Bag of Marbles":17,"hubris:ToyBattleship":30,"Grinning Jar":28,"hubris:OldNail":6,"Ring of the Snake":0,"hubris:NiceRug":30},{"TwistedFunnel":127,"Golden Egg":146,"Happy Flower":127,"Guide Book":142,"Mango":142,"PreservedInsect":19,"Snake Skull":127,"Replay:Kaleidoscope":36,"Odd Mushroom":27,"Paper Crane":142,"Replay:Baseball":113,"Snecko Scales":0,"Ornamental Fan":127,"hubris:Stopwatch":92,"Molten Egg 2":109,"jedi:matchstick":142,"Fusion Hammer":47,"ReplayTheSpireMod:TigerMarble":71,"Bag of Marbles":78,"hubris:ToyBattleship":142,"Grinning Jar":127,"hubris:OldNail":22,"Ring of the Snake":0,"hubris:NiceRug":142}]},"card_choices":[{"not_picked":["Cloak And Dagger","Deflect"],"picked":"Hidden Blade","floor":1},{"not_picked":["Quick Slash","Heel Hook"],"picked":"Blade Dance","floor":3},{"not_picked":["Sneak Up","Noxious Fumes"],"picked":"Underhanded Strike","floor":4},{"not_picked":["Dagger Throw","Acrobatics"],"picked":"Venomology","floor":5},{"not_picked":["jedi:collectorvenom","Toxin Wave","Sneak Up"],"picked":"SKIP","floor":6},{"not_picked":["All Out Attack","Masterful Stab"],"picked":"Flying Knee","floor":7},{"not_picked":["Sucker Punch","Prepared"],"picked":"PiercingWail","floor":11},{"not_picked":["Poisoned Stab","hubris:TrickCloak","Prepared"],"picked":"SKIP","floor":12},{"not_picked":["Hidden Blade","Burst"],"picked":"Wraith Form v2","floor":14},{"not_picked":["jedi:rejectivetoxin","A Thousand Cuts"],"picked":"Grand Finale","floor":16},{"not_picked":["Dagger Spray","jedi:poisonivy"],"picked":"Blade Dance","floor":18},{"not_picked":["Blade Dance","Outmaneuver","Masterful Stab"],"picked":"SKIP","floor":19},{"not_picked":["All Out Attack","Choke","Fluid Movement+1"],"picked":"SKIP","floor":21},{"not_picked":["Prepared","Deadly Poison"],"picked":"Acrobatics","floor":22},{"not_picked":["Poisoned Stab","Sucker Punch"],"picked":"jedi:studyshivs","floor":24},{"not_picked":["Poisoned Stab","Fluid Movement"],"picked":"Noxious Fumes+1","floor":27},{"not_picked":["Flying Knee","Toxin Wave+1","Replay:Bag of Tricks"],"picked":"SKIP","floor":29},{"not_picked":["Infinite Blades","jedi:collectorvenom"],"picked":"Expertise","floor":31},{"not_picked":["Venomology","Atom Bomb"],"picked":"Corpse Explosion","floor":33},{"not_picked":["Dagger Throw","Hidden Blade"],"picked":"Backflip","floor":35},{"not_picked":["Poisoned Stab+1","Outmaneuver+1","After Image"],"picked":"SKIP","floor":38},{"not_picked":["Cloak And Dagger+1","Dagger Spray"],"picked":"Reflex+1","floor":39},{"not_picked":["Noxious Fumes","Infinite Blades","Deadly Poison+1"],"picked":"SKIP","floor":40},{"not_picked":["Quick Slash+1","Dodge and Roll"],"picked":"Cloak And Dagger+1","floor":42},{"not_picked":["jedi:pocketpoison","Quick Slash+1","Masterful Stab+1"],"picked":"SKIP","floor":44},{"not_picked":["Heel Hook+1","All Out Attack+1","Dagger Throw+1"],"picked":"SKIP","floor":47},{"not_picked":["Setup","Sucker Punch+1"],"picked":"jedi:poisonivy","floor":48},{"not_picked":["Replay:Poison Smokescreen","Noxious Fumes","Masterful Stab+1"],"picked":"SKIP","floor":49},{"not_picked":["Unload+1"],"picked":"SKIP","floor":55},{"not_picked":["Die Die Die+1"],"picked":"SKIP","floor":55},{"not_picked":["Acrobatics"],"picked":"SKIP","floor":55},{"not_picked":["Bouncing Flask"],"picked":"SKIP","floor":55},{"not_picked":["Noxious Fumes"],"picked":"SKIP","floor":55},{"not_picked":["ReplayTheSpireMod:Uncanny Aura"],"picked":"SKIP","floor":55},{"not_picked":["Transmutation"],"picked":"SKIP","floor":55},{"not_picked":["Dodge and Roll","Skewer+1","Sucker Punch+1"],"picked":"SKIP","floor":56}],"player_experience":2421195,"relics_obtained":[{"floor":6,"key":"PreservedInsect"},{"floor":9,"key":"hubris:OldNail"},{"floor":11,"key":"Odd Mushroom"},{"floor":14,"key":"Replay:Kaleidoscope"},{"floor":24,"key":"ReplayTheSpireMod:TigerMarble"},{"floor":29,"key":"Bag of Marbles"},{"floor":40,"key":"Molten Egg 2"},{"floor":43,"key":"Replay:Baseball"},{"floor":49,"key":"Ornamental Fan"},{"floor":55,"key":"Paper Crane"},{"floor":55,"key":"jedi:matchstick"},{"floor":55,"key":"Mango"},{"floor":55,"key":"hubris:ToyBattleship"},{"floor":55,"key":"Guide Book"},{"floor":56,"key":"Golden Egg"}],"event_choices":[{"damage_healed":0,"gold_gain":0,"player_choice":"Entered Light","damage_taken":13,"max_hp_gain":0,"max_hp_loss":0,"event_name":"Shining Light","floor":2,"gold_loss":0,"cards_upgraded":["Defend_G","Strike_G"]},{"damage_healed":0,"gold_gain":51,"player_choice":"Gained Gold","damage_taken":0,"max_hp_gain":0,"max_hp_loss":0,"event_name":"Golden Wing","floor":8,"gold_loss":0},{"damage_healed":0,"gold_gain":0,"player_choice":"Fought Mushrooms","damage_taken":0,"max_hp_gain":0,"max_hp_loss":0,"event_name":"Mushrooms","floor":11,"gold_loss":0},{"damage_healed":0,"gold_gain":0,"cards_transformed":["Strike_G"],"player_choice":"Transformed","damage_taken":0,"max_hp_gain":0,"max_hp_loss":0,"event_name":"Transmorgrifier","floor":20,"gold_loss":0,"cards_obtained":["Riddle With Holes"]},{"damage_healed":0,"gold_gain":0,"player_choice":"Became a Ghost","damage_taken":0,"max_hp_gain":0,"max_hp_loss":33,"event_name":"Ghosts","floor":28,"gold_loss":0,"cards_obtained":["Ghostly","Ghostly","Ghostly","Ghostly","Ghostly"]},{"damage_healed":0,"gold_gain":0,"player_choice":"Copied","damage_taken":0,"max_hp_gain":0,"max_hp_loss":0,"event_name":"Duplicator","floor":30,"gold_loss":0,"cards_obtained":["Wraith Form v2"]},{"damage_healed":0,"gold_gain":0,"cards_transformed":["Strike_G"],"player_choice":"Transformed","damage_taken":0,"max_hp_gain":0,"max_hp_loss":0,"event_name":"Transmorgrifier","floor":36,"gold_loss":0,"cards_obtained":["Calculated Gamble"]}],"is_beta":false,"boss_relics":[{"not_picked":["hubris:HollowSoul","hubris:VirtuousBlindfold"],"picked":"Fusion Hammer"},{"not_picked":["Tiny House","Replay:Bronze Core"],"picked":"hubris:Stopwatch"}],"items_purged_floors":[50,55],"is_endless":false,"potions_floor_spawned":[3,4,6,11,12,18,21,22,27,35,38,39,48],"ascension_level":14}}