{"host":"mhmdt6pir7l60j7a","time":1609990476,"event":{"mods":["BaseMod","Bestiary","Better Altar","Better Sensory Stone","Better Third Choice","Displayed Cursed Tome","Dota2Spire","Downfall","Hubris","Infinite Spire","Minty Spire (QoL Compilation)","Replay The Spire","StSLib","The Alterego","The Construct","Uncapped"],"gold_per_floor":[116,116,127,173,137,166,181,207,234,234,234,265,265,283,283,386,386,400,400,67,67,67,98,98,58,58,58,93,105,125,141,141,243,243,262,275,71,71,86,112,125,154,181,196,230,230,230,246,246,246],"floor_reached":51,"playtime":2146,"items_purged":["Looming Evil"],"score":1038,"play_id":"2f2d91e1-3de8-4f96-85a7-2321605cff3a","local_time":"20210106203436","is_ascension_mode":true,"campfire_choices":[{"data":"alterego_mod:AlterEgo","floor":10,"key":"SMITH"},{"floor":13,"key":"REST"},{"data":"alterego_mod:Support","floor":15,"key":"SMITH"},{"floor":24,"key":"REST"},{"floor":27,"key":"REST"},{"data":"alterego_mod:Mirror","floor":32,"key":"SMITH"},{"data":"alterego_mod:Support","floor":46,"key":"SMITH"},{"floor":49,"key":"REST"}],"circlet_count":0,"master_deck":["alterego_mod:Strike+1","alterego_mod:Strike+1","alterego_mod:Strike+1","alterego_mod:Strike+1","alterego_mod:Defend+1","alterego_mod:Defend+1","alterego_mod:Defend+1","alterego_mod:Defend+1","alterego_mod:Impale+1","alterego_mod:BigMeatyClaws+1","alterego_mod:BrynhildrsRune+1","alterego_mod:AlterEgo+1","alterego_mod:Pet+1","alterego_mod:Support+1","alterego_mod:Bounce+1","alterego_mod:Bounce+1","alterego_mod:BusterCard+1","alterego_mod:BiFurious+1","alterego_mod:SakuraFive+1","alterego_mod:Vow+1","expansioncontent:DarkVoid+1","alterego_mod:Mirror+1","alterego_mod:Tantrum+1","alterego_mod:SakuraLabyrinth+1","alterego_mod:MagicResistance+1","alterego_mod:Support+1","alterego_mod:Bounce+1","Whirlwind+1"],"relics":["alterego_mod:MasochisticConstitution","hubris:SlimyHat","Ancient Tea Set","hubris:ToyBattleship","hubris:DisguiseKit","Singing Bowl","Dota2Spire:RefresherOrb","alterego_mod:FleetingLove","Dota2Spire:MonkeyKingBar","MutagenicStrength","Mercury Hourglass","infinitespire:EmpoweringShard","ReplayFunnel","Replay:Grab Bag","ReplayTheSpireMod:Onyx Gauntlets","ChewingGum","SlaversCollar","Replay:Towering Pillar of Hats","infinitespire:BottledMercury","Pen Nib","hubris:TenFootPole","Mark of the Bloom"],"acts_visited":["Exordium","TheCity","TheBeyond"],"potions_floor_usage":[6,8,8,8,16,31,33,33,33,40,41,50],"damage_taken":[{"damage":0,"enemies":"Small Slimes","floor":1,"turns":5},{"damage":2,"enemies":"Jaw Worm","floor":3,"turns":6},{"damage":12,"enemies":"3 Sentries","floor":6,"turns":10},{"damage":4,"enemies":"2 Louse","floor":7,"turns":3},{"damage":13,"enemies":"Gremlin Nob","floor":8,"turns":3},{"damage":32,"enemies":"3 Sentries","floor":12,"turns":10},{"damage":2,"enemies":"Looter","floor":14,"turns":4},{"damage":0,"enemies":"The Guardian","floor":16,"turns":9},{"damage":28,"enemies":"Chosen","floor":18,"turns":7},{"damage":51,"enemies":"Replay:Snechameleon","floor":23,"turns":10},{"damage":0,"enemies":"Gremlin Leader","floor":28,"turns":1},{"damage":5,"enemies":"Spheric Guardian","floor":29,"turns":3},{"damage":3,"enemies":"Cultist and Chosen","floor":30,"turns":4},{"damage":2,"enemies":"Shelled Parasite and Fungi","floor":31,"turns":2},{"damage":28,"enemies":"hubris:MusketHawk","floor":33,"turns":7},{"damage":0,"enemies":"3 Shapes","floor":35,"turns":4},{"damage":3,"enemies":"Orb Walker","floor":36,"turns":3},{"damage":6,"enemies":"Spire Growth","floor":39,"turns":3},{"damage":5,"enemies":"Giant Head","floor":40,"turns":7},{"damage":1,"enemies":"Sphere and 2 Shapes","floor":41,"turns":4},{"damage":7,"enemies":"Nemesis","floor":42,"turns":5},{"damage":0,"enemies":"4 Shapes","floor":44,"turns":2},{"damage":0,"enemies":"R_Hoarder","floor":45,"turns":6},{"damage":0,"enemies":"3 Darklings","floor":48,"turns":2},{"damage":2,"enemies":"Time Eater","floor":50,"turns":6}],"seed_played":"586014019129176517","potions_obtained":[{"floor":3,"key":"SteroidPotion"},{"floor":4,"key":"BlessingOfTheForge"},{"floor":4,"key":"ColorlessPotion"},{"floor":6,"key":"Slimebound:ThreeZeroPotion"},{"floor":14,"key":"Swift Potion"},{"floor":16,"key":"champ:CounterPotion"},{"floor":23,"key":"BlessingOfTheForge"},{"floor":31,"key":"EntropicBrew"},{"floor":33,"key":"Dexterity Potion"},{"floor":38,"key":"Slimebound:ThreeZeroPotion"},{"floor":38,"key":"hexamod:EctoCoolerPotion"},{"floor":42,"key":"Elixir"},{"floor":45,"key":"SteroidPotion"}],"is_trial":false,"path_per_floor":["M","?","M","?","$","E","M","E","T","R","?","E","R","M","R","B",null,"M","?","$","?","?","E","R","?","T","R","E","M","M","M","R","B",null,"M","M","$","?","M","E","M","E","T","M","E","R","?","M","R","B",null],"character_chosen":"The_Alterego","items_purchased":["alterego_mod:Bounce","Dota2Spire:MonkeyKingBar","expansioncontent:DarkVoid","alterego_mod:SakuraLabyrinth","alterego_mod:MagicResistance"],"campfire_rested":4,"item_purchase_floors":[5,20,20,37,37],"current_hp_per_floor":[70,70,71,43,43,32,43,31,31,31,31,16,39,38,38,38,78,53,53,53,53,53,12,37,37,37,62,64,62,60,61,61,34,94,96,99,99,99,96,92,96,97,97,97,99,99,99,99,99,97],"gold":246,"neow_bonus":"ONE_RANDOM_RARE_CARD","is_daily":false,"chose_seed":false,"campfire_upgraded":4,"win_rate":0.0,"timestamp":1609990476,"path_taken":["M","?","M","?","$","E","M","E","T","R","?","E","R","M","R","BOSS","M","?","$","?","?","E","R","?","T","R","E","M","M","?","R","BOSS","M","M","$","?","M","E","M","E","T","?","E","R","?","M","R","BOSS"],"items_purchased_type":["Card","Relic","Card","Card","Card"],"build_version":"2020-12-22","purchased_purges":1,"victory":true,"max_hp_per_floor":[70,70,71,71,71,72,73,74,74,74,74,77,77,78,78,78,78,81,81,81,81,81,84,84,84,84,84,86,89,90,93,93,94,94,96,99,99,99,102,103,106,107,107,107,109,109,109,111,111,112],"card_choices":[{"not_picked":["alterego_mod:PurpleHair","alterego_mod:Table"],"picked":"alterego_mod:Pet","floor":1},{"not_picked":["alterego_mod:GachaTicket","alterego_mod:MagicResistance","alterego_mod:Pet"],"picked":"SKIP","floor":3},{"not_picked":["alterego_mod:BiFurious","alterego_mod:DustData"],"picked":"alterego_mod:Support","floor":4},{"not_picked":["alterego_mod:Valentines","alterego_mod:Cooking","alterego_mod:1TonWallop"],"picked":"SKIP","floor":6},{"not_picked":["alterego_mod:Complex","alterego_mod:Table"],"picked":"alterego_mod:BusterCard","floor":7},{"not_picked":["alterego_mod:Weigh","alterego_mod:TrashNCrash"],"picked":"alterego_mod:BiFurious","floor":8},{"not_picked":["alterego_mod:Clap","alterego_mod:DestructionOfProperty","alterego_mod:BustOut","ReplayTheSpireMod:Corrosion Curse"],"picked":"Singing Bowl","floor":12},{"not_picked":["alterego_mod:Undulate","alterego_mod:GoddessCore","Thunderclap"],"picked":"alterego_mod:SakuraFive","floor":14},{"not_picked":["alterego_mod:Weigh","alterego_mod:VirginLaserPalladion","Immolate"],"picked":"alterego_mod:Vow","floor":16},{"not_picked":["alterego_mod:SakuraPetals+1","alterego_mod:Collar+1","alterego_mod:Cushion+1","Metallicize"],"picked":"Singing Bowl","floor":18},{"not_picked":["alterego_mod:BoobPocket+1","alterego_mod:Support","alterego_mod:DeftHands","Life Link"],"picked":"Singing Bowl","floor":23},{"not_picked":["alterego_mod:Bloomers","alterego_mod:Pet","alterego_mod:TrashNCrash","Power Through"],"picked":"Singing Bowl","floor":28},{"not_picked":["alterego_mod:DiscoLights","alterego_mod:1TonWallop+1","alterego_mod:BoobPocket","Shrug It Off"],"picked":"Singing Bowl","floor":29},{"not_picked":["alterego_mod:1TonWallop+1","alterego_mod:Complex","Clothesline"],"picked":"alterego_mod:Mirror","floor":30},{"not_picked":["alterego_mod:DustData","alterego_mod:Belle+1","alterego_mod:TrashNCrash","Whirlwind"],"picked":"Singing Bowl","floor":31},{"not_picked":["alterego_mod:STier","alterego_mod:SideboobHour","Barricade"],"picked":"alterego_mod:Tantrum","floor":33},{"not_picked":["alterego_mod:Pet","alterego_mod:Table+1","alterego_mod:SuperDuperMasochism","Wild Strike"],"picked":"Singing Bowl","floor":35},{"not_picked":["alterego_mod:Jiggle","alterego_mod:Undulate","alterego_mod:BoobPocket","Dropkick"],"picked":"Singing Bowl","floor":36},{"not_picked":["alterego_mod:1TonWallop+1","alterego_mod:Maid+1","alterego_mod:Cooking","Burning Pact"],"picked":"Singing Bowl","floor":39},{"not_picked":["alterego_mod:ChallengeComplete+1","alterego_mod:BusterCard","hubris:SharpeningStone"],"picked":"alterego_mod:Support","floor":40},{"not_picked":["alterego_mod:Support","alterego_mod:RingBreak","alterego_mod:Birthday","Headbutt"],"picked":"Singing Bowl","floor":41},{"not_picked":["alterego_mod:Jiggle","alterego_mod:Punishment","Brutality"],"picked":"alterego_mod:Bounce+1","floor":42},{"not_picked":["alterego_mod:Swimsuit+1","alterego_mod:DeftHands","alterego_mod:Belts"],"picked":"Whirlwind","floor":44},{"not_picked":["alterego_mod:Mirror","alterego_mod:BustOut","alterego_mod:Pet+1","Power Through"],"picked":"Singing Bowl","floor":45},{"not_picked":["alterego_mod:Cushion","alterego_mod:Maid+1","alterego_mod:DeftHands+1","Rampage"],"picked":"Singing Bowl","floor":48}],"player_experience":18009,"relics_obtained":[{"floor":6,"key":"hubris:SlimyHat"},{"floor":8,"key":"Ancient Tea Set"},{"floor":9,"key":"hubris:ToyBattleship"},{"floor":12,"key":"Singing Bowl"},{"floor":23,"key":"Mercury Hourglass"},{"floor":26,"key":"infinitespire:EmpoweringShard"},{"floor":28,"key":"ReplayFunnel"},{"floor":40,"key":"Replay:Towering Pillar of Hats"},{"floor":42,"key":"infinitespire:BottledMercury"},{"floor":43,"key":"Pen Nib"},{"floor":45,"key":"hubris:TenFootPole"}],"event_choices":[{"damage_healed":0,"gold_gain":0,"player_choice":"Choice 1","damage_taken":0,"relics_obtained":["alterego_mod:FleetingLove"],"max_hp_gain":0,"max_hp_loss":0,"event_name":"Secret Garden","floor":19,"gold_loss":0},{"damage_healed":0,"gold_gain":0,"player_choice":"Ignored","damage_taken":0,"max_hp_gain":0,"max_hp_loss":0,"event_name":"Ghosts","floor":21,"gold_loss":0},{"damage_healed":0,"gold_gain":0,"player_choice":"Inject Mutagens","damage_taken":0,"relics_obtained":["MutagenicStrength"],"max_hp_gain":0,"max_hp_loss":0,"event_name":"Drug Dealer","floor":22,"gold_loss":0},{"damage_healed":0,"gold_gain":0,"player_choice":"Upgrade","damage_taken":0,"max_hp_gain":0,"max_hp_loss":0,"event_name":"Designer","floor":25,"gold_loss":40,"cards_upgraded":["alterego_mod:Vow"]},{"damage_healed":0,"gold_gain":0,"player_choice":"Got Potions","damage_taken":0,"max_hp_gain":0,"max_hp_loss":0,"event_name":"Lab","floor":38,"gold_loss":0},{"damage_healed":0,"gold_gain":0,"player_choice":"Upgrade","damage_taken":0,"relics_obtained":["Mark of the Bloom"],"max_hp_gain":0,"max_hp_loss":0,"event_name":"MindBloom","floor":47,"gold_loss":0,"cards_upgraded":["alterego_mod:Strike","alterego_mod:Strike","alterego_mod:Strike","alterego_mod:Strike","alterego_mod:Defend","alterego_mod:Defend","alterego_mod:Defend","alterego_mod:Defend","alterego_mod:Impale","alterego_mod:BigMeatyClaws","alterego_mod:BrynhildrsRune","alterego_mod:Bounce","alterego_mod:Bounce","alterego_mod:BusterCard","alterego_mod:BiFurious","alterego_mod:SakuraFive","expansioncontent:DarkVoid","alterego_mod:Tantrum","alterego_mod:SakuraLabyrinth","alterego_mod:MagicResistance","Whirlwind"]}],"is_beta":false,"boss_relics":[{"not_picked":["Replay:Drink Me","Kintsugi"],"picked":"Dota2Spire:RefresherOrb"},{"not_picked":["infinitespire:Cupcake","hubris:RunicObelisk"],"picked":"Replay:Grab Bag"},{"not_picked":["Busted Crown","Replay:Wanted Poster"],"picked":"ReplayTheSpireMod:Onyx Gauntlets"},{"not_picked":["Runic Dome","Fusion Hammer"],"picked":"ChewingGum"},{"not_picked":["Pandora\u0027s Box","Empty Cage"],"picked":"SlaversCollar"}],"items_purged_floors":[37],"is_endless":false,"potions_floor_spawned":[3,6,14,16,23,31,33,42,45,48],"ascension_level":1}}