{"host":"uoq8e77duj6rs50g","time":1609984669,"event":{"mods":["BaseMod","Better Altar","Better Match","Better Note","Better Sensory Stone","Better Skull","Better Third Choice","BetterRewards","Block Reminder","ChefMod","Curses Come First","Downfall","Hermit","Hubris","Ironclad Rager","Minty Spire (QoL Compilation)","Relic Stats","Replay The Spire","Shade Mod","StSLib","The Blue Laboratory","The Cursed","The Dragon Tamer","The Exalted","The Judge","The Marked","The Runesmith","The Servant 0.9.4","TheSwordswoman","Uncapped","WarShipGirlsR/????R mod"],"gold_per_floor":[112,62,72,90,110,139,139,166,166,17,51,51,51,69,69,171,271,289,289,308,322,334,367,393,410,410,429,429,446,477,503,503,609,609,636,685,714,559,589,640,640,667,667,712,712,712,738,752,752,774],"floor_reached":51,"playtime":3767,"items_purged":[],"score":873,"play_id":"7da9d1b0-bdb5-4d63-b170-ca5432a9ed72","local_time":"20210106205749","is_ascension_mode":false,"campfire_choices":[{"floor":7,"key":"REST"},{"floor":12,"key":"REST"},{"data":"Shade:AnimateDead","floor":15,"key":"SMITH"},{"data":"Shade:Brains","floor":28,"key":"SMITH"},{"floor":32,"key":"REST"},{"floor":41,"key":"REST"},{"floor":46,"key":"REST"},{"data":"Life Link","floor":49,"key":"SMITH"}],"circlet_count":0,"master_deck":["Shade:Strike_Shade","Shade:Strike_Shade","Shade:Strike_Shade","Shade:Defend_Shade","Shade:Defend_Shade+1","Shade:Defend_Shade","Shade:Defend_Shade","Shade:AnimateDead+1","Shade:CarefulCut","Shade:FreshBones+1","Shade:Doomsay+1","Shade:FeralStrike","Shade:Excise+1","Shade:CallOfTheGrave","Shade:Doomsay","Shade:GraveStillness","Shade:OfferingToTheBeyond","Shade:Premonition","Shade:Brains+1","Shade:Trample+1","Shade:FuneraryArmor","Shade:SkeletonHug+1","Shade:GraveStillness","Shade:FuneraryJewels","Shade:FleshOffering","Shade:FingerOfDeath+1","Shade:Awaken+1","Dark Embrace","Bloodletting","Metallicize","Shade:Frenzy","Shade:FleshToFlesh","Shade:FleshLikeOak","Life Link+1","ReplayReversal","Shade:PoundOfFlesh+1","Shade:Frenzy"],"relics":["Busted Crown","Sundial","InkBottle","hubris:Zylophone","Guide Book","Bromod:ArcaneMomentum","Replay:Wanted Poster","War Paint","Strawberry","hubris:DisguiseKit","Replay:Bandana","hubris:RunicObelisk","hubris:Metronome","Bronze Scales","Prayer Wheel","Pen Nib","Mirror"],"acts_visited":["Exordium","TheCity","TheBeyond"],"potions_floor_usage":[6,40,50,50,50,50,50,50],"damage_taken":[{"damage":0,"enemies":"Small Slimes","floor":1,"turns":2},{"damage":2,"enemies":"Jaw Worm","floor":3,"turns":2},{"damage":1,"enemies":"Cultist","floor":4,"turns":3},{"damage":11,"enemies":"Large Slime","floor":5,"turns":4},{"damage":6,"enemies":"Gremlin Nob","floor":6,"turns":3},{"damage":30,"enemies":"Lagavulin","floor":8,"turns":7},{"damage":6,"enemies":"Gremlin Nob","floor":11,"turns":3},{"damage":0,"enemies":"Exordium Thugs","floor":14,"turns":3},{"damage":0,"enemies":"The Guardian","floor":16,"turns":8},{"damage":0,"enemies":"Spheric Guardian","floor":18,"turns":3},{"damage":0,"enemies":"Shell Parasite","floor":20,"turns":3},{"damage":0,"enemies":"Snecko","floor":21,"turns":4},{"damage":0,"enemies":"Chosen and Byrds","floor":22,"turns":4},{"damage":2,"enemies":"Gremlin Leader","floor":23,"turns":5},{"damage":0,"enemies":"Snake Plant","floor":25,"turns":2},{"damage":9,"enemies":"3 Cultists","floor":27,"turns":5},{"damage":6,"enemies":"Sentry and Sphere","floor":29,"turns":4},{"damage":0,"enemies":"Book of Stabbing","floor":30,"turns":4},{"damage":1,"enemies":"Chosen and Byrds","floor":31,"turns":6},{"damage":9,"enemies":"Pondfish","floor":33,"turns":9},{"damage":0,"enemies":"Orb Walker","floor":35,"turns":3},{"damage":31,"enemies":"3 Darklings","floor":37,"turns":5},{"damage":7,"enemies":"Transient","floor":39,"turns":5},{"damage":10,"enemies":"Reptomancer","floor":40,"turns":7},{"damage":0,"enemies":"Spire Growth","floor":42,"turns":3},{"damage":0,"enemies":"Nemesis","floor":44,"turns":6},{"damage":0,"enemies":"Maw","floor":47,"turns":6},{"damage":7,"enemies":"Jaw Worm Horde","floor":48,"turns":5},{"damage":20,"enemies":"Donu and Deca","floor":50,"turns":7}],"seed_played":"-8072108812172789988","potions_obtained":[{"floor":4,"key":"BlessingOfTheForge"},{"floor":5,"key":"blueLaboratory:EmptyBottle"},{"floor":6,"key":"GamblersBrew"},{"floor":8,"key":"SkillPotion"},{"floor":11,"key":"EntropicBrew"},{"floor":18,"key":"blueLaboratory:BottledHope"},{"floor":21,"key":"blueLaboratory:Moonshine"},{"floor":30,"key":"Energy Potion"},{"floor":40,"key":"Swift Potion"}],"is_trial":false,"path_per_floor":["M","?","M","M","M","E","R","E","T","$","E","R","?","M","R","B",null,"M","?","M","M","M","E","T","M","T","M","R","M","E","M","R","B",null,"M","?","M","$","M","E","R","M","T","E","?","R","M","M","R","B",null],"character_chosen":"SHADE","items_purchased":["Guide Book","Bronze Scales"],"campfire_rested":5,"item_purchase_floors":[10,38],"current_hp_per_floor":[65,65,63,62,51,45,64,34,34,34,28,47,47,47,47,47,65,65,65,65,65,65,63,70,70,70,61,61,55,55,54,72,63,72,72,72,41,41,34,24,45,45,45,45,45,66,66,59,59,39],"gold":774,"neow_bonus":"BOSS_RELIC","is_daily":false,"chose_seed":false,"campfire_upgraded":3,"win_rate":0.0,"timestamp":1609984669,"path_taken":["M","?","M","M","M","E","R","E","T","$","E","R","?","M","R","BOSS","M","?","M","M","M","E","?","?","T","M","R","M","E","M","R","BOSS","M","?","M","?","M","E","R","M","T","E","?","R","M","M","R","BOSS"],"items_purchased_type":["Relic","Relic"],"build_version":"2020-12-22","purchased_purges":0,"victory":true,"max_hp_per_floor":[65,65,65,65,65,65,65,65,65,65,65,65,65,65,65,65,65,65,65,65,65,65,65,72,72,72,72,72,72,72,72,72,72,72,72,72,72,72,72,72,72,72,72,72,72,72,72,72,72,72],"relic_stats":{"Busted Crown":66,"counters":[29,131],"Sundial":[20],"Bronze Scales":[120],"Prayer Wheel":3,"Pen Nib":[3],"War Paint":["Shade:Defend_Shade","Shade:FreshBones"],"obtain_stats":[{"hubris:DisguiseKit":26,"hubris:Metronome":36,"Shade:YorickSkull":0,"Guide Book":10,"Pen Nib":43,"War Paint":23,"hubris:RunicObelisk":34,"Bromod:ArcaneMomentum":11,"hubris:Zylophone":9,"Replay:Wanted Poster":17,"Replay:Bandana":30,"Busted Crown":0,"Sundial":6,"Strawberry":24,"Bronze Scales":38,"Prayer Wheel":40,"Mirror":44,"InkBottle":8},{"hubris:DisguiseKit":15,"hubris:Metronome":21,"Shade:YorickSkull":0,"Guide Book":6,"Pen Nib":25,"War Paint":14,"hubris:RunicObelisk":20,"Bromod:ArcaneMomentum":7,"hubris:Zylophone":6,"Replay:Wanted Poster":9,"Replay:Bandana":18,"Busted Crown":0,"Sundial":5,"Strawberry":14,"Bronze Scales":22,"Prayer Wheel":24,"Mirror":26,"InkBottle":6},{"hubris:DisguiseKit":56,"hubris:Metronome":87,"Shade:YorickSkull":0,"Guide Book":21,"Pen Nib":107,"War Paint":54,"hubris:RunicObelisk":84,"Bromod:ArcaneMomentum":24,"hubris:Zylophone":21,"Replay:Wanted Poster":35,"Replay:Bandana":69,"Busted Crown":0,"Sundial":14,"Strawberry":54,"Bronze Scales":92,"Prayer Wheel":104,"Mirror":113,"InkBottle":21}],"InkBottle":[47]},"card_choices":[{"not_picked":[],"picked":"Shade:FreshBones","floor":1},{"not_picked":[],"picked":"Shade:Doomsay","floor":3},{"not_picked":[],"picked":"Shade:FeralStrike","floor":4},{"not_picked":[],"picked":"Shade:Excise","floor":5},{"not_picked":["Shade:Excise"],"picked":"SKIP","floor":6},{"not_picked":[],"picked":"Shade:CallOfTheGrave","floor":8},{"not_picked":[],"picked":"Shade:Doomsay","floor":11},{"not_picked":[],"picked":"Shade:GraveStillness","floor":14},{"not_picked":[],"picked":"Shade:OfferingToTheBeyond","floor":16},{"not_picked":[],"picked":"Shade:Premonition","floor":18},{"not_picked":[],"picked":"Shade:Brains","floor":20},{"not_picked":[],"picked":"Shade:Trample+1","floor":21},{"not_picked":[],"picked":"Shade:FuneraryArmor","floor":22},{"not_picked":[],"picked":"Shade:SkeletonHug+1","floor":23},{"not_picked":[],"picked":"Shade:GraveStillness","floor":25},{"not_picked":["Shade:SelfBurial","ReplayTheSpireMod:Corrosion Curse"],"picked":"SKIP","floor":27},{"not_picked":["Shrug It Off"],"picked":"Shade:FuneraryJewels","floor":29},{"not_picked":["Shade:Doomsay+1","Clothesline"],"picked":"SKIP","floor":30},{"not_picked":["hubris:ReadiedAction"],"picked":"Shade:FleshOffering","floor":31},{"not_picked":["Wild Strike"],"picked":"Shade:FingerOfDeath+1","floor":35},{"not_picked":["Warcry"],"picked":"Shade:Awaken+1","floor":36},{"not_picked":["Shade:Trample+1"],"picked":"Dark Embrace","floor":36},{"not_picked":["Shade:Premonition"],"picked":"Bloodletting","floor":37},{"not_picked":["Shade:FeralStrike+1"],"picked":"Metallicize","floor":39},{"not_picked":["Iron Wave"],"picked":"Shade:Frenzy","floor":40},{"not_picked":["Cleave"],"picked":"Shade:FleshToFlesh","floor":42},{"not_picked":["Shade:ClawBack+1","ReplayTheSpireMod:Stacked"],"picked":"SKIP","floor":42},{"not_picked":["Flame Barrier"],"picked":"Shade:FleshLikeOak","floor":44},{"not_picked":["Shade:Asphyxiate"],"picked":"Life Link","floor":47},{"not_picked":["Shade:Trample+1"],"picked":"ReplayReversal","floor":47},{"not_picked":["Sword Boomerang"],"picked":"Shade:PoundOfFlesh+1","floor":48},{"not_picked":["Clothesline"],"picked":"Shade:Frenzy","floor":48}],"player_experience":462012,"relics_obtained":[{"floor":6,"key":"Sundial"},{"floor":8,"key":"InkBottle"},{"floor":9,"key":"hubris:Zylophone"},{"floor":11,"key":"Bromod:ArcaneMomentum"},{"floor":23,"key":"War Paint"},{"floor":24,"key":"Strawberry"},{"floor":26,"key":"hubris:DisguiseKit"},{"floor":30,"key":"Replay:Bandana"},{"floor":36,"key":"hubris:Metronome"},{"floor":40,"key":"Prayer Wheel"},{"floor":43,"key":"Pen Nib"},{"floor":44,"key":"Mirror"}],"event_choices":[{"cards_removed":["Shade:Strike_Shade"],"damage_healed":0,"gold_gain":0,"player_choice":"Card Removal","damage_taken":0,"max_hp_gain":0,"max_hp_loss":0,"event_name":"The Cleric","floor":2,"gold_loss":50},{"damage_healed":0,"gold_gain":0,"player_choice":"Ignored","damage_taken":0,"max_hp_gain":0,"max_hp_loss":0,"event_name":"Golden Idol","floor":13,"gold_loss":0},{"damage_healed":0,"gold_gain":0,"player_choice":"Ignored","damage_taken":0,"max_hp_gain":0,"max_hp_loss":0,"event_name":"betterNote:BetterNote","floor":19,"gold_loss":0,"cards_obtained":["TheCursedMod:Strike_TheCursed"]}],"is_beta":false,"boss_relics":[{"not_picked":["Painkiller Herb","Ectoplasm"],"picked":"Replay:Wanted Poster"},{"not_picked":["Sozu","Runesmith:UraniumAnvil"],"picked":"hubris:RunicObelisk"}],"items_purged_floors":[],"is_endless":false,"potions_floor_spawned":[4,5,6,8,11,18,21,22,30,37,39,40,47,48],"ascension_level":0}}