{"host":"q1tlngmkbyqa4avn","time":1609992718,"event":{"mods":["BaseMod","Curses Come First","Hermit","Minty Spire (QoL Compilation)","Rare Cards Sparkle","StSLib"],"gold_per_floor":[112,131,143,143,166,209,174,174,199,199,212,250,19,54,54,180,180,196,121,220,220,220,254,109,109,136,58,77,3,29,41,41,145,145,165,165,165,9,28,53,68,78,78,78,78,78,109,122,122,122],"floor_reached":51,"playtime":2546,"items_purged":["Strike_G"],"score":1153,"play_id":"0d29ecb8-86cd-40b9-89c8-9dcf804c0bac","local_time":"20210106231158","is_ascension_mode":true,"campfire_choices":[{"data":"Cloak And Dagger","floor":10.0,"key":"SMITH"},{"data":"Noxious Fumes","floor":15.0,"key":"SMITH"},{"data":"Well Laid Plans","floor":25.0,"key":"SMITH"},{"floor":32.0,"key":"REST"},{"floor":45,"key":"REST"},{"floor":49,"key":"REST"}],"circlet_count":0,"master_deck":["Strike_G","Defend_G","Defend_G","Defend_G","Defend_G","Survivor","Neutralize","Dramatic Entrance","Backflip","Noxious Fumes+1","Cloak And Dagger+1","Corpse Explosion","Cloak And Dagger","PiercingWail","Phantasmal Killer","A Thousand Cuts+1","A Thousand Cuts+1","Deflect+1","Flying Knee","Crippling Poison","Well Laid Plans+1","Die Die Die","Bane","Poisoned Stab","Bouncing Flask","Venomology","Adrenaline","Good Instincts","Outmaneuver"],"relics":["Ring of the Snake","Bloody Idol","Toy Ornithopter","Juzu Bracelet","Strawberry","Sling","Dream Catcher","Astrolabe","Matryoshka","Snake Skull","Pen Nib","Omamori","Busted Crown","TwistedFunnel","Paper Crane","Shuriken","CeramicFish","Bronze Scales"],"acts_visited":["Exordium","TheCity","TheBeyond"],"potions_floor_usage":[42,42,42,42,42,42,48,50,50,50,50,50,50,50],"damage_taken":[{"damage":1.0,"enemies":"2 Louse","floor":1.0,"turns":2.0},{"damage":1.0,"enemies":"Cultist","floor":2.0,"turns":4.0},{"damage":2.0,"enemies":"Small Slimes","floor":3.0,"turns":4.0},{"damage":1.0,"enemies":"2 Fungi Beasts","floor":5.0,"turns":3.0},{"damage":8.0,"enemies":"3 Sentries","floor":6.0,"turns":8.0},{"damage":3.0,"enemies":"Looter","floor":11.0,"turns":3.0},{"damage":11.0,"enemies":"Lagavulin","floor":12.0,"turns":5.0},{"damage":30.0,"enemies":"Gremlin Nob","floor":14.0,"turns":4.0},{"damage":10.0,"enemies":"Hexaghost","floor":16.0,"turns":9.0},{"damage":19.0,"enemies":"Spheric Guardian","floor":18.0,"turns":5.0},{"damage":0.0,"enemies":"Gremlin Leader","floor":23.0,"turns":5.0},{"damage":10.0,"enemies":"Shell Parasite","floor":28.0,"turns":3.0},{"damage":25.0,"enemies":"Book of Stabbing","floor":30.0,"turns":4.0},{"damage":31.0,"enemies":"Shelled Parasite and Fungi","floor":31.0,"turns":7.0},{"damage":64.0,"enemies":"Champ","floor":33.0,"turns":11.0},{"damage":12.0,"enemies":"3 Shapes","floor":35.0,"turns":4.0},{"damage":3.0,"enemies":"Orb Walker","floor":39.0,"turns":3.0},{"damage":43.0,"enemies":"Nemesis","floor":40.0,"turns":7.0},{"damage":16.0,"enemies":"Maw","floor":41.0,"turns":7.0},{"damage":19,"enemies":"Spire Growth","floor":42,"turns":4},{"damage":73,"enemies":"Giant Head","floor":47,"turns":8},{"damage":7,"enemies":"Transient","floor":48,"turns":5},{"damage":78,"enemies":"Donu and Deca","floor":50,"turns":7}],"seed_played":"-4336241575998473855","potions_obtained":[{"floor":3.0,"key":"Swift Potion"},{"floor":5.0,"key":"FearPotion"},{"floor":6.0,"key":"Block Potion"},{"floor":14.0,"key":"Poison Potion"},{"floor":16.0,"key":"DistilledChaos"},{"floor":18.0,"key":"FearPotion"},{"floor":23.0,"key":"SteroidPotion"},{"floor":28.0,"key":"FearPotion"},{"floor":31.0,"key":"LiquidMemories"},{"floor":40.0,"key":"LiquidBronze"},{"floor":47,"key":"Block Potion"}],"is_trial":false,"path_per_floor":["M","M","M","?","M","E","?","?","T","R","M","E","$","E","R","B",null,"M","?","?","?","?","E","$","R","T","$","M","$","E","M","R","B",null,"M","?","?","$","M","E","M","M","T","?","R","?","E","M","R","B",null],"character_chosen":"THE_SILENT","items_purchased":["Sling","Well Laid Plans","Die Die Die","Bane","Poisoned Stab","Bouncing Flask","TwistedFunnel"],"campfire_rested":3,"item_purchase_floors":[13,24,24,27,27,29,38],"current_hp_per_floor":[62,61,59,42,41,33,50,50,50,50,47,53,53,28,28,23,64,45,45,45,45,45,55,55,55,60,60,65,65,50,24,47,18,62,55,55,55,55,57,24,18,34,34,34,57,76,8,11,34,6],"gold":122,"neow_bonus":"RANDOM_COLORLESS","is_daily":false,"chose_seed":false,"campfire_upgraded":3,"win_rate":0.0,"timestamp":1609992718,"path_taken":["M","M","M","?","M","E","?","?","T","R","M","E","$","E","R","BOSS","M","?","?","?","?","E","$","R","T","$","M","?","E","M","R","BOSS","M","?","?","$","M","E","M","M","T","?","R","?","E","M","R","BOSS"],"items_purchased_type":["Relic","Card","Card","Card","Card","Card","Relic"],"build_version":"2020-12-22","purchased_purges":1,"victory":true,"max_hp_per_floor":[70,70,70,70,70,70,70,70,70,70,70,77,77,77,77,77,77,77,77,77,77,77,77,77,77,77,77,77,77,77,77,77,77,77,77,77,77,77,77,77,77,77,77,77,77,77,77,77,77,77],"card_choices":[{"not_picked":["Swift Strike","PanicButton"],"picked":"Dramatic Entrance","floor":0.0},{"not_picked":["Backstab","Accuracy"],"picked":"Backflip","floor":1.0},{"not_picked":["Sucker Punch","Choke"],"picked":"Dagger Throw","floor":2.0},{"not_picked":["Flying Knee","Dodge and Roll"],"picked":"Noxious Fumes","floor":3.0},{"not_picked":["Flying Knee","Caltrops"],"picked":"Cloak And Dagger","floor":5.0},{"not_picked":["Endless Agony","Flying Knee"],"picked":"Corpse Explosion","floor":6.0},{"not_picked":["Acrobatics","Footwork"],"picked":"Cloak And Dagger","floor":11.0},{"not_picked":["Bullet Time","Slice"],"picked":"PiercingWail","floor":12.0},{"not_picked":["Catalyst","Dagger Spray","Underhanded Strike"],"picked":"SKIP","floor":14.0},{"not_picked":["Doppelganger","Burst"],"picked":"Phantasmal Killer","floor":16.0},{"not_picked":["Slice","Calculated Gamble"],"picked":"Flying Knee","floor":18.0},{"not_picked":["Dagger Spray","Calculated Gamble+1"],"picked":"Crippling Poison","floor":23.0},{"not_picked":["Distraction","Tactician","Setup"],"picked":"SKIP","floor":28.0},{"not_picked":["Doppelganger","Acrobatics+1"],"picked":"Venomology","floor":30.0},{"not_picked":["Expertise","Well Laid Plans","Endless Agony"],"picked":"SKIP","floor":31.0},{"not_picked":["Wraith Form v2","Phantasmal Killer"],"picked":"Adrenaline","floor":33.0},{"not_picked":["Quick Slash+1"],"picked":"SKIP","floor":35.0},{"not_picked":[],"picked":"Good Instincts","floor":37.0},{"not_picked":[],"picked":"Outmaneuver","floor":39.0},{"not_picked":["Dagger Throw+1"],"picked":"SKIP","floor":40.0},{"not_picked":["Dagger Spray"],"picked":"SKIP","floor":41.0},{"not_picked":["Deflect"],"picked":"SKIP","floor":42},{"not_picked":["Finisher"],"picked":"SKIP","floor":47},{"not_picked":["Deadly Poison+1"],"picked":"SKIP","floor":48}],"player_experience":984995,"relics_obtained":[{"floor":6.0,"key":"Toy Ornithopter"},{"floor":9.0,"key":"Juzu Bracelet"},{"floor":12.0,"key":"Strawberry"},{"floor":14.0,"key":"Dream Catcher"},{"floor":23.0,"key":"Matryoshka"},{"floor":26.0,"key":"Snake Skull"},{"floor":26.0,"key":"Pen Nib"},{"floor":30.0,"key":"Omamori"},{"floor":40.0,"key":"Paper Crane"},{"floor":43,"key":"Shuriken"},{"floor":43,"key":"CeramicFish"},{"floor":47,"key":"Bronze Scales"}],"event_choices":[{"damage_healed":0.0,"max_hp_gain":0.0,"max_hp_loss":0.0,"gold_gain":0.0,"event_name":"Golden Idol","player_choice":"Take Damage","floor":4.0,"gold_loss":0.0,"damage_taken":17.0,"relics_obtained":["Golden Idol"]},{"damage_healed":17.0,"max_hp_gain":0.0,"max_hp_loss":0.0,"gold_gain":0.0,"event_name":"The Cleric","player_choice":"Healed","floor":7.0,"gold_loss":35.0,"damage_taken":0.0},{"damage_healed":0.0,"max_hp_gain":0.0,"max_hp_loss":0.0,"gold_gain":0.0,"event_name":"The Woman in Blue","player_choice":"Bought 0 Potions","floor":8.0,"gold_loss":0.0,"damage_taken":0.0},{"cards_removed":["Strike_G"],"damage_healed":0.0,"max_hp_gain":0.0,"max_hp_loss":0.0,"gold_gain":0.0,"event_name":"Beggar","player_choice":"Gave Gold","floor":19.0,"gold_loss":75.0,"damage_taken":0.0},{"damage_healed":0.0,"max_hp_gain":0.0,"max_hp_loss":0.0,"gold_gain":99.0,"event_name":"Nest","player_choice":"Stole From Cult","floor":20.0,"gold_loss":0.0,"damage_taken":0.0},{"damage_healed":0.0,"max_hp_gain":0.0,"max_hp_loss":0.0,"gold_gain":0.0,"event_name":"Forgotten Altar","player_choice":"Gave Idol","floor":21.0,"relics_lost":["Golden Idol"],"gold_loss":0.0,"damage_taken":0.0,"relics_obtained":["Bloody Idol"]},{"damage_healed":0.0,"max_hp_gain":0.0,"max_hp_loss":0.0,"gold_gain":0.0,"event_name":"Vampires","player_choice":"Ignored","floor":22.0,"gold_loss":0.0,"damage_taken":0.0},{"damage_healed":0.0,"max_hp_gain":0.0,"max_hp_loss":0.0,"gold_gain":0.0,"event_name":"NoteForYourself","player_choice":"Ignored","floor":36.0,"gold_loss":0.0,"damage_taken":0.0},{"damage_healed":0.0,"max_hp_gain":0.0,"max_hp_loss":0.0,"gold_gain":0.0,"event_name":"SensoryStone","player_choice":"Memory 1","floor":37.0,"gold_loss":0.0,"damage_taken":0.0},{"cards_removed":["Dagger Throw"],"damage_healed":0,"gold_gain":0,"player_choice":"Removed Attack","damage_taken":0,"max_hp_gain":0,"max_hp_loss":0,"event_name":"Falling","floor":44,"gold_loss":0},{"damage_healed":19,"gold_gain":0,"player_choice":"Writhe","damage_taken":0,"max_hp_gain":0,"max_hp_loss":0,"event_name":"Winding Halls","floor":46,"gold_loss":0,"cards_obtained":["Writhe"]}],"is_beta":false,"boss_relics":[{"not_picked":["Ring of the Serpent","Snecko Eye"],"picked":"Astrolabe"},{"not_picked":["Empty Cage","Sozu"],"picked":"Busted Crown"}],"items_purged_floors":[13],"is_endless":false,"potions_floor_spawned":[3,5,6,14,16,18,23,28,31,40,41,47,48],"ascension_level":9}}