{"host":"szp1d6dso4pv7ddl","time":1609990339,"event":{"mods":["AchievementEnabler","Alarm Clock","BaseMod","Bestiary","Block Reminder","Colored Map","Colored Powertips","Curses Come First","Displayed Cursed Tome","Highlight Path","Minty Spire (QoL Compilation)","Permanent Neow","Quick Restart","Relic Sorter","Relic Stats","StSLib","Synergy Search"],"gold_per_floor":[116,116,128,139,139,173,185,197,197],"floor_reached":8,"playtime":406,"items_purged":[],"score":95,"play_id":"1dc12324-dd6d-48d6-896a-f0659e613299","local_time":"20210106193219","is_ascension_mode":true,"campfire_choices":[{"floor":7,"key":"REST"}],"circlet_count":0,"master_deck":["AscendersBane","Strike_R","Strike_R","Strike_R","Strike_R","Strike_R","Defend_R","Defend_R","Defend_R","Defend_R","Bash+1","Thunderclap","Pommel Strike","True Grit","Battle Trance"],"relics":["Burning Blood","NeowsBlessing","MawBank"],"acts_visited":[],"potions_floor_usage":[6],"damage_taken":[{"damage":0,"enemies":"2 Louse","floor":1,"turns":1},{"damage":0,"enemies":"Cultist","floor":3,"turns":1},{"damage":0,"enemies":"Jaw Worm","floor":4,"turns":1},{"damage":46,"enemies":"3 Sentries","floor":6,"turns":13},{"damage":67,"enemies":"Lagavulin","floor":8,"turns":8}],"seed_played":"-8802499266976209917","potions_obtained":[{"floor":1,"key":"Dexterity Potion"},{"floor":3,"key":"ElixirPotion"}],"is_trial":false,"path_per_floor":["M","?","M","M","?","E","R","E"],"character_chosen":"IRONCLAD","items_purchased":[],"campfire_rested":1,"item_purchase_floors":[],"current_hp_per_floor":[74,74,75,75,75,35,57,0,0],"gold":197,"neow_bonus":"THREE_ENEMY_KILL","is_daily":false,"chose_seed":false,"campfire_upgraded":0,"win_rate":0.0,"timestamp":1609990339,"path_taken":["M","?","?","M","?","E","R","E"],"items_purchased_type":[],"build_version":"2020-12-22","purchased_purges":0,"victory":false,"max_hp_per_floor":[75,75,75,75,75,75,75,75,75],"relic_stats":{"counters":[5,24],"MawBank":24,"obtain_stats":[{"NeowsBlessing":0,"MawBank":6,"Burning Blood":0},{"NeowsBlessing":0,"MawBank":4,"Burning Blood":0},{"NeowsBlessing":0,"MawBank":16,"Burning Blood":0}],"Burning Blood":13},"card_choices":[{"not_picked":["Fire Breathing","Clash"],"picked":"Thunderclap","floor":1},{"not_picked":["Iron Wave","Headbutt"],"picked":"Pommel Strike","floor":3},{"not_picked":["Clothesline","Clash"],"picked":"True Grit","floor":4},{"not_picked":["Limit Break","Sword Boomerang"],"picked":"Battle Trance","floor":6}],"player_experience":1136978,"relics_obtained":[{"floor":6,"key":"MawBank"}],"event_choices":[{"damage_healed":0,"gold_gain":0,"player_choice":"Upgraded","damage_taken":0,"max_hp_gain":0,"max_hp_loss":0,"event_name":"Upgrade Shrine","floor":2,"gold_loss":0,"cards_upgraded":["Bash"]},{"damage_healed":0,"gold_gain":0,"player_choice":"Full Heal","damage_taken":0,"max_hp_gain":0,"max_hp_loss":0,"event_name":"Wheel of Change","floor":5,"gold_loss":0}],"is_beta":false,"boss_relics":[],"items_purged_floors":[],"is_endless":false,"potions_floor_spawned":[1,3],"killed_by":"Lagavulin","ascension_level":14}}