{"host":"qa029bqsloh3rj2z","time":1609985595,"event":{"mods":["AchievementEnabler","BaseMod","Colored Powertips","DeckTracker","Minty Spire (QoL Compilation)"],"gold_per_floor":[110,60,71,71,71,100,120,120,191,116,145,45,55,81,81,81,81],"floor_reached":16,"playtime":686,"items_purged":["Strike_R","Strike_R"],"score":143,"play_id":"bd48b248-bfda-45fa-bdb1-b2a68d281d5f","local_time":"20210106211315","is_ascension_mode":false,"campfire_choices":[{"data":"Bash","floor":8,"key":"SMITH"},{"data":"Shrug It Off","floor":15,"key":"SMITH"}],"circlet_count":0,"master_deck":["Strike_R","Strike_R","Strike_R","Defend_R+1","Defend_R","Defend_R","Bash+1","Flex+1","Clash","Shrug It Off+1"],"relics":["Burning Blood","NeowsBlessing","Strawberry","Paper Frog","Juzu Bracelet","TungstenRod"],"acts_visited":["Exordium"],"potions_floor_usage":[16,16,16],"damage_taken":[{"damage":0,"enemies":"Jaw Worm","floor":1,"turns":1},{"damage":0,"enemies":"Small Slimes","floor":3,"turns":1},{"damage":0,"enemies":"Gremlin Nob","floor":6,"turns":1},{"damage":0,"enemies":"Cultist","floor":7,"turns":2},{"damage":13,"enemies":"Lagavulin","floor":11,"turns":3},{"damage":5,"enemies":"Exordium Wildlife","floor":13,"turns":5},{"damage":8,"enemies":"Gremlin Nob","floor":14,"turns":3},{"damage":76,"enemies":"Slime Boss","floor":16,"turns":13}],"seed_played":"-1115668238003618301","potions_obtained":[{"floor":1,"key":"Dexterity Potion"},{"floor":7,"key":"Swift Potion"},{"floor":11,"key":"ColorlessPotion"}],"is_trial":false,"path_per_floor":["M","?","M","?","?","E","M","R","T","$","E","$","M","E","R","B"],"character_chosen":"IRONCLAD","items_purchased":[],"campfire_rested":0,"item_purchase_floors":[],"current_hp_per_floor":[80,80,80,64,64,77,83,83,83,83,76,76,77,75,75,0,0],"gold":81,"neow_bonus":"THREE_ENEMY_KILL","is_daily":false,"chose_seed":false,"campfire_upgraded":2,"win_rate":0.0,"timestamp":1609985595,"path_taken":["M","?","M","?","?","E","M","R","T","$","E","$","M","E","R","BOSS"],"items_purchased_type":[],"build_version":"2020-12-22","purchased_purges":2,"victory":false,"max_hp_per_floor":[80,80,80,80,80,87,87,87,87,87,87,87,87,87,87,87,87],"card_choices":[{"not_picked":["Pummel","Rupture","Perfected Strike"],"picked":"SKIP","floor":1},{"not_picked":["Metallicize","Iron Wave"],"picked":"Flex","floor":3},{"not_picked":["Dark Embrace","Battle Trance","Brutality"],"picked":"SKIP","floor":6},{"not_picked":["Sword Boomerang","Heavy Blade"],"picked":"Clash","floor":7},{"not_picked":["Body Slam","Carnage"],"picked":"Shrug It Off","floor":11},{"not_picked":["Reckless Charge","Armaments","Heavy Blade"],"picked":"SKIP","floor":13},{"not_picked":["Twin Strike","Body Slam","Carnage"],"picked":"SKIP","floor":14}],"player_experience":24405,"relics_obtained":[{"floor":6,"key":"Strawberry"},{"floor":9,"key":"Paper Frog"},{"floor":11,"key":"Juzu Bracelet"},{"floor":14,"key":"TungstenRod"}],"event_choices":[{"cards_removed":["Defend_R"],"damage_healed":0,"gold_gain":0,"player_choice":"Card Removal","damage_taken":0,"max_hp_gain":0,"max_hp_loss":0,"event_name":"The Cleric","floor":2,"gold_loss":50},{"damage_healed":0,"gold_gain":0,"player_choice":"Entered Light","damage_taken":16,"max_hp_gain":0,"max_hp_loss":0,"event_name":"Shining Light","floor":4,"gold_loss":0,"cards_upgraded":["Flex","Defend_R"]},{"damage_healed":0,"gold_gain":0,"player_choice":"Bought 0 Potions","damage_taken":0,"max_hp_gain":0,"max_hp_loss":0,"event_name":"The Woman in Blue","floor":5,"gold_loss":0}],"is_beta":false,"boss_relics":[],"items_purged_floors":[10,12],"is_endless":false,"potions_floor_spawned":[1,7,11,14],"killed_by":"Slime Boss","ascension_level":0}}