{"host":"l84l8xigz5v5foa2","time":1609983634,"event":{"mods":["2.2 Compatiblity","AchievementEnabler","BaseMod","Better Note","Better Vampires","Card Filter","Colored Map","DeckTracker","Downfall","Gremlin Skip","Highlight Path","Keyboard Shortcuts","Minty Spire (QoL Compilation)","Permanent Neow","Quick Restart","Relic Filter","Relic Stats","StSLib","SuperFastMode","Transform Curses","Unknown Chances"],"gold_per_floor":[99,117,136,136,152,152,221,221,231,231,65,84,94,114,126,126,126,126],"floor_reached":16,"playtime":806,"items_purged":["Guardian:Defend_Guardian"],"score":188,"play_id":"9f56edf7-ff0a-47a0-ad19-2826f4647425","local_time":"20210107104034","is_ascension_mode":true,"campfire_choices":[{"data":"Guardian:TwinSlam","floor":1,"key":"SMITH"},{"data":"Guardian:PiercingHide","floor":8,"key":"SMITH"}],"circlet_count":0,"master_deck":["AscendersBane","Guardian:Strike_Guardian","Guardian:Strike_Guardian","Guardian:Strike_Guardian","Guardian:Defend_Guardian","Guardian:Defend_Guardian","Guardian:Defend_Guardian","Guardian:CurlUp","Guardian:TwinSlam+1","Guardian:PrismaticBeam","Guardian:Recover","Guardian:PiercingHide+1","Guardian:FuturePlans","Guardian:Orbwalk","Guardian:BronzeOrb","Guardian:Gem_Cyan","Guardian:Suspension"],"relics":["Guardian:ModeShifter","Question Card","Matryoshka","Odd Mushroom"],"acts_visited":["Exordium"],"potions_floor_usage":[13,15,16],"damage_taken":[{"damage":1,"enemies":"Cultist","floor":2,"turns":5},{"damage":8,"enemies":"Jaw Worm","floor":3,"turns":4},{"damage":0,"enemies":"2 Louse","floor":5,"turns":3},{"damage":5,"enemies":"Large Slime","floor":9,"turns":11},{"damage":0,"enemies":"downfall:FleeingMerchant","floor":11,"turns":4},{"damage":7,"enemies":"2 Fungi Beasts","floor":12,"turns":5},{"damage":4,"enemies":"Lots of Slimes","floor":13,"turns":5},{"damage":6,"enemies":"The Mushroom Lair","floor":14,"turns":6},{"damage":0,"enemies":"Large Slime","floor":15,"turns":4},{"damage":8,"enemies":"downfall:Ironclad","floor":16,"turns":2}],"seed_played":"170068826546682127","potions_obtained":[{"floor":12,"key":"Guardian:DefensiveModePotion"},{"floor":13,"key":"SteroidPotion"},{"floor":14,"key":"Guardian:AcceleratePotion"}],"is_trial":false,"path_per_floor":["R","M","M","?","M","?","T","R","M","?","$","M","M","?","M","B"],"character_chosen":"GUARDIAN","items_purchased":["Guardian:Orbwalk"],"campfire_rested":0,"item_purchase_floors":[11],"current_hp_per_floor":[65,64,56,56,56,30,30,30,25,25,25,18,14,8,8,0,0,0],"gold":126,"neow_bonus":"TRANSFORM_CARD","is_daily":false,"chose_seed":false,"campfire_upgraded":2,"win_rate":0.0,"timestamp":1609983634,"path_taken":["R","M","M","?","M","?","T","R","M","?","$","M","M","?","M","BOSS"],"items_purchased_type":["Card"],"build_version":"2020-12-22","purchased_purges":1,"victory":false,"max_hp_per_floor":[72,72,72,72,72,72,72,72,72,72,72,72,72,72,72,72,72,72],"relic_stats":{"counters":[10,49],"Question Card":6,"obtain_stats":[{"Matryoshka":7,"Guardian:ModeShifter":0,"Odd Mushroom":14,"Question Card":6},{"Matryoshka":3,"Guardian:ModeShifter":0,"Odd Mushroom":8,"Question Card":3},{"Matryoshka":12,"Guardian:ModeShifter":0,"Odd Mushroom":43,"Question Card":12}]},"card_choices":[{"not_picked":["Guardian:Gem_Lightblue","Guardian:PrismaticBeam"],"picked":"Guardian:Recover","floor":2},{"not_picked":["Guardian:CrystalBeam","Guardian:Gem_Red"],"picked":"Guardian:PiercingHide","floor":3},{"not_picked":["Guardian:GatlingBeam","Guardian:RollAttack","Guardian:SpikerProtocol"],"picked":"SKIP","floor":5},{"not_picked":["Guardian:SpikerProtocol","Guardian:Recover","Guardian:TimeCapacitor","Guardian:RollAttack"],"picked":"SKIP","floor":9},{"not_picked":["Guardian:PrimingBeam","Guardian:GuardianWhirl","Guardian:Recover"],"picked":"Guardian:FuturePlans","floor":11},{"not_picked":["Guardian:PrimingBeam","Guardian:Repulse","Guardian:WalkerClaw"],"picked":"Guardian:BronzeOrb","floor":12},{"not_picked":["Guardian:Gem_Lightblue","Guardian:PrimingBeam","Guardian:RollAttack"],"picked":"Guardian:Gem_Cyan","floor":13},{"not_picked":["Guardian:Recover","Guardian:RollAttack","Guardian:SpikerProtocol"],"picked":"Guardian:Suspension","floor":15}],"player_experience":2933881,"relics_obtained":[{"floor":7,"key":"Matryoshka"},{"floor":14,"key":"Odd Mushroom"}],"event_choices":[{"damage_healed":0,"gold_gain":0,"player_choice":"Success","damage_taken":26,"relics_obtained":["Question Card"],"max_hp_gain":0,"max_hp_loss":0,"event_name":"Scrap Ooze","floor":6,"gold_loss":0},{"damage_healed":0,"gold_gain":0,"player_choice":"Fought Mushrooms","damage_taken":0,"max_hp_gain":0,"max_hp_loss":0,"event_name":"Mushrooms","floor":14,"gold_loss":0}],"is_beta":false,"boss_relics":[],"items_purged_floors":[11],"is_endless":false,"potions_floor_spawned":[12,13,14],"killed_by":"downfall:Ironclad","ascension_level":20}}