{"host":"yb8bkkdvr1qiclnk","time":1609997697,"event":{"mods":["BaseMod","Colored Map","Colored Powertips","DeckTracker","Faster Ascension Climbing","Highlight Path","Minty Spire (QoL Compilation)","Quick Restart","Relic Stats","UnlockEverythingMod"],"gold_per_floor":[118,118,118,137,62,78,78,108,134,134,83,111,111,122,122,195,195,215,215,12,12,31,31,31,31],"floor_reached":24,"playtime":849,"items_purged":["Strike_B"],"score":404,"play_id":"9545227a-b4b0-4bae-8131-c3c99a2502f8","local_time":"20210107003457","is_ascension_mode":true,"campfire_choices":[{"data":"Zap","floor":7,"key":"SMITH"},{"data":"Defragment","floor":10,"key":"SMITH"},{"floor":15,"key":"REST"},{"data":"Self Repair","floor":23,"key":"SMITH"}],"circlet_count":0,"master_deck":["AscendersBane","Strike_B","Defend_B","Defend_B","Defend_B","Zap+1","Dualcast","Cold Snap","Rip and Tear","Sweeping Beam","Defragment+1","Leap","Loop","Chill","Echo Form","Conserve Battery","Self Repair+1","Gash","Consume"],"relics":["Cracked Core","NeowsBlessing","Pear","Akabeko","Centennial Puzzle","Nunchaku","Philosopher\u0027s Stone","Runic Capacitor"],"acts_visited":["Exordium","TheCity"],"potions_floor_usage":[16,16,24],"damage_taken":[{"damage":0,"enemies":"Jaw Worm","floor":1,"turns":1},{"damage":0,"enemies":"Cultist","floor":4,"turns":1},{"damage":0,"enemies":"Small Slimes","floor":6,"turns":1},{"damage":35,"enemies":"Gremlin Nob","floor":8,"turns":4},{"damage":16,"enemies":"3 Sentries","floor":12,"turns":5},{"damage":7,"enemies":"Exordium Thugs","floor":14,"turns":3},{"damage":23,"enemies":"The Guardian","floor":16,"turns":9},{"damage":12,"enemies":"Chosen","floor":18,"turns":4},{"damage":21,"enemies":"Shell Parasite","floor":22,"turns":4},{"damage":37,"enemies":"Slavers","floor":24,"turns":3}],"seed_played":"-5666098569791453332","potions_obtained":[{"floor":1,"key":"Swift Potion"},{"floor":14,"key":"PowerPotion"},{"floor":18,"key":"SneckoOil"}],"is_trial":false,"path_per_floor":["M","?","T","M","$","M","R","E","T","R","$","E","?","M","R","B",null,"M","?","$","?","M","R","E"],"character_chosen":"DEFECT","items_purchased":["Leap","Runic Capacitor","Self Repair"],"campfire_rested":1,"item_purchase_floors":[11,20,20],"current_hp_per_floor":[64,57,67,67,67,67,67,32,32,32,32,16,16,9,33,10,63,51,51,51,51,37,37,0,0],"gold":31,"neow_bonus":"THREE_ENEMY_KILL","is_daily":false,"chose_seed":false,"campfire_upgraded":3,"win_rate":0.0,"timestamp":1609997697,"path_taken":["M","?","?","M","$","?","R","E","T","R","$","E","?","M","R","BOSS","M","?","?","?","M","R","E"],"items_purchased_type":["Card","Relic","Card"],"build_version":"2020-12-22","purchased_purges":1,"victory":false,"max_hp_per_floor":[71,71,81,81,81,81,81,81,81,81,81,81,81,81,81,81,81,81,81,81,81,81,81,81,81],"relic_stats":{"Centennial Puzzle":[18],"Nunchaku":[2],"counters":[10,35],"obtain_stats":[{"Centennial Puzzle":9,"Nunchaku":12,"Pear":3,"NeowsBlessing":0,"Philosopher\u0027s Stone":17,"Runic Capacitor":20,"Cracked Core":0,"Akabeko":8},{"Centennial Puzzle":4,"Nunchaku":5,"Pear":1,"NeowsBlessing":0,"Philosopher\u0027s Stone":7,"Runic Capacitor":8,"Cracked Core":0,"Akabeko":4},{"Centennial Puzzle":7,"Nunchaku":12,"Pear":1,"NeowsBlessing":0,"Philosopher\u0027s Stone":24,"Runic Capacitor":28,"Cracked Core":0,"Akabeko":7}]},"card_choices":[{"not_picked":["Glacier","Leap"],"picked":"Cold Snap","floor":1},{"not_picked":["Chaos","Stack"],"picked":"Rip and Tear","floor":4},{"not_picked":["Barrage","Steam"],"picked":"Sweeping Beam","floor":6},{"not_picked":["Scrape","Aggregate"],"picked":"Defragment","floor":8},{"not_picked":["Steam","Consume","Scrape"],"picked":"SKIP","floor":12},{"not_picked":["Gash","Streamline"],"picked":"Chill","floor":14},{"not_picked":["Buffer","All For One"],"picked":"Echo Form","floor":16},{"not_picked":["Cold Snap","BootSequence"],"picked":"Conserve Battery","floor":18},{"not_picked":["Doom and Gloom","Static Discharge"],"picked":"Consume","floor":22}],"player_experience":44242,"relics_obtained":[{"floor":3,"key":"Pear"},{"floor":8,"key":"Akabeko"},{"floor":9,"key":"Centennial Puzzle"},{"floor":12,"key":"Nunchaku"}],"event_choices":[{"cards_removed":["Strike_B"],"damage_healed":0,"gold_gain":0,"player_choice":"Card Removal","damage_taken":7,"max_hp_gain":0,"max_hp_loss":0,"event_name":"Golden Wing","floor":2,"gold_loss":0},{"damage_healed":0,"gold_gain":0,"cards_transformed":["Strike_B"],"player_choice":"Change","damage_taken":0,"max_hp_gain":0,"max_hp_loss":0,"event_name":"Living Wall","floor":13,"gold_loss":0,"cards_obtained":["Loop"]},{"cards_removed":["Defend_B"],"damage_healed":0,"gold_gain":0,"player_choice":"Card Removal","damage_taken":0,"max_hp_gain":0,"max_hp_loss":0,"event_name":"Wheel of Change","floor":19,"gold_loss":0},{"damage_healed":0,"gold_gain":0,"player_choice":"Read","damage_taken":0,"max_hp_gain":0,"max_hp_loss":0,"event_name":"The Library","floor":21,"gold_loss":0,"cards_obtained":["Gash"]}],"is_beta":false,"boss_relics":[{"not_picked":["Astrolabe","Sozu"],"picked":"Philosopher\u0027s Stone"}],"items_purged_floors":[5],"is_endless":false,"potions_floor_spawned":[1,14,18],"killed_by":"Slavers","ascension_level":20}}