{"host":"e87rn453naquue3h","time":1609979152,"event":{"mods":["AchievementEnabler","BaseMod","Downfall","Minty Spire (QoL Compilation)","StSLib"],"gold_per_floor":[349,359,374,394,394,426,516,138,138,138,138],"floor_reached":9,"playtime":691,"items_purged":["hexamod:Defend"],"score":70,"play_id":"c97f12ea-21de-41dc-b725-6d425af598a7","local_time":"20210106192552","is_ascension_mode":true,"campfire_choices":[{"data":"hexamod:Sear","floor":1,"key":"SMITH"}],"circlet_count":0,"master_deck":["hexamod:Strike","hexamod:Strike","hexamod:Strike","hexamod:Strike","hexamod:Defend","hexamod:Defend","hexamod:Defend","hexamod:Sear+1","hexamod:Float","hexamod:FastForward","hexamod:ThirdSeal","hexamod:FourthSeal","hexamod:CatchUp","hexamod:SkipABeat","hexamod:SecondSeal","hexamod:ChargedBarrage","hexamod:SecondSeal"],"relics":["hexamod:SpiritBrand","MawBank","Membership Card","Shovel"],"acts_visited":["Exordium"],"potions_floor_usage":[8],"damage_taken":[{"damage":2,"enemies":"Jaw Worm","floor":2,"turns":3},{"damage":2,"enemies":"2 Louse","floor":3,"turns":2},{"damage":0,"enemies":"Small Slimes","floor":4,"turns":3},{"damage":14,"enemies":"Lagavulin","floor":6,"turns":6},{"damage":0,"enemies":"downfall:FleeingMerchant","floor":8,"turns":4},{"damage":50,"enemies":"3 Sentries","floor":9,"turns":4}],"seed_played":"-3077054801376742930","potions_obtained":[{"floor":3,"key":"hexamod:DoubleChargePotion"},{"floor":4,"key":"Regen Potion"},{"floor":6,"key":"Ancient Potion"},{"floor":8,"key":"Fire Potion"}],"is_trial":false,"path_per_floor":["R","M","M","M","?","E","T","$","E"],"character_chosen":"THE_SPIRIT","items_purchased":["Membership Card","hexamod:SecondSeal","Shovel"],"campfire_rested":0,"item_purchase_floors":[8,8,8],"current_hp_per_floor":[63,61,59,59,59,45,45,45,0,0,0],"gold":138,"neow_bonus":"TWO_FIFTY_GOLD","is_daily":false,"chose_seed":false,"campfire_upgraded":1,"win_rate":0.0,"timestamp":1609979152,"path_taken":["R","M","M","M","?","E","T","$","E"],"items_purchased_type":["Relic","Card","Relic"],"build_version":"2020-12-22","purchased_purges":1,"victory":false,"max_hp_per_floor":[63,63,63,63,63,63,63,63,63,63,63],"card_choices":[{"not_picked":["hexamod:NightmareStrike","hexamod:NightmareGuise"],"picked":"hexamod:FastForward","floor":2},{"not_picked":["hexamod:ThermalTransfer","hexamod:BacktrackSmack","hexamod:AdvancingGuard"],"picked":"SKIP","floor":3},{"not_picked":["hexamod:SpectersWail","hexamod:NightmareGuise"],"picked":"hexamod:ThirdSeal","floor":4},{"not_picked":["hexamod:RainOfEmbers","hexamod:Again"],"picked":"hexamod:CatchUp","floor":6},{"not_picked":["hexamod:ApocalypseNow","hexamod:InspiringFlames"],"picked":"hexamod:SkipABeat","floor":6},{"not_picked":["hexamod:PhantomCloak","hexamod:NightmareStrike"],"picked":"hexamod:SecondSeal","floor":8},{"not_picked":["hexamod:SwordOfDarkness","hexamod:BacktrackSmack"],"picked":"hexamod:ChargedBarrage","floor":8}],"player_experience":2468610,"relics_obtained":[{"floor":6,"key":"MawBank"}],"event_choices":[],"is_beta":false,"boss_relics":[],"items_purged_floors":[8],"is_endless":false,"potions_floor_spawned":[3,4],"killed_by":"3 Sentries","ascension_level":3}}