{"host":"pf9sh7nh6rpu9sau","time":1609983783,"event":{"mods":["2.2 Compatiblity","BaseMod","BetterRewards","Clockwork Mod","Downfall","Hermit","Mad Scientist","Minty Spire (QoL Compilation)","Permanent Neow","Quick Restart","Replay The Spire","Somnambulant","StSLib","The Clintock","The Cursed","The Disciple","The Hierophant","The Necromancer","The Runesmith"],"gold_per_floor":[118,138,138,138,154,154,187,201,248,262,288,64,64,78,78,183,183,193,35,55,155,174,207,224,224,224,224,254,273,273,291,291,391,391,409,423,433,453,209,238,238,15,15,32,32,32],"floor_reached":45,"playtime":4607,"items_purged":["TheCursedMod:Strike_TheCursed","TheCursedMod:Strike_TheCursed"],"score":599,"play_id":"623b27fe-008a-46e0-836d-fc88aa032f27","local_time":"20210106204303","is_ascension_mode":false,"campfire_choices":[{"data":"TheCursedMod:CursedWand","floor":6,"key":"SMITH"},{"data":"TheCursedMod:EmpowerCircles","floor":15,"key":"SMITH"},{"data":"TheCursedMod:CircleOfAmplification","floor":25,"key":"SMITH"},{"data":"TheCursedMod:LuckyCharm","floor":27,"key":"SMITH"},{"data":"TheCursedMod:CircleOfFlame","floor":32,"key":"SMITH"}],"circlet_count":0,"master_deck":["TheCursedMod:Strike_TheCursed","TheCursedMod:Defend_TheCursed","TheCursedMod:Defend_TheCursed+1","TheCursedMod:Defend_TheCursed","TheCursedMod:Defend_TheCursed","TheCursedMod:CursedWand+1","TheCursedMod:CleanUpWorkshop","TheCursedMod:Dregs","TheCursedMod:CircleOfCorruption","TheCursedMod:CircleOfFlame+1","TheCursedMod:HellsGateOpen","TheCursedMod:CursedAmulet","TheCursedMod:Obscuration+1","TheCursedMod:Obscuration+1","TheCursedMod:StunningStrike","TheCursedMod:EmpowerCircles+1","TheCursedMod:CircleOfAmplification+1","TheCursedMod:CircleOfAbyss","TheCursedMod:LuckyCharm+1","TheCursedMod:FleshFromBone","TheCursedMod:WearCloak","TheCursedMod:Hemoplague+1","TheCursedMod:CircleOfBlood","TheCursedMod:DemonSword","TheCursedMod:Grudge+1","TheCursedMod:CursedStaff","TheCursedMod:OutForBlood","TheCursedMod:CircleOfFocus+1","TheCursedMod:SpitefulPlan","TheCursedMod:EmpowerCircles+1"],"relics":["TheCursedMod:BlackMagicAdvanced","Eternal Feather","Replay:Rubber Ducky","ReplayFunnel","Orichalcum","Lee\u0027s Waffle","ReplayTheSpireMod:TigerMarble","Replay:Bottled Eggs","ReplayTheSpireMod:Shallot","TheCursedMod:FourLeafCloverCharm","ClockworkSouvenir","Iron Hammer","Sling","Toy Ornithopter"],"acts_visited":["Exordium","TheCity","TheBeyond"],"potions_floor_usage":[11,24,24,31,31,33,37,40],"damage_taken":[{"damage":2,"enemies":"Jaw Worm","floor":1,"turns":4},{"damage":0,"enemies":"Small Slimes","floor":2,"turns":3},{"damage":1,"enemies":"Cultist","floor":5,"turns":4},{"damage":20,"enemies":"Gremlin Nob","floor":7,"turns":4},{"damage":0,"enemies":"Looter","floor":8,"turns":3},{"damage":0,"enemies":"Gremlin Gang","floor":10,"turns":6},{"damage":16,"enemies":"Lagavulin","floor":11,"turns":9},{"damage":1,"enemies":"Exordium Thugs","floor":14,"turns":5},{"damage":5,"enemies":"The Guardian","floor":16,"turns":15},{"damage":3,"enemies":"Spheric Guardian","floor":18,"turns":6},{"damage":0,"enemies":"Chosen","floor":20,"turns":9},{"damage":1,"enemies":"3 Cultists","floor":22,"turns":6},{"damage":0,"enemies":"Replay:Snechameleon","floor":23,"turns":7},{"damage":10,"enemies":"Centurion and Healer","floor":24,"turns":15},{"damage":0,"enemies":"Gremlin Leader","floor":28,"turns":7},{"damage":0,"enemies":"Snake Plant","floor":29,"turns":4},{"damage":0,"enemies":"Chosen and Byrds","floor":31,"turns":5},{"damage":0,"enemies":"Automaton","floor":33,"turns":16},{"damage":0,"enemies":"3 Shapes","floor":35,"turns":6},{"damage":0,"enemies":"3 Darklings","floor":36,"turns":6},{"damage":3,"enemies":"4 Shapes","floor":37,"turns":7},{"damage":0,"enemies":"Writhing Mass","floor":38,"turns":6},{"damage":29,"enemies":"Reptomancer","floor":40,"turns":9},{"damage":46,"enemies":"Transient","floor":44,"turns":5},{"damage":16,"enemies":"4 Shapes","floor":45,"turns":3}],"seed_played":"400737453429423010","potions_obtained":[{"floor":5,"key":"sneckomod:MuddlingPotion"},{"floor":7,"key":"Adrenaline Potion"},{"floor":11,"key":"Reflective Coating"},{"floor":22,"key":"Adrenaline Potion"},{"floor":28,"key":"LiquidMemories"},{"floor":29,"key":"Milkshake"},{"floor":31,"key":"PowerPotion"},{"floor":33,"key":"SkillPotion"},{"floor":35,"key":"Doom Potion"},{"floor":36,"key":"DuplicationPotion"}],"is_trial":false,"path_per_floor":["M","M","?","?","M","R","E","M","T","M","E","$","?","M","R","B",null,"M","$","M","?","M","E","M","R","T","R","E","M","T","M","R","B",null,"M","M","M","M","$","E","$","$","T","M","M"],"character_chosen":"THE_CURSED","items_purchased":["TheCursedMod:EmpowerCircles","Lee\u0027s Waffle","TheCursedMod:LuckyCharm","TheCursedMod:FleshFromBone","ClockworkSouvenir","TheCursedMod:SpitefulPlan","Sling"],"campfire_rested":0,"item_purchase_floors":[12,12,19,19,39,42,42],"current_hp_per_floor":[73,73,66,66,65,71,51,51,51,51,35,82,82,81,82,77,82,79,79,79,79,78,78,68,80,80,82,82,82,82,82,82,82,82,82,82,79,82,82,53,53,53,53,7,0,0],"gold":32,"neow_bonus":"REMOVE_CARD","is_daily":false,"chose_seed":false,"campfire_upgraded":5,"win_rate":0.0,"timestamp":1609983783,"path_taken":["M","M","?","?","M","R","E","M","T","M","E","$","?","?","R","BOSS","M","?","M","?","M","E","?","R","T","R","E","M","?","M","R","BOSS","M","M","M","M","?","E","?","$","T","M","M"],"items_purchased_type":["Card","Relic","Card","Card","Relic","Card","Relic"],"build_version":"2020-12-22","purchased_purges":2,"victory":false,"max_hp_per_floor":[75,75,75,75,75,75,75,75,75,75,75,82,82,82,82,82,82,82,82,82,82,82,82,82,82,82,82,82,82,82,82,82,82,82,82,82,82,82,82,82,82,82,82,82,82,82],"card_choices":[{"not_picked":["TheCursedMod:Torture","TheCursedMod:CircleOfWindfury"],"picked":"TheCursedMod:CircleOfCorruption","floor":1},{"not_picked":["TheCursedMod:RavingStaff","TheCursedMod:SurpriseAttack"],"picked":"TheCursedMod:CircleOfFlame","floor":2},{"not_picked":["TheCursedMod:Stretching","TheCursedMod:CircleOfFlame"],"picked":"TheCursedMod:HellsGateOpen","floor":5},{"not_picked":["TheCursedMod:CursedRelics","TheCursedMod:Stigma"],"picked":"TheCursedMod:CursedAmulet","floor":7},{"not_picked":["TheCursedMod:WearCloak","TheCursedMod:CursedMace"],"picked":"TheCursedMod:Obscuration","floor":8},{"not_picked":["TheCursedMod:Stigma","TheCursedMod:Stretching"],"picked":"TheCursedMod:Obscuration","floor":10},{"not_picked":["TheCursedMod:CircleOfWindfury","TheCursedMod:CursedMace"],"picked":"TheCursedMod:StunningStrike","floor":11},{"not_picked":["TheCursedMod:DoubleShield","TheCursedMod:CursedAmulet"],"picked":"TheCursedMod:CircleOfAmplification","floor":14},{"not_picked":["TheCursedMod:UltimatePain","TheCursedMod:AntiAging"],"picked":"TheCursedMod:CircleOfAbyss","floor":16},{"not_picked":["TheCursedMod:SoulReap","TheCursedMod:CursedSpellbook","TheCursedMod:Mangle"],"picked":"SKIP","floor":18},{"not_picked":["TheCursedMod:RavingStaff","TheCursedMod:CursedBlade"],"picked":"TheCursedMod:WearCloak","floor":20},{"not_picked":["TheCursedMod:SoulReap","TheCursedMod:VitalStrike+1","TheCursedMod:Torture"],"picked":"SKIP","floor":22},{"not_picked":["TheCursedMod:CursedArmor","TheCursedMod:Wield+1","TheCursedMod:CursedAmulet"],"picked":"SKIP","floor":23},{"not_picked":["TheCursedMod:WearCloak","TheCursedMod:SurpriseAttack"],"picked":"TheCursedMod:Hemoplague+1","floor":24},{"not_picked":["TheCursedMod:Wield","TheCursedMod:SurpriseAttack","TheCursedMod:VitalStrike"],"picked":"SKIP","floor":28},{"not_picked":["TheCursedMod:ForbiddenAlchemy","TheCursedMod:SoulReap"],"picked":"TheCursedMod:CircleOfBlood","floor":29},{"not_picked":["TheCursedMod:Stigma+1","TheCursedMod:CursedAmulet","TheCursedMod:Torture+1"],"picked":"SKIP","floor":31},{"not_picked":["TheCursedMod:CircleOfAbyss","TheCursedMod:CursedRelics"],"picked":"TheCursedMod:DemonSword","floor":33},{"not_picked":["TheCursedMod:CursedBlade+1","TheCursedMod:CursedShiv+1"],"picked":"TheCursedMod:Grudge+1","floor":35},{"not_picked":["TheCursedMod:WearCloak+1","TheCursedMod:Mangle","TheCursedMod:CursedShiv+1"],"picked":"SKIP","floor":36},{"not_picked":["TheCursedMod:Torture","TheCursedMod:WearCloak"],"picked":"TheCursedMod:CursedStaff","floor":37},{"not_picked":["TheCursedMod:FleshFromBone+1","TheCursedMod:CursedAmulet"],"picked":"TheCursedMod:OutForBlood","floor":38},{"not_picked":["TheCursedMod:RavingStaff","TheCursedMod:LuckyCharm+1"],"picked":"TheCursedMod:CircleOfFocus+1","floor":40},{"not_picked":["TheCursedMod:CursedAmulet","TheCursedMod:CircleOfFocus+1"],"picked":"TheCursedMod:EmpowerCircles+1","floor":44}],"player_experience":776034,"relics_obtained":[{"floor":7,"key":"Replay:Rubber Ducky"},{"floor":9,"key":"ReplayFunnel"},{"floor":11,"key":"Orichalcum"},{"floor":23,"key":"ReplayTheSpireMod:TigerMarble"},{"floor":28,"key":"Replay:Bottled Eggs"},{"floor":30,"key":"ReplayTheSpireMod:Shallot"},{"floor":40,"key":"Iron Hammer"},{"floor":43,"key":"Toy Ornithopter"}],"event_choices":[{"damage_healed":0,"gold_gain":0,"player_choice":"Success","damage_taken":7,"relics_obtained":["Eternal Feather"],"max_hp_gain":0,"max_hp_loss":0,"event_name":"Scrap Ooze","floor":3,"gold_loss":0},{"damage_healed":0,"gold_gain":0,"player_choice":"Ignored","damage_taken":0,"max_hp_gain":0,"max_hp_loss":0,"event_name":"Liars Game","floor":4,"gold_loss":0},{"damage_healed":0,"gold_gain":100,"player_choice":"Pray","damage_taken":0,"max_hp_gain":0,"max_hp_loss":0,"event_name":"Golden Shrine","floor":21,"gold_loss":0}],"is_beta":false,"boss_relics":[{"not_picked":["Black Star","Honey Jar"],"picked":"TheCursedMod:BlackMagicAdvanced"},{"not_picked":["Pandora\u0027s Box","Philosopher\u0027s Stone"],"picked":"TheCursedMod:FourLeafCloverCharm"}],"items_purged_floors":[19,39],"is_endless":false,"potions_floor_spawned":[5,7,11,22,28,29,31,33,35,36],"killed_by":"4 Shapes","ascension_level":0}}