{"host":"ikjt6v4q6zrcj3if","time":1609980566,"event":{"mods":["BaseMod","CapriCore","Colored Map","Downfall","Duelist Mod","Luminous","Minty Spire (QoL Compilation)","Permanent Neow","Quick Restart","Replay The Spire","Robot Space Explorer","Somnambulant","StSLib","SuperFastMode","The Construct","The Exalted","The Marked","The Necromancer","The Runesmith"],"gold_per_floor":[135,60,60,135,154,154,54,54,80,116,116,136,171,191,191,317,317,336,336,138,152,152],"floor_reached":21,"playtime":4732,"items_purged":["theDuelist:Sparks","theDuelist:Sparks","theDuelist:CastleWalls"],"score":187,"play_id":"d82444a1-874b-4116-a6e9-6346b6b7af19","local_time":"20210107094926","is_ascension_mode":false,"campfire_choices":[{"data":"theDuelist:GaiaDragonChamp","floor":6,"key":"SMITH"},{"data":"theDuelist:ArmedDragon3","floor":8,"key":"SMITH"},{"data":"theDuelist:BerserkScales","floor":11,"key":"SMITH"},{"data":"theDuelist:HymnOfLight","floor":15,"key":"SMITH"}],"circlet_count":0,"master_deck":["theDuelist:BabyDragon","theDuelist:CastleWalls","theDuelist:CaveDragon","theDuelist:CaveDragon","theDuelist:LesserDragon","theDuelist:LesserDragon","theDuelist:YamataDragon","theDuelist:GaiaDragonChamp+1","theDuelist:ArmedDragon3+1","theDuelist:BerserkScales+1","theDuelist:ThunderDragon","theDuelist:HymnOfLight+1","theDuelist:SliferSky","theDuelist:CyberDragonSieger+1","theDuelist:DragonZombie"],"relics":["theDuelist:MillenniumPuzzle","theDuelist:CardPoolRelic","theDuelist:CardPoolBasicRelic","theDuelist:BoosterPackPoolRelic","theDuelist:CardPoolAddRelic","theDuelist:CardPoolMinusRelic","theDuelist:CardPoolSaveRelic","theDuelist:CardPoolOptionsRelic","Golden Idol","Boot","theDuelist:MetronomeRelicD","theDuelist:MetronomeRelicB","Philosopher\u0027s Stone"],"acts_visited":["Exordium","TheCity"],"potions_floor_usage":[],"damage_taken":[{"damage":0,"enemies":"2 Louse","floor":1,"turns":2},{"damage":0,"enemies":"Small Slimes","floor":5,"turns":3},{"damage":3,"enemies":"Lagavulin","floor":10,"turns":8},{"damage":0,"enemies":"Cultist","floor":12,"turns":4},{"damage":10,"enemies":"3 Sentries","floor":13,"turns":5},{"damage":0,"enemies":"2 Fungi Beasts","floor":14,"turns":2},{"damage":26,"enemies":"Fading Forest","floor":16,"turns":11},{"damage":6,"enemies":"Chosen","floor":18,"turns":5},{"damage":11,"enemies":"Spheric Guardian","floor":21,"turns":4}],"seed_played":"-7172174494174917491","potions_obtained":[{"floor":1,"key":"sneckomod:MuddlingPotion"},{"floor":10,"key":"theDuelist:DragonfirePotion"},{"floor":13,"key":"Dexterity Potion"}],"is_trial":false,"path_per_floor":["M","$","?","?","M","R","$","R","T","E","R","M","E","M","R","B",null,"M","?","$","M"],"character_chosen":"THE_DUELIST","items_purchased":["theDuelist:DragonZombie"],"campfire_rested":0,"item_purchase_floors":[20],"current_hp_per_floor":[80,80,60,52,52,52,52,52,52,49,49,49,39,39,39,23,80,74,74,74,63,63],"gold":152,"neow_bonus":"ONE_RANDOM_RARE_CARD","is_daily":false,"chose_seed":false,"campfire_upgraded":4,"win_rate":0.0,"timestamp":1609980566,"path_taken":["M","$","?","?","M","R","$","R","T","E","R","M","E","?","R","BOSS","M","?","$","M"],"items_purchased_type":["Card"],"build_version":"2020-12-22","purchased_purges":3,"victory":false,"max_hp_per_floor":[80,80,80,80,80,80,80,80,80,80,80,80,80,80,80,80,80,80,80,80,80,80],"card_choices":[{"not_picked":["theDuelist:SnowDragon","theDuelist:MadFlameKaiju","theDuelist:CyberDragonNachster","theDuelist:BlackBrutdrago"],"picked":"theDuelist:ArmedDragon3","floor":1},{"not_picked":["theDuelist:MadSwordBeast","theDuelist:BlackBrutdrago","theDuelist:FireDarts","theDuelist:Earthquake","theDuelist:BlueEyesUltimate"],"picked":"SKIP","floor":5},{"not_picked":["theDuelist:TwinHeadedBehemoth","theDuelist:CyberneticOverflow","theDuelist:Frostosaurus","theDuelist:FiveHeaded"],"picked":"theDuelist:BerserkScales","floor":10},{"not_picked":["theDuelist:YamataDragon","theDuelist:TwinHeadedFire","theDuelist:MirageDragon","theDuelist:BlackBrutdrago"],"picked":"theDuelist:ThunderDragon","floor":12},{"not_picked":["theDuelist:BlackBrutdrago","theDuelist:CyberDragonNachster","theDuelist:Anthrosaurus","theDuelist:LavaDragon"],"picked":"theDuelist:HymnOfLight","floor":13},{"not_picked":["theDuelist:DarkHorus","theDuelist:Anthrosaurus","theDuelist:Kabazauls","theDuelist:Earthquake","theDuelist:LordD"],"picked":"SKIP","floor":14},{"not_picked":["theDuelist:StardustDragon","theDuelist:Lancephorhynchus","theDuelist:FiveHeaded","theDuelist:ArmedProtectorDragon"],"picked":"theDuelist:SliferSky","floor":16},{"not_picked":["theDuelist:SilverWing","theDuelist:Mountain","theDuelist:CastleDragonSouls"],"picked":"theDuelist:CyberDragonSieger+1","floor":18}],"player_experience":377393,"relics_obtained":[{"floor":9,"key":"Boot"},{"floor":10,"key":"theDuelist:MetronomeRelicD"},{"floor":13,"key":"theDuelist:MetronomeRelicB"}],"event_choices":[{"damage_healed":0,"gold_gain":0,"player_choice":"Take Damage","damage_taken":20,"relics_obtained":["Golden Idol"],"max_hp_gain":0,"max_hp_loss":0,"event_name":"Golden Idol","floor":3,"gold_loss":0},{"damage_healed":0,"gold_gain":75,"player_choice":"Touch","damage_taken":8,"max_hp_gain":0,"max_hp_loss":0,"event_name":"FaceTrader","floor":4,"gold_loss":0},{"damage_healed":0,"gold_gain":0,"player_choice":"Leave","duelist":true,"damage_taken":0,"max_hp_gain":0,"max_hp_loss":0,"event_name":"Egyptian Village","floor":19,"gold_loss":0}],"is_beta":false,"boss_relics":[{"not_picked":["Snecko Heart","theDuelist:GamblerChip"],"picked":"Philosopher\u0027s Stone"}],"items_purged_floors":[2,7,20],"is_endless":false,"potions_floor_spawned":[1,10,13,16,18],"killed_by":"Spheric Guardian","ascension_level":0}}