{"host":"njruw0b0uprlitpx","time":1609998253,"event":{"mods":["2.2 Compatiblity","Astrologer","Bartender","BaseMod","Better Altar","Better Match","Better Note","Better Sensory Stone","Better Skull","Better Third Choice","BetterRewards","Block Reminder","Colored Map","Colored Powertips","Energized Spire","Jedi Mod","Keyboard Shortcuts","Magitek Elite","Minty Spire (QoL Compilation)","Quick Restart","Relic Stats","Replay The Spire","SacredBarkPlus","Spicy Shops","StSLib","SuperFastMode","The Dragon Tamer","The Forsaken","The Gatherer","The Marked","The Mystic","The Necromancer","The Spell Scribe","Wandering Minibosses"],"gold_per_floor":[116,116,116,134,148,148,148,222,222,18,18,32,32,32,32,56,56,187,187,206,222,222,242,20,63,63,101,101,101,14,32,32,46,46,148,148,164,2,21,21,0,0,0,31,31,46,60,0,0,0,0,0],"floor_reached":53,"playtime":9000,"items_purged":["DTMod:Strike","DTMod:TargetDefense"],"score":963,"play_id":"3e041423-968a-409c-9b5a-6df338df6391","local_time":"20210106234413","is_ascension_mode":false,"metric_token":2195,"campfire_choices":[{"floor":7,"key":"REST"},{"data":"DTMod:Threaten","floor":11,"key":"SMITH"},{"data":"DTMod:InvisibleFlame","floor":15,"key":"SMITH"},{"data":"DTMod:DarkBreath","floor":17,"key":"SMITH"},{"data":"Apotheosis","floor":26,"key":"SMITH"},{"data":"DTMod:Safeguard","floor":29,"key":"SMITH"},{"data":"DTMod:HeadStart","floor":34,"key":"SMITH"},{"data":"DTMod:Adaptation","floor":42,"key":"SMITH"},{"data":"DTMod:Prediction","floor":49,"key":"SMITH"},{"floor":51,"key":"REST"}],"dtmod_dragon_data":[50,50,2,2,4,7],"circlet_count":0,"master_deck":["DTMod:Strike+1","DTMod:DoubleHit","DTMod:SwitchingTactic","DTMod:Overwhelm+1","Infernal Blade+1","DTMod:Observe","DTMod:Threaten+1","DTMod:Punisher","DTMod:Overwhelm+1","DTMod:ExcessFootwork","DTMod:InvisibleFlame+1","DTMod:DarkBreath+1","DTMod:HeadStart+1","CurseOfTheBell","DTMod:Overwhelm","DTMod:GearUp","DTMod:Weaken","DTMod:Training","Apotheosis+1","DTMod:BreakAttack","DTMod:Observe","DTMod:Safeguard+1","DTMod:SneakAttack","DTMod:Weaken+1","DTMod:LowKick","DTMod:DragonDance","DTMod:ForkedFire","DTMod:Weaken","DTMod:Prediction+1","DTMod:Weaken+1","DTMod:Adaptation+1","Madness","Madness","DTMod:FlameSlash","DTMod:Overwhelm+1","DTMod:WarmUp+1","DTMod:EchoTactic","DTMod:Threaten+1","DTMod:Overwhelm","DTMod:OpeningTactic","jedi:BattleThirst","DTMod:CleansingStrike"],"relics":["DTMod:PactStone","NeowsBlessing","Bloody Idol","Replay:Ringing Soul","InkBottle","Calling Bell","betterAltar:BloodRelic","Eternal Feather","Dead Branch","Enchiridion","Membership Card","BargainBundle","Guard_Bracelet","Replay:Baseball","Prayer Wheel","Meat on the Bone","jedi:arcanewood","Replay:PocketPolymizer","Bottled Flame","Pondfish Scales","OrangePellets","Runic Dome","Durian","Vajra","Frozen Eye","Red Mask","Replay:Bottled Steam","jedi:Pinwheel","Counterbalance"],"acts_visited":["Exordium","TheCity","TheBeyond"],"potions_floor_usage":[18,25,25,35,35,52],"damage_taken":[{"damage":0,"enemies":"Small Slimes","floor":1,"turns":1},{"damage":0,"enemies":"Cultist","floor":4,"turns":1},{"damage":0,"enemies":"2 Louse","floor":5,"turns":1},{"damage":0,"enemies":"Looter","floor":12,"turns":1},{"damage":0,"enemies":"Exordium Wildlife","floor":16,"turns":3},{"damage":2,"enemies":"Hexaghost","floor":18,"turns":8},{"damage":0,"enemies":"Spheric Guardian","floor":20,"turns":3},{"damage":0,"enemies":"Shell Parasite","floor":21,"turns":1},{"damage":0,"enemies":"Shelled Parasite and Fungi","floor":23,"turns":3},{"damage":0,"enemies":"Gremlin Leader","floor":25,"turns":5},{"damage":9,"enemies":"Book of Stabbing","floor":27,"turns":5},{"damage":0,"enemies":"Chosen and Byrds","floor":31,"turns":3},{"damage":0,"enemies":"Sentry and Sphere","floor":33,"turns":5},{"damage":0,"enemies":"Automaton","floor":35,"turns":4},{"damage":0,"enemies":"Orb Walker","floor":37,"turns":2},{"damage":0,"enemies":"3 Shapes","floor":39,"turns":2},{"damage":0,"enemies":"R_Hoarder","floor":44,"turns":4},{"damage":0,"enemies":"Transient","floor":46,"turns":5},{"damage":0,"enemies":"Jaw Worm Horde","floor":47,"turns":1},{"damage":9,"enemies":"Donu and Deca","floor":52,"turns":5}],"seed_played":"2357117416399553464","potions_obtained":[{"floor":1,"key":"LiquidBronze"},{"floor":5,"key":"CultistPotion"},{"floor":8,"key":"Weak Potion"},{"floor":12,"key":"LifebloodPotion"},{"floor":20,"key":"Explosive Potion"},{"floor":25,"key":"jedi:wingpotion"},{"floor":37,"key":"SneckoOil"},{"floor":39,"key":"Weak Potion"}],"is_trial":false,"path_per_floor":["M","?","?","M","M","?","R","?","T","$","R","M","PTL","PTL","R","M","R","B",null,"M","M","?","M","$","E","R","E","T","R","$","M","?","M","R","B",null,"M","$","M","?","?","R","?","E","T","M","M","$","R","?","R","B",null],"character_chosen":"THE_DT","items_purchased":["DTMod:Overwhelm+1","DTMod:ExcessFootwork","Membership Card","BargainBundle","Guard_Bracelet","Replay:Baseball","DTMod:Training","Prayer Wheel","Meat on the Bone","Apotheosis","DTMod:BreakAttack","AttackPotion","Pondfish Scales","Strength Potion","Weak Potion","OrangePellets","Durian","Vajra","Frozen Eye","DTMod:Overwhelm","SkillPotion"],"campfire_rested":2,"item_purchase_floors":[10,10,24,24,24,24,24,24,24,24,24,24,30,30,30,30,38,38,38,48,48],"current_hp_per_floor":[45,36,36,36,36,25,38,41,41,44,44,47,47,47,47,50,50,51,63,66,69,53,58,61,66,78,72,72,84,84,87,82,90,93,96,96,99,104,107,97,97,113,116,119,119,122,122,125,128,131,134,125],"gold":0,"neow_bonus":"THREE_ENEMY_KILL","is_daily":false,"chose_seed":false,"campfire_upgraded":8,"win_rate":0.0,"timestamp":1609998253,"path_taken":["M","?","?","M","?","?","R","?","T","?","R","M","PTL","PTL","R","M","R","BOSS","M","M","?","M","$","E","R","E","T","R","$","M","?","M","R","BOSS","M","$","M","?","?","R","?","E","T","M","M","$","R","?","R","BOSS"],"items_purchased_type":["Card","Card","Relic","Relic","Relic","Relic","Card","Relic","Relic","Card","Card","Potion","Relic","Potion","Potion","Relic","Relic","Relic","Relic","Card","Potion"],"build_version":"2020-12-22","purchased_purges":2,"victory":true,"max_hp_per_floor":[45,45,45,45,45,45,45,48,48,51,51,54,54,54,54,57,57,60,63,66,69,69,72,75,78,78,81,81,84,84,87,87,90,93,96,96,99,104,107,110,110,113,116,119,119,122,122,125,128,131,134,134],"relic_stats":{"OrangePellets":[2],"counters":[92,293],"Bloody Idol":1,"Dead Branch":[67],"Eternal Feather":34,"Prayer Wheel":6,"obtain_stats":[{"Ice Cream":7,"Replay:Accelerometer":44,"Golden Egg":27,"Mark of the Bloom":48,"Vajra":38,"jedi:command_rare":48,"Sozu":17,"Blood Vial":19,"theForsaken:HumbleEgg":23,"Replay:Ringing Soul":28,"Lizard Tail":13,"Sundial":0,"jedi:firstaidkit":37,"Honey Jar":34,"Philosopher\u0027s Stone":34,"Prayer Wheel":24,"Replay:Bottled Steam":44,"Girya":26,"Sneakers":0,"Happy Flower":43,"betterAltar:BloodRelic":32,"ReplayTheSpireMod:CursedCoin":0,"Counterbalance":48,"Dead Branch":19,"Eternal Feather":19,"Pen Nib":0,"jedi:HeartOfTheCards":9,"jedi:heavyjacket":0,"OrangePellets":30,"Runic Dome":36,"Replay:Baseball":24,"Bottled Flame":28,"Water_Ring":41,"Bronze Scales":14,"Tintinnabulum":6,"Molten Egg 2":24,"Pandora\u0027s Box":34,"ReplayTheSpireMod:TigerMarble":39,"Grinning Jar":43,"Abe\u0027s Treasure":17,"Meat on the Bone":24,"Replay:PocketPolymizer":6,"Piano_Music":9,"Enchiridion":22,"Incense Burner":0,"jedi:Pinwheel":13,"Power_Wrist":28,"Cowboy_Hat":10,"Frozen Eye":38,"Replay:Bandana":44,"Dream Catcher":26,"Matryoshka":26,"Gambling Chip":0,"Genji_Glove":44,"WingedGreaves":9,"Red Mask":41,"InkBottle":9,"jedi:command_uncommon":41,"BargainBundle":0,"ReplayTheSpireMod:Ninjato":0,"NeowsBlessing":0,"Golden Idol":3,"PreservedInsect":43,"Calling Bell":19,"Strange Spoon":0,"Pondfish Scales":3,"jedi:kaleidoscope":45,"DTMod:PactStone":50,"jedi:ominousloannote":44,"betterThird:SlimedRelic":8,"Bloody Idol":32,"Orrery":4,"ChewingGum":17,"Garlic":41,"Durian":38,"Bottled Lightning":29,"Membership Card":24,"Guard_Bracelet":24,"jedi:arcanewood":44},{"Ice Cream":5,"Replay:Accelerometer":21,"Golden Egg":59,"Mark of the Bloom":46,"Vajra":87,"jedi:command_rare":23,"Sozu":55,"Blood Vial":78,"theForsaken:HumbleEgg":58,"Replay:Ringing Soul":60,"Lizard Tail":31,"Sundial":47,"jedi:firstaidkit":65,"Honey Jar":63,"Philosopher\u0027s Stone":41,"Prayer Wheel":81,"Replay:Bottled Steam":89,"Girya":13,"Sneakers":0,"Happy Flower":21,"betterAltar:BloodRelic":84,"ReplayTheSpireMod:CursedCoin":24,"Counterbalance":23,"Dead Branch":78,"Eternal Feather":78,"Pen Nib":24,"jedi:HeartOfTheCards":50,"jedi:heavyjacket":47,"OrangePellets":83,"Runic Dome":86,"Replay:Baseball":81,"Bottled Flame":83,"Water_Ring":43,"Bronze Scales":9,"Tintinnabulum":50,"Molten Egg 2":13,"Pandora\u0027s Box":17,"ReplayTheSpireMod:TigerMarble":43,"Grinning Jar":43,"Abe\u0027s Treasure":10,"Meat on the Bone":81,"Replay:PocketPolymizer":28,"Piano_Music":28,"Enchiridion":80,"Incense Burner":24,"jedi:Pinwheel":8,"Power_Wrist":14,"Cowboy_Hat":29,"Frozen Eye":87,"Replay:Bandana":44,"Dream Catcher":59,"Matryoshka":36,"Gambling Chip":24,"Genji_Glove":21,"WingedGreaves":6,"Red Mask":88,"InkBottle":75,"jedi:command_uncommon":43,"BargainBundle":47,"ReplayTheSpireMod:Ninjato":47,"NeowsBlessing":71,"Golden Idol":48,"PreservedInsect":43,"Calling Bell":78,"Strange Spoon":24,"Pondfish Scales":1,"jedi:kaleidoscope":69,"DTMod:PactStone":91,"jedi:ominousloannote":21,"betterThird:SlimedRelic":50,"Bloody Idol":84,"Orrery":27,"ChewingGum":32,"Garlic":21,"Durian":87,"Bottled Lightning":38,"Membership Card":81,"Guard_Bracelet":81,"jedi:arcanewood":69},{"Ice Cream":17,"Replay:Accelerometer":82,"Golden Egg":198,"Mark of the Bloom":166,"Vajra":276,"jedi:command_rare":88,"Sozu":190,"Blood Vial":245,"theForsaken:HumbleEgg":196,"Replay:Ringing Soul":200,"Lizard Tail":116,"Sundial":169,"jedi:firstaidkit":213,"Honey Jar":207,"Philosopher\u0027s Stone":150,"Prayer Wheel":252,"Replay:Bottled Steam":282,"Girya":52,"Sneakers":0,"Happy Flower":82,"betterAltar:BloodRelic":265,"ReplayTheSpireMod:CursedCoin":92,"Counterbalance":88,"Dead Branch":245,"Eternal Feather":245,"Pen Nib":92,"jedi:HeartOfTheCards":174,"jedi:heavyjacket":169,"OrangePellets":262,"Runic Dome":274,"Replay:Baseball":252,"Bottled Flame":262,"Water_Ring":155,"Bronze Scales":34,"Tintinnabulum":174,"Molten Egg 2":52,"Pandora\u0027s Box":70,"ReplayTheSpireMod:TigerMarble":155,"Grinning Jar":155,"Abe\u0027s Treasure":42,"Meat on the Bone":252,"Replay:PocketPolymizer":105,"Piano_Music":105,"Enchiridion":249,"Incense Burner":92,"jedi:Pinwheel":28,"Power_Wrist":55,"Cowboy_Hat":109,"Frozen Eye":276,"Replay:Bandana":158,"Dream Catcher":198,"Matryoshka":132,"Gambling Chip":92,"Genji_Glove":82,"WingedGreaves":21,"Red Mask":278,"InkBottle":233,"jedi:command_uncommon":155,"BargainBundle":169,"ReplayTheSpireMod:Ninjato":169,"NeowsBlessing":229,"Golden Idol":170,"PreservedInsect":155,"Calling Bell":245,"Strange Spoon":92,"Pondfish Scales":2,"jedi:kaleidoscope":223,"DTMod:PactStone":288,"jedi:ominousloannote":82,"betterThird:SlimedRelic":174,"Bloody Idol":265,"Orrery":100,"ChewingGum":123,"Garlic":82,"Durian":276,"Bottled Lightning":139,"Membership Card":252,"Guard_Bracelet":252,"jedi:arcanewood":223}],"InkBottle":[35],"Meat on the Bone":0},"card_choices":[{"not_picked":["DTMod:MaximumCharge","DTMod:FlameSlash"],"picked":"DTMod:Overwhelm","floor":1},{"not_picked":["DTMod:LastStand","DTMod:CleansingStrike"],"picked":"DTMod:Observe","floor":4},{"not_picked":["DTMod:MagicField","DTMod:ForkedFire"],"picked":"DTMod:Threaten","floor":5},{"not_picked":["DTMod:ShieldDrain","DTMod:Outburst"],"picked":"DTMod:Punisher","floor":8},{"not_picked":["DTMod:GhostSkin","DTMod:FlameSlash"],"picked":"DTMod:InvisibleFlame","floor":12},{"not_picked":["DTMod:QuickFly","DTMod:MagicField"],"picked":"DTMod:DarkBreath","floor":16},{"not_picked":["DTMod:ResonanceForm","DTMod:Inferno"],"picked":"DTMod:HeadStart","floor":18},{"not_picked":["DTMod:FlameSlash","DTMod:LowKick"],"picked":"DTMod:Overwhelm","floor":20},{"not_picked":["DTMod:FlameSlash+1","DTMod:Training"],"picked":"DTMod:GearUp","floor":21},{"not_picked":["DTMod:ComboAttack","DTMod:InvisibleFlame"],"picked":"DTMod:Weaken","floor":23},{"not_picked":["DTMod:Astonish","DTMod:DarkBreath"],"picked":"DTMod:Observe","floor":25},{"not_picked":["DTMod:Observe+1","DTMod:Haste+1"],"picked":"DTMod:Safeguard","floor":27},{"not_picked":["DTMod:StarRain","DTMod:HeatWave"],"picked":"DTMod:Weaken+1","floor":31},{"not_picked":["DTMod:FlameSlash","DTMod:TagTeam"],"picked":"DTMod:LowKick","floor":31},{"not_picked":["DTMod:MasterPlan+1","DTMod:Weaken"],"picked":"DTMod:DragonDance","floor":33},{"not_picked":["DTMod:MasterPlan","DTMod:Shift+1"],"picked":"DTMod:ForkedFire","floor":33},{"not_picked":["DTMod:FierySynthesis","DTMod:RepeatStrike"],"picked":"DTMod:Prediction","floor":35},{"not_picked":["DTMod:Threaten+1","DTMod:Feint"],"picked":"DTMod:Weaken+1","floor":37},{"not_picked":["DTMod:Threaten","DTMod:MasterPlan","DTMod:BlazingStrike+1"],"picked":"SKIP","floor":37},{"not_picked":["DTMod:BlazingStrike+1","DTMod:ComboAttack+1"],"picked":"DTMod:Adaptation","floor":39},{"not_picked":["DTMod:BlueScale+1","DTMod:Training","DTMod:TagTeam"],"picked":"SKIP","floor":39},{"not_picked":["DTMod:ComboAttack+1","DTMod:PurifyingFlame+1"],"picked":"DTMod:WarmUp+1","floor":44},{"not_picked":["DTMod:Feint+1","DTMod:Cover"],"picked":"DTMod:EchoTactic","floor":46},{"not_picked":["DTMod:LastStand","DTMod:BalancedStrike+1"],"picked":"DTMod:Threaten+1","floor":46},{"not_picked":["DTMod:SneakAttack","DTMod:MaximumCharge+1","DTMod:MagicField+1"],"picked":"SKIP","floor":47},{"not_picked":["DTMod:Weaken","DTMod:Hide","DTMod:FlameSlash+1"],"picked":"SKIP","floor":47}],"player_experience":1654041,"relics_obtained":[{"floor":8,"key":"Replay:Ringing Soul"},{"floor":9,"key":"InkBottle"},{"floor":19,"key":"Blood Vial"},{"floor":19,"key":"Eternal Feather"},{"floor":19,"key":"Dead Branch"},{"floor":22,"key":"Enchiridion"},{"floor":25,"key":"jedi:arcanewood"},{"floor":27,"key":"Replay:PocketPolymizer"},{"floor":28,"key":"Bottled Flame"},{"floor":44,"key":"Replay:Bottled Steam"},{"floor":45,"key":"jedi:Pinwheel"}],"event_choices":[{"damage_healed":45,"gold_gain":0,"player_choice":"Upgrade","damage_taken":9,"max_hp_gain":0,"max_hp_loss":45,"event_name":"betterThird:BetterShining","floor":2,"gold_loss":0,"cards_upgraded":["DTMod:Strike","DTMod:Overwhelm"]},{"cards_removed":["DTMod:Overwhelm"],"damage_healed":0,"gold_gain":0,"player_choice":"Take \u0026 Give","damage_taken":0,"max_hp_gain":0,"max_hp_loss":0,"event_name":"betterNote:BetterNote","floor":3,"gold_loss":0,"cards_obtained":["Infernal Blade"]},{"damage_healed":0,"gold_gain":0,"player_choice":"Take Damage","damage_taken":11,"relics_obtained":["Golden Idol"],"max_hp_gain":0,"max_hp_loss":0,"event_name":"Golden Idol","floor":6,"gold_loss":0},{"damage_healed":0,"gold_gain":0,"player_choice":"Obtained Book","damage_taken":16,"max_hp_gain":0,"max_hp_loss":0,"event_name":"Cursed Tome","floor":22,"gold_loss":0},{"damage_healed":0,"gold_gain":0,"player_choice":" GoldIdol RottenVial ","damage_taken":5,"relics_obtained":["Bloody Idol","betterAltar:BloodRelic"],"max_hp_gain":87,"max_hp_loss":82,"event_name":"betterAltar:BetterAltar","floor":32,"potions_obtained":[],"relics_lost":["Golden Idol","Blood Vial"],"gold_loss":0},{"damage_healed":0,"gold_gain":0,"player_choice":"Embrace Madness","damage_taken":13,"max_hp_gain":0,"max_hp_loss":0,"event_name":"Winding Halls","floor":40,"gold_loss":0,"cards_obtained":["Madness","Madness"]},{"damage_healed":0,"gold_gain":0,"player_choice":"Paid","damage_taken":0,"relics_obtained":["Red Mask"],"max_hp_gain":0,"max_hp_loss":0,"event_name":"Tomb of Lord Red Mask","floor":41,"gold_loss":21},{"damage_healed":0,"gold_gain":3,"player_choice":"4","damage_taken":0,"max_hp_gain":0,"max_hp_loss":0,"event_name":"betterStone:BetterStone","floor":43,"gold_loss":0,"cards_obtained":["DTMod:Overwhelm"]}],"is_beta":false,"boss_relics":[{"not_picked":["Replay:Wanted Poster","Snecko Heart"],"picked":"Calling Bell"},{"not_picked":["energizedSpire:DeadBattery","Honey Jar"],"picked":"Runic Dome"}],"items_purged_floors":[24,38],"is_endless":false,"potions_floor_spawned":[1,5,12,20,21,25,31,37,39,46],"ascension_level":0}}