{"host":"jn2qdns2nxijvlnt","time":1609985843,"event":{"mods":["BaseMod","Minty Spire (QoL Compilation)","Quick Restart"],"gold_per_floor":[109,121,121,132,35,35,48,78,105,124,150,163,6,25,25,123,123,138,151,151,164,179,179,196,196,196],"floor_reached":25,"playtime":2558,"items_purged":[],"score":382,"play_id":"39065596-da1d-4092-b9a5-7e5b5afff545","local_time":"20210106211723","is_ascension_mode":true,"campfire_choices":[{"floor":6.0,"key":"REST"},{"data":"Bouncing Flask","floor":15.0,"key":"SMITH"},{"floor":23.0,"key":"REST"}],"circlet_count":0,"master_deck":["Strike_G","Strike_G","Strike_G","Strike_G","Strike_G","Defend_G","Defend_G","Defend_G","Defend_G","Survivor","Neutralize","Bouncing Flask+1","Poisoned Stab","Quick Slash","Deadly Poison","Backstab","Bane","Adrenaline","Noxious Fumes","Catalyst+1","Corpse Explosion","Deflect"],"relics":["Ring of the Serpent","Art of War","Boot","Snake Skull","Pen Nib","Lee\u0027s Waffle"],"acts_visited":["Exordium","TheCity"],"potions_floor_usage":[],"damage_taken":[{"damage":10.0,"enemies":"Jaw Worm","floor":1.0,"turns":7.0},{"damage":0.0,"enemies":"Cultist","floor":2.0,"turns":4.0},{"damage":5.0,"enemies":"2 Louse","floor":4.0,"turns":2.0},{"damage":0.0,"enemies":"Looter","floor":7.0,"turns":2.0},{"damage":0.0,"enemies":"Gremlin Nob","floor":8.0,"turns":3.0},{"damage":0.0,"enemies":"3 Louse","floor":10.0,"turns":2.0},{"damage":21.0,"enemies":"3 Sentries","floor":11.0,"turns":6.0},{"damage":16.0,"enemies":"Blue Slaver","floor":12.0,"turns":3.0},{"damage":3.0,"enemies":"Looter","floor":14.0,"turns":2.0},{"damage":0.0,"enemies":"Slime Boss","floor":16.0,"turns":5.0},{"damage":6.0,"enemies":"Spheric Guardian","floor":18.0,"turns":3.0},{"damage":24.0,"enemies":"Shell Parasite","floor":19.0,"turns":4.0},{"damage":14.0,"enemies":"Centurion and Healer","floor":21.0,"turns":4.0},{"damage":29.0,"enemies":"Shelled Parasite and Fungi","floor":22.0,"turns":3.0},{"damage":7.0,"enemies":"Snake Plant","floor":24.0,"turns":3.0},{"damage":16,"enemies":"Book of Stabbing","floor":25,"turns":3}],"seed_played":"-179787534545173385","potions_obtained":[{"floor":1.0,"key":"AttackPotion"},{"floor":4.0,"key":"Block Potion"},{"floor":8.0,"key":"SteroidPotion"},{"floor":12.0,"key":"DistilledChaos"},{"floor":14.0,"key":"SkillPotion"},{"floor":19.0,"key":"Poison Potion"},{"floor":21.0,"key":"Weak Potion"}],"is_trial":false,"path_per_floor":["M","M","?","M","$","R","M","E","T","M","E","M","$","M","R","B",null,"M","M","?","M","M","R","M","E"],"character_chosen":"THE_SILENT","items_purchased":["Energy Potion","Quick Slash","Lee\u0027s Waffle"],"campfire_rested":2,"item_purchase_floors":[5,5,13],"current_hp_per_floor":[53,53,53,48,48,69,69,69,69,69,48,32,77,74,74,74,76,70,46,46,32,3,26,19,3,3],"gold":196,"neow_bonus":"RANDOM_COMMON_RELIC","is_daily":false,"chose_seed":false,"campfire_upgraded":1,"win_rate":0.0,"timestamp":1609985843,"path_taken":["M","M","?","M","$","R","M","E","T","?","E","M","$","M","R","BOSS","M","?","?","M","?","R","M","E"],"items_purchased_type":["Potion","Card","Relic"],"build_version":"2020-12-22","purchased_purges":0,"victory":false,"max_hp_per_floor":[70,70,70,70,70,70,70,70,70,70,70,70,77,77,77,77,77,77,77,77,77,77,77,77,77,77],"card_choices":[{"not_picked":["Flying Knee","Distraction"],"picked":"Bouncing Flask","floor":1.0},{"not_picked":["Flying Knee","PiercingWail"],"picked":"Poisoned Stab","floor":2.0},{"not_picked":["Deflect","Slice"],"picked":"Dodge and Roll","floor":4.0},{"not_picked":["Expertise","Escape Plan"],"picked":"Deadly Poison","floor":7.0},{"not_picked":["Accuracy","Wraith Form v2"],"picked":"Backstab","floor":8.0},{"not_picked":["Underhanded Strike","Dagger Throw","Well Laid Plans"],"picked":"SKIP","floor":10.0},{"not_picked":["Cloak And Dagger","Dash"],"picked":"Bane","floor":11.0},{"not_picked":["Calculated Gamble","PiercingWail","Dash"],"picked":"SKIP","floor":12.0},{"not_picked":["Sucker Punch","Dagger Throw","Infinite Blades"],"picked":"SKIP","floor":14.0},{"not_picked":["Wraith Form v2","Bullet Time"],"picked":"Adrenaline","floor":16.0},{"not_picked":["Flying Knee","Slice"],"picked":"Noxious Fumes","floor":18.0},{"not_picked":["Dagger Spray+1","PiercingWail"],"picked":"Catalyst+1","floor":19.0},{"not_picked":["Leg Sweep","Riddle With Holes"],"picked":"Corpse Explosion","floor":21.0},{"not_picked":["Blade Dance","Footwork"],"picked":"Deflect","floor":22.0},{"not_picked":["Bane","Distraction","Blade Dance"],"picked":"SKIP","floor":24.0}],"player_experience":493773,"relics_obtained":[{"floor":8.0,"key":"Boot"},{"floor":9.0,"key":"Snake Skull"},{"floor":11.0,"key":"Pen Nib"}],"event_choices":[{"cards_removed":["Defend_G"],"damage_healed":0.0,"max_hp_gain":0.0,"max_hp_loss":0.0,"gold_gain":0.0,"event_name":"Purifier","player_choice":"Purged","floor":3.0,"gold_loss":0.0,"damage_taken":0.0},{"cards_removed":["Dodge and Roll"],"damage_healed":0.0,"max_hp_gain":0.0,"max_hp_loss":0.0,"gold_gain":0.0,"event_name":"Purifier","player_choice":"Purged","floor":20.0,"gold_loss":0.0,"damage_taken":0.0}],"is_beta":false,"boss_relics":[{"not_picked":["Sozu","Fusion Hammer"],"picked":"Ring of the Serpent"}],"items_purged_floors":[],"is_endless":false,"potions_floor_spawned":[1,4,8,12,14,19,21],"killed_by":"Book of Stabbing","ascension_level":6}}