{"host":"jexbkylv34f8xu3o","time":1609977685,"event":{"mods":["AchievementEnabler","BaseMod","Colored Map","Colored Powertips","GifTheSpireLib","Highlight Path","Minty Spire (QoL Compilation)","Quick Restart","StSLib"],"gold_per_floor":[109,120,80,5,18,49,49,84,84,4,4,18,50,11,11,106,106,124,124,124,142,142,142,157,432,457,457,457],"floor_reached":27,"playtime":771,"items_purged":["Strike_R"],"score":369,"play_id":"6c91f7ef-ab02-4fc5-a390-d5eb5d80f8af","local_time":"20210106210125","is_ascension_mode":true,"campfire_choices":[{"data":"Bash","floor":7,"key":"SMITH"},{"floor":11,"key":"REST"},{"data":"Combust","floor":15,"key":"SMITH"},{"data":"Wild Strike","floor":23,"key":"SMITH"}],"circlet_count":0,"master_deck":["AscendersBane","Strike_R","Strike_R","Strike_R","Strike_R","Defend_R","Defend_R","Defend_R","Defend_R","Bash+1","Wild Strike+1","Spot Weakness","Flame Barrier","Reckless Charge","Warcry","Combust+1","Fire Breathing+1","Writhe","Regret"],"relics":["Burning Blood","InkBottle","Mango","TungstenRod","Singing Bowl","Mark of Pain","Ancient Tea Set","Nloth\u0027s Gift","Pen Nib"],"acts_visited":["Exordium","TheCity"],"potions_floor_usage":[6,8,13,13,16,18,27,27],"damage_taken":[{"damage":0,"enemies":"Small Slimes","floor":1,"turns":4},{"damage":1,"enemies":"Cultist","floor":2,"turns":4},{"damage":2,"enemies":"Jaw Worm","floor":5,"turns":4},{"damage":38,"enemies":"Lagavulin","floor":6,"turns":7},{"damage":25,"enemies":"3 Sentries","floor":8,"turns":7},{"damage":6,"enemies":"Looter","floor":12,"turns":3},{"damage":15,"enemies":"Lagavulin","floor":13,"turns":7},{"damage":33,"enemies":"The Guardian","floor":16,"turns":15},{"damage":7,"enemies":"Spheric Guardian","floor":18,"turns":4},{"damage":23,"enemies":"Shell Parasite","floor":21,"turns":6},{"damage":54,"enemies":"Snake Plant","floor":24,"turns":6},{"damage":34,"enemies":"Book of Stabbing","floor":27,"turns":3}],"seed_played":"2798201746048430287","potions_obtained":[{"floor":3,"key":"PowerPotion"},{"floor":3,"key":"SpeedPotion"},{"floor":3,"key":"LiquidBronze"},{"floor":5,"key":"CultistPotion"},{"floor":8,"key":"EssenceOfSteel"},{"floor":13,"key":"EssenceOfSteel"},{"floor":16,"key":"Dexterity Potion"},{"floor":21,"key":"BlessingOfTheForge"},{"floor":24,"key":"BlessingOfTheForge"}],"is_trial":false,"path_per_floor":["M","M","?","$","M","E","R","E","T","$","R","M","E","$","R","B",null,"M","?","?","M","?","R","M","?","T","E"],"character_chosen":"IRONCLAD","items_purchased":["Reckless Charge","Combust"],"campfire_rested":1,"item_purchase_floors":[10,14],"current_hp_per_floor":[57,62,62,62,66,34,34,29,29,29,57,57,50,50,50,25,80,79,79,79,64,64,64,18,18,18,0,0],"gold":457,"neow_bonus":"ONE_RARE_RELIC","is_daily":false,"chose_seed":false,"campfire_upgraded":3,"win_rate":0.0,"timestamp":1609977685,"path_taken":["M","M","?","?","M","E","R","E","T","$","R","?","E","$","R","BOSS","M","?","?","M","?","R","?","?","T","E"],"items_purchased_type":["Card","Card"],"build_version":"2020-12-22","purchased_purges":1,"victory":false,"max_hp_per_floor":[80,80,80,80,80,80,80,94,94,94,94,94,96,96,96,98,98,98,98,98,100,100,100,102,102,102,102,102],"card_choices":[{"not_picked":["Reckless Charge","Pummel"],"picked":"Wild Strike","floor":1},{"not_picked":["Carnage","Warcry","Entrench"],"picked":"SKIP","floor":2},{"not_picked":["Dark Embrace","Sever Soul","Perfected Strike"],"picked":"SKIP","floor":5},{"not_picked":["Heavy Blade","Sentinel"],"picked":"Spot Weakness","floor":6},{"not_picked":["Barricade","Flex"],"picked":"Flame Barrier","floor":8},{"not_picked":["Sword Boomerang","Perfected Strike"],"picked":"Warcry","floor":12},{"not_picked":["Disarm","Carnage","Burning Pact"],"picked":"Singing Bowl","floor":13},{"not_picked":["Barricade","Demon Form","Limit Break"],"picked":"Singing Bowl","floor":16},{"not_picked":["Armaments","Battle Trance"],"picked":"Fire Breathing+1","floor":18},{"not_picked":["True Grit","Sword Boomerang","Cleave+1"],"picked":"Singing Bowl","floor":21},{"not_picked":["Limit Break","Battle Trance","Shrug It Off"],"picked":"Singing Bowl","floor":24}],"player_experience":543190,"relics_obtained":[{"floor":6,"key":"InkBottle"},{"floor":8,"key":"Mango"},{"floor":9,"key":"TungstenRod"},{"floor":13,"key":"Singing Bowl"},{"floor":26,"key":"Pen Nib"}],"event_choices":[{"damage_healed":0,"gold_gain":0,"player_choice":"Bought 3 Potions","damage_taken":0,"max_hp_gain":0,"max_hp_loss":0,"event_name":"The Woman in Blue","floor":3,"gold_loss":0},{"damage_healed":0,"gold_gain":0,"player_choice":"Opened","damage_taken":0,"relics_obtained":["Ancient Tea Set"],"max_hp_gain":0,"max_hp_loss":0,"event_name":"The Mausoleum","floor":19,"gold_loss":0,"cards_obtained":["Writhe"]},{"damage_healed":0,"gold_gain":0,"player_choice":"Ignored","damage_taken":0,"max_hp_gain":0,"max_hp_loss":0,"event_name":"Ghosts","floor":20,"gold_loss":0},{"damage_healed":0,"gold_gain":0,"player_choice":"Traded Relic","damage_taken":0,"relics_obtained":["Nloth\u0027s Gift"],"max_hp_gain":0,"max_hp_loss":0,"event_name":"N\u0027loth","floor":22,"relics_lost":["Thread and Needle"],"gold_loss":0},{"damage_healed":0,"gold_gain":275,"player_choice":"Desecrate","damage_taken":0,"max_hp_gain":0,"max_hp_loss":0,"event_name":"Golden Shrine","floor":25,"gold_loss":0,"cards_obtained":["Regret"]}],"is_beta":false,"boss_relics":[{"not_picked":["Cursed Key","Snecko Eye"],"picked":"Mark of Pain"}],"items_purged_floors":[4],"is_endless":false,"potions_floor_spawned":[5,8,13,16,21,24],"killed_by":"Book of Stabbing","ascension_level":10}}