{"host":"cbabs5wvj1yqiyjm","time":1609992334,"event":{"mods":["AchievementEnabler","Act Like it!","Bartender","BaseMod","Bestiary","Better Third Choice","BetterRewards","Colored Powertips","Downfall","Friendly Minions","Hallownest","Hermit","Infinite Spire","Marisa????????","Minty Spire (QoL Compilation)","Rare Cards Sparkle","Replay The Spire","SOS???????","Spicy Shops","StSLib","Td1madao Mod","The Bladedancer","The Bug Knight","The Cursed","The Disciple","The Forsaken","The Marked","The Necromancer","The Servant 0.9.4","Wandering Minibosses","???Mod??????Boss"],"gold_per_floor":[114,132,132,132,232,250,263,263,320,320,346,55,55,87,100,117,117,218,218,235,221,221,221,234,234,234,234],"floor_reached":26,"playtime":1479,"items_purged":[],"score":218,"play_id":"e75cc594-35ec-4858-b637-ca0cfd0ba039","local_time":"20210106230534","is_ascension_mode":true,"campfire_choices":[{"floor":8,"key":"REST"},{"data":"On_The_House","floor":10,"key":"SMITH"},{"data":"Breathe_Deep","floor":17,"key":"SMITH"},{"floor":25,"key":"REST"}],"circlet_count":0,"master_deck":["Strike_Bartender","Strike_Bartender","Strike_Bartender","Strike_Bartender","Defend_Bartender","Defend_Bartender","Defend_Bartender","Defend_Bartender","Somersault+1","On_The_House+1","Step_Of_The_Wind","Feint","Dragonkick","Momentum","With_A_Twist","Dancing_Jab","Hook","Breathe_Deep+1","Insight_B","Wall_of_Ice","Cold_Blooded+1","Free_Pour","Meditate"],"relics":["Sneakers","Replay:Mystery Machine","Gremlin Food","Oddly Smooth Stone","Busted Crown","MutagenicStrength"],"acts_visited":["Exordium","TheCity"],"potions_floor_usage":[],"damage_taken":[{"damage":0,"enemies":"Small Slimes","floor":1,"turns":2},{"damage":4,"enemies":"Cultist","floor":2,"turns":4},{"damage":5,"enemies":"Jaw Worm","floor":6,"turns":4},{"damage":5,"enemies":"2 Fungi Beasts","floor":7,"turns":4},{"damage":10,"enemies":"3 Sentries","floor":14,"turns":8},{"damage":0,"enemies":"Exordium Wildlife","floor":15,"turns":6},{"damage":0,"enemies":"Looter","floor":16,"turns":4},{"damage":39,"enemies":"The Guardian","floor":18,"turns":14},{"damage":9,"enemies":"Spheric Guardian","floor":20,"turns":5},{"damage":10,"enemies":"2 Thieves","floor":21,"turns":4},{"damage":0,"enemies":"Shelled Parasite and Fungi","floor":24,"turns":5},{"damage":74,"enemies":"Cultist and Chosen","floor":26,"turns":10}],"seed_played":"-6607238612068478441","potions_obtained":[{"floor":6,"key":"SteroidPotion"},{"floor":7,"key":"Dexterity Potion"},{"floor":14,"key":"hexamod:EctoCoolerPotion"}],"is_trial":false,"path_per_floor":["M","M","PTL","PTL","?","M","M","R","?","R","T","$","?","E","M","M","R","B",null,"M","M","?","?","M","R","M"],"character_chosen":"BARTENDER","items_purchased":["Momentum","With_A_Twist","Dancing_Jab","Hook"],"campfire_rested":2,"item_purchase_floors":[12,12,12,12],"current_hp_per_floor":[70,66,66,66,66,61,56,70,70,70,70,70,70,60,60,60,60,21,70,61,51,51,51,51,70,0,0],"gold":234,"neow_bonus":"UPGRADE_CARD","is_daily":false,"chose_seed":false,"campfire_upgraded":2,"win_rate":0.0,"timestamp":1609992334,"path_taken":["M","M","PTL","PTL","?","M","?","R","?","R","T","$","?","E","?","M","R","BOSS","M","M","?","?","M","R","M"],"items_purchased_type":["Card","Card","Card","Card"],"build_version":"2020-12-22","purchased_purges":0,"victory":false,"max_hp_per_floor":[70,70,70,70,70,70,70,70,70,70,70,70,70,70,70,70,70,70,70,70,70,70,70,70,70,70,70],"card_choices":[{"not_picked":["Step_Of_The_Wind","Wall_of_Ice"],"picked":"On_The_House","floor":1},{"not_picked":["Free_Pour","Torment"],"picked":"Step_Of_The_Wind","floor":2},{"not_picked":["Bouncer","Glare"],"picked":"Feint","floor":6},{"not_picked":["Foot_Thrust","Snap_Punch"],"picked":"Dragonkick","floor":7},{"not_picked":["Meteodrive","Well_Drinks"],"picked":"Breathe_Deep","floor":14},{"not_picked":["Dancing_Jab","Feint"],"picked":"Insight_B","floor":15},{"not_picked":["Meteodrive","ThreeSidedStar"],"picked":"Wall_of_Ice","floor":16},{"not_picked":["Form_Shift","Moonsault_Kick"],"picked":"Cold_Blooded","floor":18},{"not_picked":["Meteodrive"],"picked":"SKIP","floor":20},{"not_picked":[],"picked":"Free_Pour","floor":21},{"not_picked":[],"picked":"Meditate","floor":24}],"player_experience":48910,"relics_obtained":[{"floor":11,"key":"Replay:Mystery Machine"},{"floor":13,"key":"Gremlin Food"},{"floor":14,"key":"Oddly Smooth Stone"}],"event_choices":[{"damage_healed":0,"gold_gain":100,"player_choice":"Gold","damage_taken":0,"max_hp_gain":0,"max_hp_loss":0,"event_name":"Wheel of Change","floor":5,"gold_loss":0},{"damage_healed":0,"gold_gain":57,"player_choice":"Gained Gold","damage_taken":0,"max_hp_gain":0,"max_hp_loss":0,"event_name":"Golden Wing","floor":9,"gold_loss":0},{"damage_healed":0,"gold_gain":0,"player_choice":"Inject Mutagens","damage_taken":0,"relics_obtained":["MutagenicStrength"],"max_hp_gain":0,"max_hp_loss":0,"event_name":"Drug Dealer","floor":23,"gold_loss":0}],"is_beta":false,"boss_relics":[{"not_picked":["Black Star","Snecko Eye"],"picked":"Busted Crown"}],"items_purged_floors":[],"is_endless":false,"potions_floor_spawned":[6,7,14,20],"killed_by":"Cultist and Chosen","ascension_level":1}}