{"host":"g76rhe4j5kh9hdf9","time":1609995613,"event":{"mods":["100% Spire Juice","Act Like it!","BaseMod","Better Third Choice","GifTheSpireLib","Minty Spire (QoL Compilation)","Relic Stats","Spicy Shops","StSLib"],"gold_per_floor":[116,135,15,26,101,101,131,131,155,190,201,201,201],"floor_reached":12,"playtime":646,"items_purged":[],"score":88,"play_id":"6b28c23f-0253-4b9b-bc87-94b6c6ec30a0","local_time":"20210106210013","is_ascension_mode":false,"campfire_choices":[{"data":"Moonworks:JonathanRush","floor":6,"key":"SMITH"},{"data":"Moonworks:Defend","floor":8,"key":"SMITH"}],"circlet_count":0,"master_deck":["Moonworks:Strike","Moonworks:Strike","Moonworks:Strike","Moonworks:Strike","Moonworks:Defend+1","Moonworks:Defend","Moonworks:Defend+1","Moonworks:Defend","Moonworks:Ambush","Moonworks:LongDistanceShot+1","Moonworks:JonathanRush+1","Moonworks:x16BigRocket","Moonworks:Bloodlust","Moonworks:SelfDestruct"],"relics":["Moonworks:BrokenBomb","Moonworks:Homemark","NeowsBlessing","Pen Nib","Boot","Akabeko"],"acts_visited":["Exordium"],"potions_floor_usage":[10,10,11],"damage_taken":[{"damage":0,"enemies":"Small Slimes","floor":1,"turns":1},{"damage":0,"enemies":"2 Louse","floor":2,"turns":1},{"damage":0,"enemies":"Jaw Worm","floor":4,"turns":1},{"damage":33,"enemies":"3 Sentries","floor":7,"turns":10},{"damage":20,"enemies":"Gremlin Nob","floor":10,"turns":3},{"damage":1,"enemies":"2 Fungi Beasts","floor":11,"turns":2},{"damage":3,"enemies":"Lagavulin","floor":12,"turns":2}],"seed_played":"-1643377997761832608","potions_obtained":[{"floor":4,"key":"LiquidMemories"},{"floor":7,"key":"Swift Potion"},{"floor":10,"key":"DuplicationPotion"}],"is_trial":false,"path_per_floor":["M","M","?","M","?","R","E","R","T","E","M","E"],"character_chosen":"THE_STARBREAKER","items_purchased":[],"campfire_rested":0,"item_purchase_floors":[],"current_hp_per_floor":[60,60,48,48,37,37,18,18,18,2,1,0,0],"gold":201,"neow_bonus":"THREE_ENEMY_KILL","is_daily":false,"chose_seed":false,"campfire_upgraded":2,"win_rate":0.0,"timestamp":1609995613,"path_taken":["M","M","?","M","?","R","E","R","T","E","?","E"],"items_purchased_type":[],"build_version":"2020-12-22","purchased_purges":0,"victory":false,"max_hp_per_floor":[60,60,60,60,60,60,60,60,60,60,60,60,60],"relic_stats":{"counters":[7,20],"Pen Nib":[2],"Boot":[16],"obtain_stats":[{"NeowsBlessing":0,"Moonworks:Homemark":0,"Pen Nib":7,"Boot":9,"Akabeko":10,"Moonworks:BrokenBomb":0},{"NeowsBlessing":0,"Moonworks:Homemark":0,"Pen Nib":4,"Boot":4,"Akabeko":5,"Moonworks:BrokenBomb":0},{"NeowsBlessing":0,"Moonworks:Homemark":0,"Pen Nib":13,"Boot":13,"Akabeko":16,"Moonworks:BrokenBomb":0}]},"card_choices":[{"not_picked":["Moonworks:WindyEnchantment","Moonworks:ImmovableObject"],"picked":"Moonworks:JonathanRush","floor":1},{"not_picked":["Moonworks:AngelHand","Moonworks:Assault"],"picked":"Moonworks:x16BigRocket","floor":2},{"not_picked":["Moonworks:UnluckyCharm","Moonworks:LulusLuckyEgg"],"picked":"Moonworks:Bloodlust","floor":4},{"not_picked":["Moonworks:IndiscriminateFireSupport","Moonworks:EvilSpyWorkPreparation","Moonworks:DeployBits"],"picked":"SKIP","floor":7},{"not_picked":["Moonworks:CloudOfSeagulls","Moonworks:EvilSpyWorkPreparation"],"picked":"Moonworks:SelfDestruct","floor":10},{"not_picked":["Moonworks:EvilSpyWorkPreparation","Moonworks:BeyondHell","Moonworks:GoAway"],"picked":"SKIP","floor":11}],"player_experience":450052,"relics_obtained":[{"floor":7,"key":"Pen Nib"},{"floor":9,"key":"Boot"},{"floor":10,"key":"Akabeko"}],"event_choices":[{"damage_healed":60,"gold_gain":0,"player_choice":"Upgrade","damage_taken":12,"max_hp_gain":0,"max_hp_loss":60,"event_name":"betterThird:BetterShining","floor":3,"gold_loss":0,"cards_upgraded":["Moonworks:Defend","Moonworks:LongDistanceShot"]},{"damage_healed":0,"gold_gain":75,"player_choice":"Gold","damage_taken":11,"max_hp_gain":0,"max_hp_loss":0,"event_name":"betterThird:BetterGoop","floor":5,"gold_loss":0}],"is_beta":false,"boss_relics":[],"items_purged_floors":[],"is_endless":false,"potions_floor_spawned":[4,7,10],"killed_by":"Lagavulin","ascension_level":0}}