{"host":"pvf7uj918he10jir","time":1609996774,"event":{"mods":["AchievementEnabler","BaseMod","Colored Map","Colored Powertips","Highlight Path","Minty Spire (QoL Compilation)","Relic Stats","Slay the Relics Exporter","everything is the same but u backflip on backflip"],"gold_per_floor":[119,119,137,137,154,186,186,196,196,196,196,196],"floor_reached":11,"playtime":381,"items_purged":[],"score":88,"play_id":"ad95734b-bc7d-4489-88d1-f3fc40dda11c","local_time":"20210107001934","is_ascension_mode":true,"campfire_choices":[{"data":"Barricade","floor":7,"key":"SMITH"},{"data":"Carnage","floor":10,"key":"SMITH"}],"circlet_count":0,"master_deck":["Strike_R","Strike_R","Strike_R","Strike_R","Strike_R","Defend_R","Defend_R","Defend_R","Defend_R","Bash+1","Carnage+1","Barricade+1"],"relics":["Burning Blood","NlothsMask","Mango"],"acts_visited":["Exordium"],"potions_floor_usage":[],"damage_taken":[{"damage":3,"enemies":"Jaw Worm","floor":1,"turns":4},{"damage":6,"enemies":"Cultist","floor":3,"turns":3},{"damage":12,"enemies":"2 Louse","floor":5,"turns":4},{"damage":45,"enemies":"3 Sentries","floor":6,"turns":9},{"damage":25,"enemies":"Lots of Slimes","floor":8,"turns":5},{"damage":39,"enemies":"Lagavulin","floor":11,"turns":4}],"seed_played":"8018869510151271043","potions_obtained":[{"floor":1,"key":"PowerPotion"},{"floor":5,"key":"Regen Potion"}],"is_trial":false,"path_per_floor":["M","?","M","?","M","E","R","M","T","R","E"],"character_chosen":"IRONCLAD","items_purchased":[],"campfire_rested":0,"item_purchase_floors":[],"current_hp_per_floor":[80,80,80,80,74,49,49,30,30,30,0,0],"gold":196,"neow_bonus":"UPGRADE_CARD","is_daily":false,"chose_seed":false,"campfire_upgraded":2,"win_rate":0.0,"timestamp":1609996774,"path_taken":["M","?","?","?","?","E","R","M","T","R","E"],"items_purchased_type":[],"build_version":"2020-12-22","purchased_purges":0,"victory":false,"max_hp_per_floor":[80,80,80,80,80,94,94,94,94,94,94,94],"relic_stats":{"counters":[6,29],"obtain_stats":[{"Mango":6,"Burning Blood":0,"NlothsMask":2},{"Mango":4,"Burning Blood":0,"NlothsMask":1},{"Mango":20,"Burning Blood":0,"NlothsMask":4}],"Burning Blood":27},"card_choices":[{"not_picked":["Sword Boomerang","Twin Strike","Flex"],"picked":"SKIP","floor":1},{"not_picked":["Heavy Blade","Thunderclap","Twin Strike"],"picked":"SKIP","floor":3},{"not_picked":["Flex","Power Through"],"picked":"Carnage","floor":5},{"not_picked":["Pommel Strike","Armaments"],"picked":"Barricade","floor":6},{"not_picked":["Anger","Clothesline","Warcry"],"picked":"SKIP","floor":8}],"player_experience":127666,"relics_obtained":[{"floor":6,"key":"Mango"}],"event_choices":[{"damage_healed":0,"gold_gain":0,"player_choice":"Trade","damage_taken":0,"relics_obtained":["NlothsMask"],"max_hp_gain":0,"max_hp_loss":0,"event_name":"FaceTrader","floor":2,"gold_loss":0},{"damage_healed":0,"gold_gain":0,"player_choice":"0 cards matched","damage_taken":0,"max_hp_gain":0,"max_hp_loss":0,"event_name":"Match and Keep!","floor":4,"gold_loss":0,"cards_obtained":[]}],"is_beta":false,"boss_relics":[],"items_purged_floors":[],"is_endless":false,"potions_floor_spawned":[1,5],"killed_by":"Lagavulin","ascension_level":4}}