{"host":"a5lz0e76zb3fcwkm","time":1609997281,"event":{"mods":["AchievementEnabler","BaseMod","Colored Map","Colored Powertips","Minty Spire (QoL Compilation)","StSLib","SuperFastMode"],"gold_per_floor":[110,110,110,121,121,147,147,157,157,157,189,204,218,235,235,306,306,318,318,318,318,243,243,271,282,282,295,295,323,333,233,233,312,312,324,372,372,387,405,432,432,432,457,489,7,7,36,51,51,51,51,51,51,51,81,81,81],"floor_reached":56,"playtime":2169,"items_purged":["Pain","Anger"],"score":2066,"play_id":"75be242f-818c-4ed8-8479-e2702f729aca","local_time":"20210107142801","is_ascension_mode":true,"campfire_choices":[{"data":"Twin Strike","floor":7,"key":"SMITH"},{"data":"Twin Strike","floor":10,"key":"SMITH"},{"data":"Demon Form","floor":15,"key":"SMITH"},{"data":"Fiend Fire","floor":23,"key":"SMITH"},{"data":"Shockwave","floor":28,"key":"SMITH"},{"data":"Dual Wield","floor":32,"key":"SMITH"},{"data":"Demon Form","floor":42,"key":"SMITH"},{"floor":49,"key":"RECALL"},{"data":"Disarm","floor":53,"key":"SMITH"}],"circlet_count":0,"master_deck":["AscendersBane","Strike_R","Strike_R+1","Defend_R","Defend_R","Defend_R+1","Defend_R","Bash","Shrug It Off","Disarm+1","Twin Strike+1","Twin Strike+1","Demon Form+1","Second Wind","Fiend Fire+1","Power Through","Shockwave+1","Dual Wield+1","Demon Form+1","Master of Strategy","Corruption","Doubt","Heavy Blade+1"],"relics":["Burning Blood","NeowsBlessing","WarpedTongs","StrikeDummy","Mummified Hand","Orichalcum","Snecko Eye","Shuriken","MealTicket","Bird Faced Urn","Question Card","Empty Cage","Magic Flower","Lantern","Frozen Egg 2","ClockworkSouvenir","Turnip","Blue Candle","Letter Opener"],"acts_visited":["Exordium","TheCity","TheBeyond","TheEnding"],"potions_floor_usage":[11,18,29,36,40,55],"damage_taken":[{"damage":0,"enemies":"Jaw Worm","floor":1,"turns":1},{"damage":0,"enemies":"Small Slimes","floor":4,"turns":1},{"damage":0,"enemies":"Lagavulin","floor":6,"turns":1},{"damage":0,"enemies":"Cultist","floor":8,"turns":2},{"damage":0,"enemies":"Gremlin Nob","floor":11,"turns":2},{"damage":15,"enemies":"Large Slime","floor":12,"turns":4},{"damage":4,"enemies":"Looter","floor":13,"turns":3},{"damage":1,"enemies":"Blue Slaver","floor":14,"turns":3},{"damage":11,"enemies":"The Guardian","floor":16,"turns":9},{"damage":23,"enemies":"Shell Parasite","floor":18,"turns":3},{"damage":25,"enemies":"Book of Stabbing","floor":24,"turns":4},{"damage":5,"enemies":"3 Byrds","floor":25,"turns":4},{"damage":5,"enemies":"Snake Plant","floor":27,"turns":3},{"damage":2,"enemies":"Gremlin Leader","floor":29,"turns":3},{"damage":7,"enemies":"Centurion and Healer","floor":30,"turns":3},{"damage":28,"enemies":"Automaton","floor":33,"turns":5},{"damage":23,"enemies":"3 Darklings","floor":35,"turns":5},{"damage":2,"enemies":"2 Orb Walkers","floor":36,"turns":2},{"damage":0,"enemies":"Orb Walker","floor":38,"turns":3},{"damage":58,"enemies":"4 Shapes","floor":39,"turns":7},{"damage":36,"enemies":"Giant Head","floor":40,"turns":5},{"damage":37,"enemies":"Reptomancer","floor":44,"turns":5},{"damage":26,"enemies":"Giant Head","floor":47,"turns":6},{"damage":11,"enemies":"Spire Growth","floor":48,"turns":3},{"damage":22,"enemies":"Time Eater","floor":50,"turns":6},{"damage":43,"enemies":"Awakened One","floor":51,"turns":5},{"damage":38,"enemies":"Shield and Spear","floor":55,"turns":5},{"damage":71,"enemies":"The Heart","floor":56,"turns":5}],"seed_played":"5189609370656532278","potions_obtained":[{"floor":4,"key":"ColorlessPotion"},{"floor":8,"key":"BlessingOfTheForge"},{"floor":14,"key":"SkillPotion"},{"floor":16,"key":"BloodPotion"},{"floor":18,"key":"Dexterity Potion"},{"floor":29,"key":"FearPotion"},{"floor":33,"key":"PowerPotion"},{"floor":35,"key":"BloodPotion"},{"floor":44,"key":"Block Potion"},{"floor":55,"key":"SteroidPotion"}],"is_trial":false,"path_per_floor":["M","?","?","M","?","E","R","M","T","R","E","M","M","M","R","B",null,"M","?","?","T","$","R","E","M","T","M","R","E","M","$","R","B",null,"M","?","?","M","M","E","?","R","T","E","$","?","E","M","R","B","B",null,"R","$","E","B"],"character_chosen":"IRONCLAD","items_purchased":["ClockworkSouvenir","Turnip"],"campfire_rested":0,"item_purchase_floors":[45,45],"current_hp_per_floor":[74,74,51,57,57,63,63,69,69,69,75,66,68,73,73,68,73,71,50,50,50,50,50,31,32,32,35,35,41,42,57,57,37,69,56,66,56,71,28,31,80,80,80,58,73,73,59,66,66,62,43,68,68,76,50,0,0],"gold":81,"neow_bonus":"THREE_ENEMY_KILL","is_daily":false,"chose_seed":false,"campfire_upgraded":8,"win_rate":0.0,"timestamp":1609997281,"path_taken":["M","?","?","M","?","E","R","M","T","R","E","?","M","M","R","BOSS","M","?","?","?","$","R","E","M","T","?","R","E","M","$","R","BOSS","M","?","?","M","M","E","?","R","T","E","$","?","E","M","R","BOSS","BOSS","R","$","E","BOSS"],"items_purchased_type":["Relic","Relic"],"build_version":"2020-12-22","purchased_purges":2,"victory":false,"max_hp_per_floor":[75,75,75,75,75,75,75,75,75,75,75,75,75,75,75,75,75,75,80,80,80,80,80,80,80,80,80,80,80,80,80,80,80,80,80,80,80,80,80,80,80,80,80,80,80,76,76,76,76,76,76,76,76,76,76,76,76],"card_choices":[{"not_picked":["Twin Strike","Pummel"],"picked":"Shrug It Off","floor":1},{"not_picked":["Cleave","Whirlwind"],"picked":"Anger","floor":4},{"not_picked":["Metallicize","Pummel"],"picked":"Twin Strike","floor":6},{"not_picked":["Pummel","Metallicize"],"picked":"Twin Strike","floor":8},{"not_picked":["Clothesline","Sword Boomerang"],"picked":"Demon Form","floor":11},{"not_picked":["Armaments","Thunderclap","Spot Weakness"],"picked":"SKIP","floor":12},{"not_picked":["Dropkick","Headbutt"],"picked":"Second Wind","floor":13},{"not_picked":["Thunderclap","Warcry","Feel No Pain"],"picked":"SKIP","floor":14},{"not_picked":["Brutality","Barricade"],"picked":"Fiend Fire","floor":16},{"not_picked":["Perfected Strike","Thunderclap","Rupture+1"],"picked":"SKIP","floor":18},{"not_picked":["Body Slam","Sever Soul+1","True Grit"],"picked":"SKIP","floor":24},{"not_picked":["Fire Breathing","Sword Boomerang"],"picked":"Power Through","floor":25},{"not_picked":["Reckless Charge","Fire Breathing"],"picked":"Shockwave","floor":27},{"not_picked":["Armaments+1","Bloodletting","Second Wind"],"picked":"SKIP","floor":29},{"not_picked":["Disarm","Second Wind","Perfected Strike+1"],"picked":"Dual Wield","floor":30},{"not_picked":["Immolate","Bludgeon","Berserk"],"picked":"Demon Form","floor":33},{"not_picked":["Clothesline","Second Wind","Infernal Blade","Heavy Blade"],"picked":"SKIP","floor":35},{"not_picked":["Madness","Flash of Steel","Dark Shackles"],"picked":"Master of Strategy","floor":37},{"not_picked":["Shrug It Off+1","Warcry","Anger","Thunderclap+1"],"picked":"SKIP","floor":38},{"not_picked":["Iron Wave","Armaments","Twin Strike+1","True Grit"],"picked":"SKIP","floor":39},{"not_picked":["Flame Barrier","Cleave","Pommel Strike"],"picked":"Corruption","floor":40},{"not_picked":["Hemokinesis+1","Body Slam","Twin Strike","Iron Wave"],"picked":"SKIP","floor":44},{"not_picked":["True Grit","Havoc","Carnage","Clothesline"],"picked":"SKIP","floor":47},{"not_picked":["Burning Pact","Rupture+1","Armaments","Cleave"],"picked":"SKIP","floor":48},{"not_picked":["Clothesline","Searing Blow","Sword Boomerang"],"picked":"Heavy Blade+1","floor":55}],"player_experience":1688796,"relics_obtained":[{"floor":6,"key":"StrikeDummy"},{"floor":9,"key":"Mummified Hand"},{"floor":11,"key":"Orichalcum"},{"floor":21,"key":"Shuriken"},{"floor":24,"key":"MealTicket"},{"floor":26,"key":"Bird Faced Urn"},{"floor":29,"key":"Question Card"},{"floor":36,"key":"Magic Flower"},{"floor":40,"key":"Lantern"},{"floor":44,"key":"Frozen Egg 2"},{"floor":47,"key":"Blue Candle"},{"floor":55,"key":"Letter Opener"}],"event_choices":[{"damage_healed":0,"gold_gain":0,"cards_transformed":["Strike_R"],"player_choice":"Change","damage_taken":0,"max_hp_gain":0,"max_hp_loss":0,"event_name":"Living Wall","floor":2,"gold_loss":0,"cards_obtained":["Disarm"]},{"damage_healed":0,"gold_gain":0,"player_choice":"Entered Light","damage_taken":23,"max_hp_gain":0,"max_hp_loss":0,"event_name":"Shining Light","floor":3,"gold_loss":0,"cards_upgraded":["Defend_R","Strike_R"]},{"damage_healed":0,"gold_gain":0,"player_choice":"Rummage","damage_taken":0,"relics_obtained":["WarpedTongs"],"max_hp_gain":0,"max_hp_loss":0,"event_name":"Accursed Blacksmith","floor":5,"gold_loss":0,"cards_obtained":["Pain"]},{"damage_healed":0,"gold_gain":0,"player_choice":"Shed Blood","damage_taken":26,"max_hp_gain":5,"max_hp_loss":0,"event_name":"Forgotten Altar","floor":19,"gold_loss":0},{"damage_healed":0,"gold_gain":0,"player_choice":"Ignored","damage_taken":0,"max_hp_gain":0,"max_hp_loss":0,"event_name":"Ghosts","floor":20,"gold_loss":0},{"damage_healed":0,"gold_gain":0,"player_choice":"Fight","damage_taken":0,"max_hp_gain":0,"max_hp_loss":0,"event_name":"Mysterious Sphere","floor":36,"gold_loss":0},{"damage_healed":0,"gold_gain":0,"player_choice":"Memory 3","damage_taken":10,"max_hp_gain":0,"max_hp_loss":0,"event_name":"SensoryStone","floor":37,"gold_loss":0},{"damage_healed":49,"gold_gain":0,"player_choice":"Heal","damage_taken":0,"max_hp_gain":0,"max_hp_loss":0,"event_name":"MindBloom","floor":41,"gold_loss":0,"cards_obtained":["Doubt"]},{"damage_healed":0,"gold_gain":0,"player_choice":"Max HP","damage_taken":0,"max_hp_gain":0,"max_hp_loss":4,"event_name":"Winding Halls","floor":46,"gold_loss":0}],"is_beta":false,"boss_relics":[{"not_picked":["Mark of Pain","Busted Crown"],"picked":"Snecko Eye"},{"not_picked":["Philosopher\u0027s Stone","Black Blood"],"picked":"Empty Cage"}],"items_purged_floors":[22,31],"is_endless":false,"potions_floor_spawned":[4,8,14,16,18,25,29,33,35,44,55],"killed_by":"The Heart","ascension_level":20}}