{"host":"ig7tc0uedzltt2sr","time":1609990257,"event":{"mods":["BaseMod","Better Twitch Integration","Block Reminder","Colored Map","Colored Powertips","Communication Mod","Current Relic Mod","GifTheSpireLib","HexUI Lib","Minty Spire (QoL Compilation)","Quick Restart","Random Character Button","Rare Cards Sparkle","Relic Sorter","Relic Stats","Slay the Relics Exporter","StSLib","SuperFastMode","Synergy Search","Twitch Decklist","Twitch Utils","everything is the same but u backflip on backflip","slay the spire mod where everything is the same but ironclad has a cowboy hat"],"gold_per_floor":[111,123,138,138,155,155,166,166,166,185,204,219,196,212,212,212,212],"floor_reached":16,"playtime":91,"items_purged":[],"score":98,"play_id":"a88124f6-0ef7-4d7c-8140-0ad02d0d00c8","local_time":"20210106193057","is_ascension_mode":false,"campfire_choices":[{"floor":6,"key":"REST"},{"data":"Strike_R","floor":8,"key":"SMITH"},{"data":"Burning Pact","floor":15,"key":"SMITH"}],"circlet_count":0,"master_deck":["Strike_R+1","Strike_R","Strike_R","Strike_R","Strike_R","Defend_R","Defend_R","Defend_R","Bash","Burning Pact+1","Havoc","Dropkick","Offering","Hemokinesis","Combust","Fiend Fire","Hemokinesis","Seeing Red","Havoc"],"relics":["Burning Blood","NeowsBlessing","Meat on the Bone"],"acts_visited":["Exordium"],"potions_floor_usage":[],"damage_taken":[{"damage":0,"enemies":"Small Slimes","floor":1,"turns":2},{"damage":0,"enemies":"Jaw Worm","floor":2,"turns":1},{"damage":0,"enemies":"Cultist","floor":3,"turns":1},{"damage":52,"enemies":"Exordium Thugs","floor":5,"turns":11},{"damage":19,"enemies":"Red Slaver","floor":7,"turns":4},{"damage":9,"enemies":"Looter","floor":10,"turns":2},{"damage":22,"enemies":"Exordium Thugs","floor":11,"turns":4},{"damage":12,"enemies":"Red Slaver","floor":12,"turns":3},{"damage":9,"enemies":"2 Fungi Beasts","floor":14,"turns":3},{"damage":71,"enemies":"The Guardian","floor":16,"turns":6}],"seed_played":"-6632721558157621352","potions_obtained":[{"floor":3,"key":"SpeedPotion"},{"floor":7,"key":"LiquidMemories"},{"floor":11,"key":"SkillPotion"},{"floor":12,"key":"CultistPotion"},{"floor":14,"key":"Energy Potion"}],"is_trial":false,"path_per_floor":["M","M","M","?","M","R","M","R","T","M","M","M","?","M","R","B"],"character_chosen":"IRONCLAD","items_purchased":[],"campfire_rested":1,"item_purchase_floors":[],"current_hp_per_floor":[80,80,80,80,34,58,45,45,45,54,50,56,56,53,53,0,0],"gold":212,"neow_bonus":"THREE_ENEMY_KILL","is_daily":false,"chose_seed":false,"campfire_upgraded":2,"win_rate":0.0,"timestamp":1609990257,"path_taken":["M","M","M","?","M","R","M","R","T","M","M","M","?","M","R","BOSS"],"items_purchased_type":[],"build_version":"2020-12-22","purchased_purges":0,"victory":false,"max_hp_per_floor":[80,80,80,80,80,80,80,80,80,80,80,80,80,80,80,80,80],"relic_stats":{"counters":[10,37],"obtain_stats":[{"NeowsBlessing":0,"Burning Blood":0,"Meat on the Bone":9},{"NeowsBlessing":0,"Burning Blood":0,"Meat on the Bone":5},{"NeowsBlessing":0,"Burning Blood":0,"Meat on the Bone":19}],"Burning Blood":36,"Meat on the Bone":36},"card_choices":[{"not_picked":["Headbutt","Clash"],"picked":"Burning Pact","floor":1},{"not_picked":["Clothesline","Headbutt"],"picked":"Havoc","floor":2},{"not_picked":["Iron Wave","Body Slam"],"picked":"Dropkick","floor":3},{"not_picked":["Infernal Blade","Iron Wave"],"picked":"Hemokinesis","floor":5},{"not_picked":["Sword Boomerang","Bloodletting"],"picked":"Combust","floor":7},{"not_picked":["Spot Weakness","Sword Boomerang"],"picked":"Fiend Fire","floor":10},{"not_picked":["Seeing Red","Sever Soul"],"picked":"Hemokinesis","floor":11},{"not_picked":["Pommel Strike","True Grit"],"picked":"Seeing Red","floor":12},{"not_picked":["Clash","Pommel Strike"],"picked":"Havoc","floor":14}],"player_experience":1443021,"relics_obtained":[{"floor":9,"key":"Meat on the Bone"}],"event_choices":[{"damage_healed":0,"gold_gain":0,"cards_transformed":["Defend_R"],"player_choice":"Change","damage_taken":0,"max_hp_gain":0,"max_hp_loss":0,"event_name":"Living Wall","floor":4,"gold_loss":0,"cards_obtained":["Offering"]},{"damage_healed":0,"gold_gain":0,"player_choice":"Left Gold","damage_taken":0,"max_hp_gain":0,"max_hp_loss":0,"event_name":"World of Goop","floor":13,"gold_loss":23}],"is_beta":false,"boss_relics":[],"items_purged_floors":[],"is_endless":false,"potions_floor_spawned":[3,7,11,12,14],"killed_by":"The Guardian","ascension_level":0}}