{"host":"2se5dq1do2gp0x9k","time":1609989582,"event":{"mods":["AchievementEnabler","BaseMod","Block Reminder","Colored Map","Colored Powertips","Minty Spire (QoL Compilation)","Relic Stats","StSLib","SuperFastMode"],"gold_per_floor":[110,110,127,140,140,165,165,176,200,200,228,278,289,317,317,389,389,407,457,472,88,101,76,95,95,176,207,207,52,86,98,98,172,172,192,217,217,228,228,254,264,290,290,306,334,345,0,18,18,18,18],"floor_reached":52,"playtime":2232,"items_purged":["Strike_B","Strike_B","Strike_B"],"score":2379,"play_id":"f6884dc8-5676-44aa-a897-49eaf7c3209f","local_time":"20210106191942","is_ascension_mode":true,"campfire_choices":[{"data":"Reprogram","floor":7.0,"key":"SMITH"},{"data":"Beam Cell","floor":15.0,"key":"SMITH"},{"data":"Sweeping Beam","floor":25.0,"key":"SMITH"},{"data":"Sweeping Beam","floor":28.0,"key":"SMITH"},{"data":"Leap","floor":32.0,"key":"SMITH"},{"data":"Apotheosis","floor":49,"key":"SMITH"}],"circlet_count":0,"master_deck":["AscendersBane","Strike_B+1","Defend_B","Sweeping Beam+1","Gash","Reprogram+1","Beam Cell+1","Sweeping Beam+1","Steam","Genetic Algorithm","All For One","Hyperbeam+1","Ball Lightning+1","Sweeping Beam","Dark Shackles","Leap","Sweeping Beam+1","Beam Cell","Steam","Reinforced Body+1","Leap+1","Buffer","Sunder+1","PanicButton","Secret Weapon","Forethought","Turbo+1","Gash","Core Surge","BootSequence+1","Apotheosis+1","Trip"],"relics":["Runic Pyramid","StrikeDummy","HornCleat","Whetstone","Blood Vial","Potion Belt","Astrolabe","Anchor","Mercury Hourglass","PreservedInsect","Happy Flower","Empty Cage","Bird Faced Urn","Smiling Mask","Lizard Tail","Strawberry","Shuriken"],"acts_visited":["Exordium","TheCity","TheBeyond"],"potions_floor_usage":[50,50,50],"damage_taken":[{"damage":2.0,"enemies":"Jaw Worm","floor":1.0,"turns":4.0},{"damage":1.0,"enemies":"Cultist","floor":3.0,"turns":3.0},{"damage":5.0,"enemies":"Small Slimes","floor":4.0,"turns":3.0},{"damage":8.0,"enemies":"Gremlin Nob","floor":6.0,"turns":3.0},{"damage":14.0,"enemies":"3 Louse","floor":8.0,"turns":3.0},{"damage":0.0,"enemies":"3 Sentries","floor":11.0,"turns":3.0},{"damage":0.0,"enemies":"Exordium Thugs","floor":13.0,"turns":3.0},{"damage":15.0,"enemies":"Lagavulin","floor":14.0,"turns":6.0},{"damage":19.0,"enemies":"Slime Boss","floor":16.0,"turns":13.0},{"damage":0.0,"enemies":"Chosen","floor":18.0,"turns":3.0},{"damage":10.0,"enemies":"Shell Parasite","floor":20.0,"turns":3.0},{"damage":0.0,"enemies":"Cultist and Chosen","floor":22.0,"turns":3.0},{"damage":8.0,"enemies":"Snake Plant","floor":24.0,"turns":4.0},{"damage":0.0,"enemies":"Gremlin Leader","floor":27.0,"turns":4.0},{"damage":0.0,"enemies":"Slavers","floor":30.0,"turns":1.0},{"damage":2.0,"enemies":"Sentry and Sphere","floor":31.0,"turns":5.0},{"damage":25.0,"enemies":"Collector","floor":33.0,"turns":7.0},{"damage":6.0,"enemies":"Orb Walker","floor":35.0,"turns":3.0},{"damage":0.0,"enemies":"Mind Bloom Boss Battle","floor":36.0,"turns":9.0},{"damage":0.0,"enemies":"3 Darklings","floor":38.0,"turns":3.0},{"damage":0.0,"enemies":"Nemesis","floor":40.0,"turns":7.0},{"damage":9.0,"enemies":"Transient","floor":41.0,"turns":6.0},{"damage":0.0,"enemies":"Reptomancer","floor":42.0,"turns":5.0},{"damage":0.0,"enemies":"Sphere and 2 Shapes","floor":44.0,"turns":6.0},{"damage":0.0,"enemies":"Nemesis","floor":45.0,"turns":5.0},{"damage":0.0,"enemies":"4 Shapes","floor":46.0,"turns":2.0},{"damage":0,"enemies":"Jaw Worm Horde","floor":48,"turns":4},{"damage":0,"enemies":"Donu and Deca","floor":50,"turns":10},{"damage":65,"enemies":"Time Eater","floor":51,"turns":11}],"seed_played":"1320807712042209188","potions_obtained":[{"floor":3.0,"key":"FearPotion"},{"floor":4.0,"key":"Weak Potion"},{"floor":6.0,"key":"EssenceOfDarkness"},{"floor":11.0,"key":"Weak Potion"},{"floor":20.0,"key":"Regen Potion"},{"floor":27.0,"key":"Ancient Potion"},{"floor":31.0,"key":"CultistPotion"},{"floor":35.0,"key":"SpeedPotion"},{"floor":38.0,"key":"BlessingOfTheForge"},{"floor":44.0,"key":"Swift Potion"},{"floor":46,"key":"EssenceOfSteel"},{"floor":48,"key":"DuplicationPotion"}],"is_trial":false,"path_per_floor":["M","?","M","M","T","E","R","M","T","?","E","?","M","E","R","B",null,"M","?","M","$","M","$","M","R","T","E","R","$","E","M","R","B",null,"M","?","?","M","?","E","M","E","T","M","E","M","$","M","R","B","B",null],"character_chosen":"DEFECT","items_purchased":["Sweeping Beam","Anchor","Dark Shackles","Sweeping Beam","Steam","Apotheosis","Trip"],"campfire_rested":0,"item_purchase_floors":[21,21,21,23,29,47,47],"current_hp_per_floor":[62,52,51,46,46,38,38,24,24,47,47,47,49,36,36,19,58,60,53,45,45,47,47,41,41,41,55,55,55,57,57,57,34,62,58,60,50,52,81,81,72,76,83,87,88,88,88,88,88,88,25],"gold":18,"neow_bonus":"BOSS_RELIC","is_daily":false,"chose_seed":false,"campfire_upgraded":6,"win_rate":0.0,"timestamp":1609989582,"path_taken":["M","?","M","?","?","E","R","M","T","?","E","?","?","E","R","BOSS","M","?","M","?","M","$","?","R","T","E","R","$","E","M","R","BOSS","M","?","?","M","?","E","M","E","T","M","E","?","$","M","R","BOSS","BOSS"],"items_purchased_type":["Card","Relic","Card","Card","Card","Card","Card"],"build_version":"2020-12-22","purchased_purges":3,"victory":true,"max_hp_per_floor":[71,71,71,71,71,71,71,71,71,71,71,71,71,71,71,71,71,71,71,71,71,71,71,71,71,71,71,71,71,71,71,71,71,71,71,71,71,71,81,81,81,81,88,88,88,88,88,88,88,88,88],"relic_stats":{"Blood Vial":33,"Lizard Tail":0,"Happy Flower":[27],"counters":[29,142],"Shuriken":[15],"Astrolabe":["Hyperbeam","Meteor Strike","Ball Lightning"],"Bird Faced Urn":[6],"PreservedInsect":219,"Whetstone":["Strike_B","Sweeping Beam"],"Smiling Mask":75,"obtain_stats":[{"Potion Belt":14,"Happy Flower":30,"Astrolabe":17,"PreservedInsect":27,"Whetstone":9,"Empty Cage":34,"Smiling Mask":40,"Mercury Hourglass":26,"Blood Vial":11,"Anchor":21,"Lizard Tail":42,"HornCleat":6,"Shuriken":45,"Bird Faced Urn":36,"Strawberry":43,"Cracked Core":0,"StrikeDummy":5,"Runic Pyramid":0},{"Potion Belt":8,"Happy Flower":15,"Astrolabe":9,"PreservedInsect":14,"Whetstone":5,"Empty Cage":17,"Smiling Mask":21,"Mercury Hourglass":13,"Blood Vial":6,"Anchor":11,"Lizard Tail":23,"HornCleat":4,"Shuriken":25,"Bird Faced Urn":19,"Strawberry":23,"Cracked Core":0,"StrikeDummy":3,"Runic Pyramid":0},{"Potion Belt":28,"Happy Flower":59,"Astrolabe":41,"PreservedInsect":58,"Whetstone":16,"Empty Cage":71,"Smiling Mask":93,"Mercury Hourglass":54,"Blood Vial":19,"Anchor":47,"Lizard Tail":104,"HornCleat":13,"Shuriken":115,"Bird Faced Urn":83,"Strawberry":104,"Cracked Core":0,"StrikeDummy":10,"Runic Pyramid":0}],"Mercury Hourglass":[296]},"card_choices":[{"not_picked":["Steam","Barrage"],"picked":"Sweeping Beam","floor":1.0},{"not_picked":["White Noise","Turbo"],"picked":"Gash","floor":3.0},{"not_picked":["Storm","Lockon"],"picked":"Reprogram","floor":4.0},{"not_picked":["Chill","Turbo"],"picked":"Beam Cell","floor":6.0},{"not_picked":["Melter","Compile Driver"],"picked":"Sweeping Beam","floor":8.0},{"not_picked":["Turbo","Self Repair"],"picked":"Steam","floor":11.0},{"not_picked":["Barrage","Coolheaded","Ball Lightning"],"picked":"SKIP","floor":13.0},{"not_picked":["Blizzard","Stack"],"picked":"Genetic Algorithm","floor":14.0},{"not_picked":["Electrodynamics","Fission"],"picked":"All For One","floor":16.0},{"not_picked":["Force Field","Redo","Storm"],"picked":"SKIP","floor":18.0},{"not_picked":["Capacitor","Tempest","Storm"],"picked":"SKIP","floor":20.0},{"not_picked":["Double Energy+1","Hello World"],"picked":"Leap","floor":22.0},{"not_picked":["Redo","Ball Lightning"],"picked":"Beam Cell","floor":24.0},{"not_picked":["Rebound","Stack","Chill"],"picked":"SKIP","floor":27.0},{"not_picked":["Defragment","Turbo"],"picked":"Reinforced Body+1","floor":30.0},{"not_picked":["Meteor Strike","Ball Lightning"],"picked":"Leap","floor":31.0},{"not_picked":["Creative AI","Core Surge"],"picked":"Buffer","floor":33.0},{"not_picked":["Conserve Battery","Sweeping Beam","Ball Lightning"],"picked":"SKIP","floor":35.0},{"not_picked":["Cold Snap","Ball Lightning"],"picked":"Sunder+1","floor":36.0},{"not_picked":["Discovery","Forethought"],"picked":"PanicButton","floor":37.0},{"not_picked":["Bandage Up","Magnetism"],"picked":"Secret Weapon","floor":37.0},{"not_picked":["Sadistic Nature","Mayhem"],"picked":"Forethought","floor":37.0},{"not_picked":["Tempest","Beam Cell+1"],"picked":"Turbo+1","floor":38.0},{"not_picked":["Go for the Eyes","Ball Lightning"],"picked":"Gash","floor":40.0},{"not_picked":["Barrage","Scrape"],"picked":"Core Surge","floor":41.0},{"not_picked":["White Noise","Doom and Gloom","Aggregate"],"picked":"SKIP","floor":42.0},{"not_picked":["Sweeping Beam","Rebound","Heatsinks"],"picked":"SKIP","floor":44.0},{"not_picked":["Coolheaded+1","Leap+1"],"picked":"BootSequence+1","floor":45.0},{"not_picked":["Static Discharge+1","Redo","Rebound"],"picked":"SKIP","floor":46},{"not_picked":["Stack+1","Rebound","Static Discharge"],"picked":"SKIP","floor":48}],"player_experience":3788641,"relics_obtained":[{"floor":5.0,"key":"StrikeDummy"},{"floor":6.0,"key":"HornCleat"},{"floor":9.0,"key":"Whetstone"},{"floor":11.0,"key":"Blood Vial"},{"floor":14.0,"key":"Potion Belt"},{"floor":26.0,"key":"Mercury Hourglass"},{"floor":27.0,"key":"PreservedInsect"},{"floor":30.0,"key":"Happy Flower"},{"floor":36.0,"key":"Bird Faced Urn"},{"floor":40.0,"key":"Smiling Mask"},{"floor":42.0,"key":"Lizard Tail"},{"floor":43.0,"key":"Strawberry"},{"floor":45.0,"key":"Shuriken"}],"event_choices":[{"damage_healed":0.0,"max_hp_gain":0.0,"max_hp_loss":0.0,"gold_gain":0.0,"event_name":"Wheel of Change","player_choice":"Damaged","floor":2.0,"gold_loss":0.0,"damage_taken":10.0},{"damage_healed":23.0,"max_hp_gain":0.0,"max_hp_loss":0.0,"gold_gain":0.0,"event_name":"Big Fish","player_choice":"Banana","floor":10.0,"gold_loss":0.0,"damage_taken":0.0},{"damage_healed":0.0,"max_hp_gain":0.0,"max_hp_loss":0.0,"gold_gain":50.0,"event_name":"Golden Shrine","player_choice":"Pray","floor":12.0,"gold_loss":0.0,"damage_taken":0.0},{"damage_healed":0.0,"max_hp_gain":0.0,"max_hp_loss":0.0,"gold_gain":50.0,"event_name":"FaceTrader","player_choice":"Touch","floor":19.0,"gold_loss":0.0,"damage_taken":7.0},{"damage_healed":0.0,"max_hp_gain":0.0,"max_hp_loss":0.0,"gold_gain":0.0,"event_name":"MindBloom","player_choice":"Fight","floor":36.0,"gold_loss":0.0,"damage_taken":0.0},{"damage_healed":0.0,"max_hp_gain":0.0,"max_hp_loss":0.0,"gold_gain":0.0,"event_name":"SensoryStone","player_choice":"Memory 3","floor":37.0,"gold_loss":0.0,"damage_taken":10.0},{"cards_removed":["Meteor Strike"],"damage_healed":19.0,"max_hp_gain":10.0,"max_hp_loss":0.0,"gold_gain":0.0,"event_name":"Bonfire Elementals","player_choice":"Offered Rare","floor":39.0,"gold_loss":0.0,"damage_taken":0.0}],"is_beta":false,"boss_relics":[{"not_picked":["Velvet Choker","Pandora\u0027s Box"],"picked":"Astrolabe"},{"not_picked":["Nuclear Battery","Coffee Dripper"],"picked":"Empty Cage"}],"items_purged_floors":[21,29,47],"is_endless":false,"potions_floor_spawned":[3,4,6,11,20,27,31,35,38,44,46,48],"ascension_level":20}}