{"host":"zflsh8k62z0aeokr","time":1609978802,"event":{"mods":["AchievementEnabler","BaseMod","Downfall","HololiveMod","Marisa????????","Minty Spire (QoL Compilation)","StSLib","The Animator","The Mystic","The Saiyan","The Servant 0.9.4"],"gold_per_floor":[99,115,115,115,215,76,100,120,135,151,55,55,55,55,55],"floor_reached":13,"playtime":2791,"items_purged":[],"score":73,"play_id":"5c4263d6-69da-47c0-9110-ac7330ff87b4","local_time":"20210106192002","is_ascension_mode":false,"campfire_choices":[{"floor":1,"key":"RECALL"}],"circlet_count":0,"master_deck":["Slimebound:Strike_Slimebound","Slimebound:Strike_Slimebound","Slimebound:Tackle","Slimebound:Defend_Slimebound","Slimebound:Defend_Slimebound","Slimebound:Defend_Slimebound","Slimebound:Defend_Slimebound","Slimebound:Split","Slimebound:CorrosiveSpit","Slimebound:LeechingTouch","Slimebound:SpikyOuterGoop","expansioncontent:DonusPower+1","Slimebound:ProtectTheBoss","Slimebound:ComboTackle","Slimebound:GrowthPunch","Slimebound:RallyTheTroops","Slimebound:GoopSpray+1","Slimebound:LevelUp","Slimebound:ItLooksTasty"],"relics":["Slimebound:AbsorbEndCombat","Slimebound:GreedOozeRelic","Toxic Egg 2"],"acts_visited":["Exordium"],"potions_floor_usage":[11,13],"damage_taken":[{"damage":10,"enemies":"Small Slimes","floor":2,"turns":3},{"damage":9,"enemies":"downfall:FleeingMerchant","floor":6,"turns":4},{"damage":18,"enemies":"Jaw Worm","floor":8,"turns":4},{"damage":3,"enemies":"2 Louse","floor":9,"turns":2},{"damage":27,"enemies":"Gremlin Gang","floor":10,"turns":5},{"damage":17,"enemies":"downfall:FleeingMerchant","floor":11,"turns":4},{"damage":30,"enemies":"3 Sentries","floor":13,"turns":3}],"seed_played":"-4716652499140509913","potions_obtained":[{"floor":9,"key":"Swift Potion"},{"floor":10,"key":"sneckomod:MuddlingPotion"}],"is_trial":false,"path_per_floor":["R","M","?","?","?","$","T","M","M","M","$","?","E"],"character_chosen":"SLIMEBOUND","items_purchased":["expansioncontent:DonusPower+1","Slimebound:ProtectTheBoss","Slimebound:LevelUp"],"campfire_rested":0,"item_purchase_floors":[6,6,11],"current_hp_per_floor":[66,63,63,60,60,59,59,49,52,33,26,26,0,0,0],"gold":55,"neow_bonus":"TEN_PERCENT_HP_BONUS","is_daily":false,"chose_seed":false,"campfire_upgraded":0,"win_rate":0.0,"timestamp":1609978802,"path_taken":["R","M","?","?","?","$","T","?","M","M","$","?","E"],"items_purchased_type":["Card","Card","Card"],"build_version":"2020-12-22","purchased_purges":0,"victory":false,"max_hp_per_floor":[66,66,66,66,66,66,66,66,66,66,66,66,66,66,66],"card_choices":[{"not_picked":["Slimebound:Grow","Slimebound:Schlurp"],"picked":"Slimebound:LeechingTouch","floor":2},{"not_picked":["Slimebound:SelfFormingGoo","Slimebound:SplitAcid+1"],"picked":"Slimebound:SpikyOuterGoop","floor":6},{"not_picked":["Slimebound:RainOfGoop+1","Slimebound:SplitBruiser+1"],"picked":"Slimebound:ComboTackle","floor":8},{"not_picked":["Slimebound:SplitAcid+1","Slimebound:PressTheAttack"],"picked":"Slimebound:GrowthPunch","floor":9},{"not_picked":["Slimebound:FlameTackle","Slimebound:ForwardTackle"],"picked":"Slimebound:RallyTheTroops","floor":10},{"not_picked":["Slimebound:LeechingTouch","Slimebound:SplitAcid+1"],"picked":"Slimebound:GoopSpray+1","floor":11}],"player_experience":8812,"relics_obtained":[],"event_choices":[{"damage_healed":0,"gold_gain":0,"player_choice":"Success","damage_taken":3,"relics_obtained":["Toxic Egg 2"],"max_hp_gain":0,"max_hp_loss":0,"event_name":"Scrap Ooze","floor":4,"gold_loss":0},{"damage_healed":0,"gold_gain":0,"cards_transformed":["Slimebound:Strike_Slimebound"],"player_choice":"Transformed","damage_taken":0,"max_hp_gain":0,"max_hp_loss":0,"event_name":"Transmorgrifier","floor":12,"gold_loss":0,"cards_obtained":["Slimebound:ItLooksTasty"]}],"is_beta":false,"boss_relics":[],"items_purged_floors":[],"is_endless":false,"potions_floor_spawned":[9,10],"killed_by":"3 Sentries","ascension_level":0}}