{"host":"sav7uxregyirlf69","time":1609982483,"event":{"mods":["AchievementEnabler","BaseMod","Colored Map","DeckTracker","Keyboard Shortcuts","Minty Spire (QoL Compilation)","READ ME - Guardian Mod","StSLib","SuperFastMode"],"gold_per_floor":[118,137,212,137,137,137,171,171,171,171,171,171,171],"floor_reached":12,"playtime":164,"items_purged":["Defend_G"],"score":148,"play_id":"d7b04bf7-25c8-4b68-a7de-d9c3bf0df36e","local_time":"20210107102123","is_ascension_mode":true,"campfire_choices":[{"data":"Neutralize","floor":6,"key":"SMITH"},{"floor":8,"key":"REST"},{"data":"Dash","floor":10,"key":"SMITH"}],"circlet_count":0,"master_deck":["AscendersBane","Strike_G","Strike_G","Strike_G","Defend_G","Defend_G","Defend_G","Defend_G","Survivor","Neutralize+1","Well Laid Plans","Dash+1","Reflex"],"relics":["Ring of the Snake","MealTicket","The Courier"],"acts_visited":["Exordium"],"potions_floor_usage":[],"damage_taken":[{"damage":0,"enemies":"2 Louse","floor":1,"turns":3},{"damage":5,"enemies":"Jaw Worm","floor":2,"turns":6},{"damage":35,"enemies":"Lagavulin","floor":7,"turns":10},{"damage":37,"enemies":"Gremlin Nob","floor":12,"turns":6}],"seed_played":"-2222917952217555599","potions_obtained":[],"is_trial":false,"path_per_floor":["M","M","?","$","?","R","E","R","T","R","?","E"],"character_chosen":"THE_SILENT","items_purchased":[],"campfire_rested":1,"item_purchase_floors":[],"current_hp_per_floor":[59,54,43,43,43,43,8,27,27,27,27,0,0],"gold":171,"neow_bonus":"REMOVE_CARD","is_daily":false,"chose_seed":false,"campfire_upgraded":2,"win_rate":0.0,"timestamp":1609982483,"path_taken":["M","M","?","$","?","R","E","R","T","R","?","E"],"items_purchased_type":[],"build_version":"2020-12-22","purchased_purges":1,"victory":false,"max_hp_per_floor":[66,66,66,66,66,66,66,66,66,66,66,66,66],"card_choices":[{"not_picked":["Outmaneuver","Prepared"],"picked":"Well Laid Plans","floor":1},{"not_picked":["Noxious Fumes","Sucker Punch"],"picked":"Dash","floor":2},{"not_picked":["Endless Agony","Acrobatics"],"picked":"Reflex","floor":7}],"player_experience":1165485,"relics_obtained":[{"floor":7,"key":"MealTicket"},{"floor":9,"key":"The Courier"}],"event_choices":[{"damage_healed":0,"gold_gain":75,"player_choice":"Gather Gold","damage_taken":11,"max_hp_gain":0,"max_hp_loss":0,"event_name":"World of Goop","floor":3,"gold_loss":0},{"damage_healed":0,"gold_gain":0,"player_choice":"Ignored","damage_taken":0,"max_hp_gain":0,"max_hp_loss":0,"event_name":"Liars Game","floor":5,"gold_loss":0},{"cards_removed":["Strike_G"],"damage_healed":0,"gold_gain":0,"player_choice":"Purged","damage_taken":0,"max_hp_gain":0,"max_hp_loss":0,"event_name":"Purifier","floor":11,"gold_loss":0}],"is_beta":false,"boss_relics":[],"items_purged_floors":[4],"is_endless":false,"potions_floor_spawned":[],"killed_by":"Gremlin Nob","ascension_level":20}}