{"host":"q387i5o1hp66091u","time":1609997351,"event":{"mods":["2.2 Compatiblity","BaseMod","Minty Spire (QoL Compilation)","Rare Cards Sparkle"],"gold_per_floor":[114,129,144,159,174,204,204,234,259,274,274,449,464,494,494,594,594,609,609,377,392,407,407,437,437,437,476,491,506,545,574,574,683,683,698,713,560,575,590,590,929,929,929,929,706,745,760,775,775,775],"floor_reached":51,"playtime":3334,"items_purged":["Doubt"],"score":941,"play_id":"7fb6b831-2e61-4970-8560-4f6c1c1e0860","local_time":"20210107142911","daily_mods":["SealedDeck","Vintage","Lethality"],"is_ascension_mode":false,"campfire_choices":[{"data":"Nirvana","floor":7,"key":"SMITH"},{"data":"Wireheading","floor":11,"key":"SMITH"},{"data":"SashWhip","floor":15,"key":"SMITH"},{"data":"Nirvana","floor":23,"key":"SMITH"},{"data":"SashWhip","floor":25,"key":"SMITH"},{"data":"Conclude","floor":32,"key":"SMITH"},{"data":"TalkToTheHand","floor":40,"key":"SMITH"},{"data":"Prostrate","floor":42,"key":"SMITH"},{"data":"Prostrate","floor":44,"key":"SMITH"},{"data":"Wallop","floor":49,"key":"SMITH"}],"circlet_count":0,"master_deck":["Protect","SashWhip+1","SashWhip+1","JustLucky+1","CutThroughFate+1","Wireheading+1","Nirvana+1","Prostrate+1","Prostrate+1","Conclude+1","CutThroughFate+1","DeceiveReality+1","Halt+1","Alpha+1","Nirvana+1","Finesse+1","FlyingSleeves","Collect+1","Protect+1","LessonLearned","ThirdEye+1","Prostrate+1","TalkToTheHand+1","Flash of Steel","Evaluate+1","Devotion+1","Wallop+1","InnerPeace+1"],"relics":["PureWater","TeardropLocket","Shuriken","Bronze Scales","Matryoshka","Mercury Hourglass","Vajra","Toxic Egg 2","MealTicket","Potion Belt","Meat on the Bone","Incense Burner","Happy Flower","Busted Crown","Mummified Hand","Anchor","Blood Vial","Question Card","Smiling Mask","CeramicFish","The Courier","HornCleat","Lizard Tail","Pen Nib","Red Mask","SlaversCollar","Ornamental Fan","Bottled Tornado","Pear","Frozen Egg 2","Old Coin","Yang","Whetstone","Bottled Lightning","Dream Catcher"],"acts_visited":["Exordium","TheCity","TheBeyond"],"potions_floor_usage":[41,41],"damage_taken":[{"damage":6,"enemies":"Jaw Worm","floor":1,"turns":2},{"damage":0,"enemies":"2 Louse","floor":2,"turns":2},{"damage":0,"enemies":"Cultist","floor":3,"turns":2},{"damage":7,"enemies":"Looter","floor":4,"turns":2},{"damage":3,"enemies":"Large Slime","floor":5,"turns":4},{"damage":1,"enemies":"Gremlin Nob","floor":6,"turns":3},{"damage":2,"enemies":"3 Sentries","floor":8,"turns":3},{"damage":0,"enemies":"Gremlin Gang","floor":10,"turns":1},{"damage":0,"enemies":"3 Louse","floor":13,"turns":2},{"damage":0,"enemies":"Gremlin Nob","floor":14,"turns":3},{"damage":22,"enemies":"Hexaghost","floor":16,"turns":7},{"damage":0,"enemies":"Chosen","floor":18,"turns":4},{"damage":0,"enemies":"Spheric Guardian","floor":21,"turns":3},{"damage":3,"enemies":"Centurion and Healer","floor":22,"turns":3},{"damage":10,"enemies":"Gremlin Leader","floor":24,"turns":4},{"damage":15,"enemies":"Slavers","floor":27,"turns":3},{"damage":0,"enemies":"Snecko","floor":28,"turns":4},{"damage":0,"enemies":"Sentry and Sphere","floor":29,"turns":3},{"damage":2,"enemies":"Book of Stabbing","floor":30,"turns":4},{"damage":0,"enemies":"Masked Bandits","floor":31,"turns":2},{"damage":0,"enemies":"Automaton","floor":33,"turns":7},{"damage":0,"enemies":"Orb Walker","floor":35,"turns":3},{"damage":0,"enemies":"3 Darklings","floor":36,"turns":2},{"damage":0,"enemies":"Maw","floor":38,"turns":6},{"damage":0,"enemies":"4 Shapes","floor":39,"turns":3},{"damage":12,"enemies":"Reptomancer","floor":41,"turns":5},{"damage":0,"enemies":"Giant Head","floor":46,"turns":6},{"damage":0,"enemies":"Sphere and 2 Shapes","floor":47,"turns":4},{"damage":0,"enemies":"3 Darklings","floor":48,"turns":4},{"damage":15,"enemies":"Time Eater","floor":50,"turns":9}],"seed_played":"8350349167999303424","potions_obtained":[{"floor":2,"key":"BlessingOfTheForge"},{"floor":6,"key":"FearPotion"},{"floor":10,"key":"FairyPotion"},{"floor":14,"key":"DuplicationPotion"},{"floor":18,"key":"StancePotion"},{"floor":28,"key":"LiquidMemories"},{"floor":29,"key":"BlessingOfTheForge"},{"floor":39,"key":"Block Potion"},{"floor":46,"key":"SkillPotion"}],"is_trial":false,"path_per_floor":["M","M","M","M","M","E","R","E","T","M","R","?","M","E","R","B",null,"M","?","$","M","M","R","E","R","T","E","M","M","E","?","R","B",null,"M","M","$","M","M","R","E","R","T","R","$","E","M","M","R","B",null],"character_chosen":"WATCHER","items_purchased":["Nirvana","Finesse+1","ThirdEye+1","Prostrate+1","TalkToTheHand","Flash of Steel","Devotion+1","EntropicBrew","Block Potion","Wallop"],"campfire_rested":0,"item_purchase_floors":[20,20,37,37,37,37,45,45,45,45],"current_hp_per_floor":[66,66,66,59,56,55,55,53,53,53,53,53,53,53,53,43,72,72,72,72,72,69,69,61,61,61,48,50,52,52,54,54,56,72,72,72,72,82,82,82,70,70,70,70,82,82,82,82,82,67],"gold":775,"neow_bonus":"","is_daily":true,"chose_seed":false,"campfire_upgraded":10,"win_rate":0.0,"timestamp":1609997351,"path_taken":["M","M","M","M","M","E","R","E","T","M","R","?","M","E","R","BOSS","M","?","$","M","M","R","E","R","T","E","M","M","E","?","R","BOSS","M","M","$","M","M","R","E","R","T","R","$","E","M","M","R","BOSS"],"items_purchased_type":["Card","Card","Card","Card","Card","Card","Card","Potion","Potion","Card"],"build_version":"2020-12-22","purchased_purges":1,"victory":true,"max_hp_per_floor":[72,72,72,72,72,72,72,72,72,72,72,72,72,72,72,72,72,72,72,72,72,72,72,72,72,72,72,72,72,72,72,72,72,72,72,72,72,82,82,82,82,82,82,82,82,82,82,82,82,82],"card_choices":[{"not_picked":["EmptyFist","Adaptation"],"picked":"CutThroughFate","floor":6},{"not_picked":["PathToVictory+1","FearNoEvil"],"picked":"DeceiveReality+1","floor":8},{"not_picked":["Swivel+1","EmptyBody+1"],"picked":"Halt+1","floor":14},{"not_picked":["Establishment","DeusExMachina+1"],"picked":"Alpha+1","floor":16},{"not_picked":["Blasphemy+1"],"picked":"SKIP","floor":24},{"not_picked":["PathToVictory+1"],"picked":"FlyingSleeves","floor":27},{"not_picked":["Crescendo+1"],"picked":"Collect+1","floor":30},{"not_picked":["EmptyBody+1"],"picked":"Protect+1","floor":31},{"not_picked":["Ragnarok"],"picked":"LessonLearned","floor":33},{"not_picked":["Conclude+1"],"picked":"Evaluate+1","floor":41},{"not_picked":["ClearTheMind+1"],"picked":"InnerPeace+1","floor":46}],"player_experience":578820,"relics_obtained":[{"floor":1,"key":"TeardropLocket"},{"floor":2,"key":"Shuriken"},{"floor":3,"key":"Bronze Scales"},{"floor":4,"key":"Matryoshka"},{"floor":5,"key":"Mercury Hourglass"},{"floor":6,"key":"Vajra"},{"floor":8,"key":"Toxic Egg 2"},{"floor":9,"key":"MealTicket"},{"floor":9,"key":"Potion Belt"},{"floor":10,"key":"Meat on the Bone"},{"floor":13,"key":"Incense Burner"},{"floor":14,"key":"Happy Flower"},{"floor":18,"key":"Mummified Hand"},{"floor":21,"key":"Anchor"},{"floor":22,"key":"Blood Vial"},{"floor":24,"key":"Question Card"},{"floor":26,"key":"Smiling Mask"},{"floor":26,"key":"CeramicFish"},{"floor":27,"key":"The Courier"},{"floor":28,"key":"HornCleat"},{"floor":29,"key":"Lizard Tail"},{"floor":30,"key":"Pen Nib"},{"floor":31,"key":"Red Mask"},{"floor":35,"key":"Ornamental Fan"},{"floor":36,"key":"Bottled Tornado"},{"floor":38,"key":"Pear"},{"floor":39,"key":"Frozen Egg 2"},{"floor":41,"key":"Old Coin"},{"floor":43,"key":"Yang"},{"floor":46,"key":"Whetstone"},{"floor":47,"key":"Bottled Lightning"},{"floor":48,"key":"Dream Catcher"}],"event_choices":[{"damage_healed":0,"gold_gain":175,"player_choice":"AGREE","damage_taken":0,"max_hp_gain":0,"max_hp_loss":0,"event_name":"Liars Game","floor":12,"gold_loss":0,"cards_obtained":["Doubt"]},{"damage_healed":0,"gold_gain":0,"player_choice":"Ignored","damage_taken":0,"max_hp_gain":0,"max_hp_loss":0,"event_name":"Ghosts","floor":19,"gold_loss":0},{"damage_healed":0,"gold_gain":0,"player_choice":"Fought Bandits","damage_taken":0,"max_hp_gain":0,"max_hp_loss":0,"event_name":"Masked Bandits","floor":31,"gold_loss":0}],"is_beta":false,"boss_relics":[{"not_picked":["Philosopher\u0027s Stone","Sozu"],"picked":"Busted Crown"},{"not_picked":["Velvet Choker","VioletLotus"],"picked":"SlaversCollar"}],"items_purged_floors":[20],"is_endless":false,"potions_floor_spawned":[2,6,10,14,18,28,29,30,31,36,39,46],"ascension_level":0}}