{"host":"kdlz4xtsumv7xd79","time":1609980329,"event":{"mods":["BaseMod","Hermit","Hubris","Marisa????????","Minty Spire (QoL Compilation)","Remilia??????","Replay The Spire","StSLib","The Marked","The Mystic","The Senshi","The Servant 0.9.4","The Wild Card","Yuri Mod"],"gold_per_floor":[211,19,37,48,48,62,62,97,123,154,154,154,154,167,167,262,262,282,295,142,242,262,262,262],"floor_reached":23,"playtime":1499,"items_purged":["Defend_RM","Strike_RM"],"score":201,"play_id":"ad0c4ef8-eb12-4f20-b74a-02cf2e835f71","local_time":"20210106184529","is_ascension_mode":false,"campfire_choices":[{"floor":7,"key":"REST"},{"floor":11,"key":"REST"},{"data":"ScarletDream","floor":13,"key":"SMITH"}],"circlet_count":0,"master_deck":["Strike_RM","Strike_RM","Strike_RM","Defend_RM","Defend_RM","Defend_RM","RedMoon","ScarletShoot+1","SuperhumanBloodyKnife","GlobalNightmare","BloodHunter+1","StarOfDavid","VampireKiss","ScarletDream+1","BloodyCatastrophe","AfternoonTea","ScarletDevil+1","QueenOfMidnight","NightDance+1","MastersStateliness","ScarletImprint","ScarletImprint+1"],"relics":["ScarletHat","hubris:GlazedTorus","Boot","hubris:Potato","Black Star"],"acts_visited":["Exordium","TheCity"],"potions_floor_usage":[23,23,23],"damage_taken":[{"damage":0,"enemies":"2 Louse","floor":1,"turns":4},{"damage":1,"enemies":"Small Slimes","floor":3,"turns":5},{"damage":0,"enemies":"Cultist","floor":4,"turns":4},{"damage":6,"enemies":"Looter","floor":6,"turns":2},{"damage":17,"enemies":"Lagavulin","floor":8,"turns":8},{"damage":17,"enemies":"Gremlin Nob","floor":10,"turns":4},{"damage":10,"enemies":"Gremlin Gang","floor":14,"turns":4},{"damage":4,"enemies":"Slime Boss","floor":16,"turns":6},{"damage":0,"enemies":"Spheric Guardian","floor":18,"turns":3},{"damage":5,"enemies":"Chosen","floor":19,"turns":2},{"damage":21,"enemies":"Snake Plant","floor":22,"turns":4},{"damage":67,"enemies":"Gremlin Leader","floor":23,"turns":4}],"seed_played":"53669744675850479","potions_obtained":[{"floor":1,"key":"Dexterity Potion"},{"floor":4,"key":"Cursed Concoction"},{"floor":6,"key":"BlessingOfTheForge"}],"is_trial":false,"path_per_floor":["M","$","M","M","?","M","R","E","T","E","R","$","R","M","R","B",null,"M","M","$","?","M","E"],"character_chosen":"REMILIA","items_purchased":["GlobalNightmare","BloodHunter","ScarletImprint"],"campfire_rested":2,"item_purchase_floors":[2,2,20],"current_hp_per_floor":[75,75,74,75,60,61,75,68,68,52,74,74,74,64,75,72,75,75,75,75,75,58,0,0],"gold":262,"neow_bonus":"HUNDRED_GOLD","is_daily":false,"chose_seed":false,"campfire_upgraded":1,"win_rate":0.0,"timestamp":1609980329,"path_taken":["M","$","M","M","?","M","R","E","T","E","R","$","R","M","R","BOSS","M","M","$","?","M","E"],"items_purchased_type":["Card","Card","Card"],"build_version":"2020-12-22","purchased_purges":2,"victory":false,"max_hp_per_floor":[75,75,75,75,75,75,75,75,75,75,75,75,75,75,75,75,75,75,75,75,75,75,75,75],"card_choices":[{"not_picked":["Septette","StarOfDavid"],"picked":"SuperhumanBloodyKnife","floor":1},{"not_picked":["DiffusionOfMisfortune","BombardNight"],"picked":"StarOfDavid","floor":3},{"not_picked":["BloodAndWine","UnstableMagic"],"picked":"VampireKiss","floor":4},{"not_picked":["VampireFantasy","BloodHunter"],"picked":"ScarletDream","floor":6},{"not_picked":["EndlessAdversity","BloodHunter"],"picked":"BloodyCatastrophe","floor":8},{"not_picked":["EndlessAdversity","TwelveNightmare"],"picked":"AfternoonTea","floor":10},{"not_picked":["VampirishNight","Stigmanizer"],"picked":"ScarletDevil","floor":14},{"not_picked":["EquivalentExchange","HellCatastrophe"],"picked":"QueenOfMidnight","floor":16},{"not_picked":["EndlessAdversity+1","ScarletDevil+1"],"picked":"NightDance+1","floor":18},{"not_picked":["RedRainbow","ScarletCoffin"],"picked":"MastersStateliness","floor":19},{"not_picked":["RedRainbow","MastersStateliness+1"],"picked":"ScarletImprint+1","floor":22}],"player_experience":179456,"relics_obtained":[{"floor":8,"key":"hubris:GlazedTorus"},{"floor":9,"key":"Boot"},{"floor":10,"key":"hubris:Potato"}],"event_choices":[{"damage_healed":0,"gold_gain":0,"player_choice":"Entered Light","damage_taken":15,"max_hp_gain":0,"max_hp_loss":0,"event_name":"Shining Light","floor":5,"gold_loss":0,"cards_upgraded":["BloodHunter","ScarletShoot"]},{"damage_healed":0,"gold_gain":100,"player_choice":"Pray","damage_taken":0,"max_hp_gain":0,"max_hp_loss":0,"event_name":"Golden Shrine","floor":21,"gold_loss":0}],"is_beta":false,"boss_relics":[{"not_picked":["Empty Cage","Busted Crown"],"picked":"Black Star"}],"items_purged_floors":[2,20],"is_endless":false,"potions_floor_spawned":[1,4,6,19],"killed_by":"Gremlin Leader","ascension_level":0}}