{"host":"ozvy9c5r52m8pnda","time":1609982813,"event":{"mods":["AchievementEnabler","BaseMod","Colored Map","Colored Powertips","Minty Spire (QoL Compilation)","SuperFastMode"],"gold_per_floor":[112,129,204,132,152,152,172,17,17,17,33,52,52,70,70,193,193,188,212,212,212,227,227,251,251,251],"floor_reached":25,"playtime":1219,"items_purged":["Strike_R"],"score":217,"play_id":"3c95dfda-2fc8-4e58-b195-559791ce2984","local_time":"20210107082653","is_ascension_mode":true,"campfire_choices":[{"data":"Body Slam","floor":6,"key":"SMITH"},{"floor":15,"key":"REST"},{"floor":23,"key":"REST"}],"circlet_count":0,"master_deck":["Strike_R","Strike_R","Strike_R","Defend_R","Defend_R","Defend_R","Defend_R","Bash","Body Slam+1","Seeing Red","Ghostly Armor","Iron Wave","Barricade","Injury","Exhume","Armaments","Armaments","CurseOfTheBell","Entrench+1","Body Slam+1"],"relics":["Burning Blood","Red Skull","Golden Idol","Calling Bell","Orichalcum","HornCleat","Ice Cream","MutagenicStrength"],"acts_visited":["Exordium","TheCity"],"potions_floor_usage":[12,16,16,18,19,24],"damage_taken":[{"damage":14,"enemies":"2 Louse","floor":1,"turns":3},{"damage":10,"enemies":"Small Slimes","floor":2,"turns":4},{"damage":2,"enemies":"Jaw Worm","floor":5,"turns":3},{"damage":61,"enemies":"Exordium Wildlife","floor":7,"turns":9},{"damage":9,"enemies":"3 Louse","floor":11,"turns":4},{"damage":0,"enemies":"Large Slime","floor":12,"turns":4},{"damage":2,"enemies":"Looter","floor":14,"turns":3},{"damage":7,"enemies":"Slime Boss","floor":16,"turns":16},{"damage":0,"enemies":"2 Thieves","floor":18,"turns":4},{"damage":37,"enemies":"Chosen","floor":19,"turns":12},{"damage":55,"enemies":"Shelled Parasite and Fungi","floor":22,"turns":11},{"damage":13,"enemies":"Centurion and Healer","floor":24,"turns":6},{"damage":35,"enemies":"Masked Bandits","floor":25,"turns":5}],"seed_played":"-2299753710931141000","potions_obtained":[{"floor":11,"key":"Explosive Potion"},{"floor":12,"key":"EssenceOfSteel"},{"floor":14,"key":"Block Potion"},{"floor":16,"key":"Block Potion"},{"floor":18,"key":"Dexterity Potion"},{"floor":22,"key":"Explosive Potion"}],"is_trial":false,"path_per_floor":["M","M","?","$","M","R","M","$","T","?","M","M","$","M","R","B",null,"M","M","?","?","M","R","M","?"],"character_chosen":"IRONCLAD","items_purchased":["Ghostly Armor","Barricade"],"campfire_rested":2,"item_purchase_floors":[4,8],"current_hp_per_floor":[80,76,65,65,69,69,14,14,14,14,11,17,17,21,47,46,88,88,57,57,57,8,34,27,0,0],"gold":251,"neow_bonus":"TEN_PERCENT_HP_BONUS","is_daily":false,"chose_seed":false,"campfire_upgraded":1,"win_rate":0.0,"timestamp":1609982813,"path_taken":["M","M","?","$","M","R","M","$","T","?","M","M","?","M","R","BOSS","M","M","?","?","M","R","M","?"],"items_purchased_type":["Card","Card"],"build_version":"2020-12-22","purchased_purges":1,"victory":false,"max_hp_per_floor":[88,88,88,88,88,88,88,88,88,88,88,88,88,88,88,88,88,88,88,88,88,88,88,88,88,88],"card_choices":[{"not_picked":["Cleave","Shockwave"],"picked":"Body Slam","floor":1},{"not_picked":["Sword Boomerang","Shockwave"],"picked":"Seeing Red","floor":2},{"not_picked":["Pummel","Wild Strike","Body Slam"],"picked":"SKIP","floor":5},{"not_picked":["Infernal Blade","Anger"],"picked":"Iron Wave","floor":7},{"not_picked":["Inflame","Headbutt"],"picked":"Exhume","floor":11},{"not_picked":["True Grit","Headbutt"],"picked":"Armaments","floor":12},{"not_picked":["Second Wind","Combust"],"picked":"Armaments","floor":14},{"not_picked":["Sever Soul","Clash","Dual Wield+1"],"picked":"SKIP","floor":18},{"not_picked":["Flex","Wild Strike"],"picked":"Entrench+1","floor":19},{"not_picked":["Thunderclap+1","Warcry"],"picked":"Body Slam+1","floor":22},{"not_picked":["True Grit","Searing Blow","Warcry"],"picked":"SKIP","floor":24}],"player_experience":203266,"relics_obtained":[{"floor":9,"key":"Red Skull"},{"floor":17,"key":"Orichalcum"},{"floor":17,"key":"HornCleat"},{"floor":17,"key":"Ice Cream"}],"event_choices":[{"damage_healed":0,"gold_gain":75,"player_choice":"Gather Gold","damage_taken":11,"max_hp_gain":0,"max_hp_loss":0,"event_name":"World of Goop","floor":3,"gold_loss":0},{"damage_healed":0,"gold_gain":0,"player_choice":"Take Wound","damage_taken":0,"relics_obtained":["Golden Idol"],"max_hp_gain":0,"max_hp_loss":0,"event_name":"Golden Idol","floor":10,"gold_loss":0,"cards_obtained":["Injury"]},{"cards_removed":["Strike_R"],"damage_healed":0,"gold_gain":0,"player_choice":"Elegance","damage_taken":0,"max_hp_gain":0,"max_hp_loss":0,"event_name":"Back to Basics","floor":20,"gold_loss":0},{"damage_healed":0,"gold_gain":0,"player_choice":"Inject Mutagens","damage_taken":0,"relics_obtained":["MutagenicStrength"],"max_hp_gain":0,"max_hp_loss":0,"event_name":"Drug Dealer","floor":21,"gold_loss":0},{"damage_healed":0,"gold_gain":0,"player_choice":"Fought Bandits","damage_taken":0,"max_hp_gain":0,"max_hp_loss":0,"event_name":"Masked Bandits","floor":25,"gold_loss":0}],"is_beta":false,"boss_relics":[{"not_picked":["Snecko Eye","Fusion Hammer"],"picked":"Calling Bell"}],"items_purged_floors":[8],"is_endless":false,"potions_floor_spawned":[11,12,14,16,18,22],"killed_by":"Masked Bandits","ascension_level":2}}