{"host":"cijhj3091wf4aho3","time":1609988243,"event":{"mods":["BaseMod","Colored Map","Colored Powertips","Downfall","Friendly Minions","GifTheSpireLib","Highlight Path","Minty Spire (QoL Compilation)","Permanent Neow","Random Character Button","Relic Sorter","Relic Stats","StSLib","everything is the same but u backflip on backflip","slay the spire mod where everything is the same but ironclad has a cowboy hat"],"gold_per_floor":[99,113,125,400,414,426,426,426,426,426],"floor_reached":8,"playtime":281,"items_purged":[],"score":72,"play_id":"5f84fe1d-88f7-4b95-b322-b948e90c9a0e","local_time":"20210106185723","is_ascension_mode":true,"campfire_choices":[{"floor":1.0,"key":"RECALL"}],"circlet_count":0,"master_deck":["AscendersBane","champ:Strike","champ:Strike","champ:Strike","champ:Strike","champ:Defend","champ:Defend","champ:Defend","champ:Defend","champ:Execute","champ:Taunt","champ:LastStand","champ:AdrenalArmor","champ:RecklessLeap","Regret","champ:PerfectedStrike"],"relics":["champ:ChampionCrown","Pantograph"],"acts_visited":["Exordium"],"potions_floor_usage":[6],"damage_taken":[{"damage":10.0,"enemies":"Jaw Worm","floor":2.0,"turns":5.0},{"damage":23.0,"enemies":"Cultist","floor":3.0,"turns":7.0},{"damage":16,"enemies":"2 Louse","floor":5,"turns":2},{"damage":53,"enemies":"Large Slime","floor":6,"turns":6},{"damage":42,"enemies":"Gremlin Nob","floor":8,"turns":3}],"seed_played":"-3504343334143452060","potions_obtained":[{"floor":2.0,"key":"SkillPotion"}],"is_trial":false,"path_per_floor":["R","M","M","?","M","M","T","E"],"character_chosen":"THE_CHAMP","items_purchased":[],"campfire_rested":0,"item_purchase_floors":[],"current_hp_per_floor":[81,76,66,66,65,41,41,0,0,0],"gold":426,"neow_bonus":"ONE_RANDOM_RARE_CARD","is_daily":false,"chose_seed":false,"campfire_upgraded":0,"win_rate":0.0,"timestamp":1609988243,"path_taken":["R","M","M","?","?","?","T","E"],"items_purchased_type":[],"build_version":"2020-12-22","purchased_purges":0,"victory":false,"max_hp_per_floor":[90,90,90,90,90,90,90,90,90,90],"relic_stats":{"counters":[5,23],"Pantograph":0,"obtain_stats":[{"Pantograph":7,"champ:ChampionCrown":0},{"Pantograph":4,"champ:ChampionCrown":0},{"Pantograph":20,"champ:ChampionCrown":0}]},"card_choices":[{"not_picked":["champ:RageSigil","champ:FlashCut"],"picked":"champ:AdrenalArmor","floor":2.0},{"not_picked":["champ:FightOn","champ:BringItOn"],"picked":"champ:RecklessLeap","floor":3.0},{"not_picked":["champ:Haymaker","champ:SwordSigil","champ:BringItOn"],"picked":"SKIP","floor":5},{"not_picked":["champ:RecklessLeap","champ:RageSigil"],"picked":"champ:PerfectedStrike","floor":6}],"player_experience":479805,"relics_obtained":[{"floor":7,"key":"Pantograph"}],"event_choices":[],"is_beta":false,"boss_relics":[],"items_purged_floors":[],"is_endless":false,"potions_floor_spawned":[2],"killed_by":"Gremlin Nob","ascension_level":10}}