{"host":"0nndazl0keusavit","time":1609999628,"event":{"mods":["AchievementEnabler","BaseMod","Colored Map","Curses Come First","Highlight Path","Minty Spire (QoL Compilation)","Relic Stats","StSLib"],"gold_per_floor":[118,137,9,27,27,58,58,75,75,89,89,89,104,167,167,245,245,258,258,258,275,291,291,316,326,326,326,344,259,259,270,270,270,270],"floor_reached":33,"playtime":1374,"items_purged":[],"score":538,"play_id":"90c7ec2b-0a64-4a1b-9e36-f7a486afa046","local_time":"20210107010708","is_ascension_mode":true,"campfire_choices":[{"floor":7,"key":"REST"},{"floor":12,"key":"REST"},{"data":"After Image","floor":15,"key":"SMITH"},{"data":"Noxious Fumes","floor":23,"key":"SMITH"},{"floor":27,"key":"REST"},{"data":"Catalyst","floor":30,"key":"SMITH"},{"floor":32,"key":"REST"}],"circlet_count":0,"master_deck":["AscendersBane","Strike_G","Strike_G","Strike_G","Strike_G","Strike_G","Defend_G","Defend_G","Defend_G","Defend_G","Defend_G","Survivor","Neutralize","Dodge and Roll","Slice","Footwork","Skewer","Cloak And Dagger","Poisoned Stab","After Image+1","Cloak And Dagger","Catalyst+1","Deadly Poison","Backstab","PiercingWail","Envenom","Dodge and Roll","Backstab","Noxious Fumes+1","Crippling Poison","Blur","Backstab+1","Infinite Blades+1"],"relics":["Ring of the Snake","Prayer Wheel","Snake Skull","Ninja Scroll","Shuriken","Sozu","Boot","Omamori","Pear","Oddly Smooth Stone"],"acts_visited":["Exordium","TheCity"],"potions_floor_usage":[6,6,16,24],"damage_taken":[{"damage":2,"enemies":"2 Louse","floor":1,"turns":3},{"damage":4,"enemies":"Small Slimes","floor":2,"turns":5},{"damage":2,"enemies":"Jaw Worm","floor":4,"turns":6},{"damage":26,"enemies":"Gremlin Nob","floor":6,"turns":5},{"damage":22,"enemies":"Gremlin Gang","floor":8,"turns":6},{"damage":0,"enemies":"Lots of Slimes","floor":10,"turns":5},{"damage":7,"enemies":"3 Louse","floor":13,"turns":4},{"damage":18,"enemies":"Hexaghost","floor":16,"turns":10},{"damage":11,"enemies":"2 Thieves","floor":18,"turns":3},{"damage":0,"enemies":"3 Byrds","floor":21,"turns":3},{"damage":6,"enemies":"Snake Plant","floor":22,"turns":4},{"damage":27,"enemies":"Gremlin Leader","floor":24,"turns":6},{"damage":0,"enemies":"Cultist and Chosen","floor":25,"turns":4},{"damage":0,"enemies":"Centurion and Healer","floor":28,"turns":6},{"damage":2,"enemies":"Chosen and Byrds","floor":31,"turns":4},{"damage":66,"enemies":"Collector","floor":33,"turns":7}],"seed_played":"2475033717200078621","potions_obtained":[{"floor":2,"key":"LiquidMemories"},{"floor":4,"key":"SpeedPotion"},{"floor":13,"key":"SkillPotion"},{"floor":16,"key":"AttackPotion"}],"is_trial":false,"path_per_floor":["M","M","$","M","?","E","R","M","T","M","?","R","M","?","R","B",null,"M","?","T","M","M","R","E","M","T","R","M","?","R","M","R","B"],"character_chosen":"THE_SILENT","items_purchased":["Footwork","Skewer"],"campfire_rested":4,"item_purchase_floors":[3,3],"current_hp_per_floor":[57,53,53,51,56,30,49,27,27,27,22,41,34,34,34,16,53,42,42,42,42,36,36,9,9,19,41,41,41,41,39,61,0,0],"gold":270,"neow_bonus":"ONE_RARE_RELIC","is_daily":false,"chose_seed":false,"campfire_upgraded":3,"win_rate":0.0,"timestamp":1609999628,"path_taken":["M","M","$","M","?","E","R","M","T","M","?","R","M","?","R","BOSS","M","?","?","?","M","R","E","M","T","R","?","?","R","M","R","BOSS"],"items_purchased_type":["Card","Card"],"build_version":"2020-12-22","purchased_purges":0,"victory":false,"max_hp_per_floor":[60,60,60,60,65,65,65,65,65,65,65,65,65,65,65,65,65,65,65,65,65,65,65,65,65,75,75,75,75,75,75,75,75,75],"relic_stats":{"Sozu":5,"counters":[16,81],"Shuriken":[31],"Prayer Wheel":12,"Snake Skull":[99],"Boot":[42],"obtain_stats":[{"Sozu":17,"Pear":26,"Ninja Scroll":9,"Shuriken":11,"Oddly Smooth Stone":29,"Prayer Wheel":0,"Snake Skull":6,"Omamori":24,"Boot":20,"Ring of the Snake":0},{"Sozu":8,"Pear":13,"Ninja Scroll":5,"Shuriken":6,"Oddly Smooth Stone":14,"Prayer Wheel":0,"Snake Skull":4,"Omamori":12,"Boot":9,"Ring of the Snake":0},{"Sozu":44,"Pear":64,"Ninja Scroll":25,"Shuriken":30,"Oddly Smooth Stone":70,"Prayer Wheel":0,"Snake Skull":19,"Omamori":60,"Boot":47,"Ring of the Snake":0}],"Ring of the Snake":[32]},"card_choices":[{"not_picked":["Flechettes","Deflect"],"picked":"Dodge and Roll","floor":1},{"not_picked":["Prepared","Terror"],"picked":"Slice","floor":1},{"not_picked":["Phantasmal Killer","Deadly Poison"],"picked":"Cloak And Dagger","floor":4},{"not_picked":["Sucker Punch","Setup"],"picked":"Poisoned Stab","floor":4},{"not_picked":["Expertise","Escape Plan"],"picked":"After Image","floor":6},{"not_picked":["Flechettes","Reflex"],"picked":"Cloak And Dagger","floor":8},{"not_picked":["Dagger Throw","Slice","Flying Knee"],"picked":"SKIP","floor":8},{"not_picked":["PiercingWail","Acrobatics"],"picked":"Catalyst","floor":10},{"not_picked":["Doppelganger","Dodge and Roll"],"picked":"Deadly Poison","floor":10},{"not_picked":["Deflect","Crippling Poison"],"picked":"Backstab","floor":13},{"not_picked":["Infinite Blades","Acrobatics"],"picked":"PiercingWail","floor":13},{"not_picked":["Glass Knife","Venomology"],"picked":"Envenom","floor":16},{"not_picked":["Underhanded Strike","Acrobatics+1"],"picked":"Dodge and Roll","floor":18},{"not_picked":["Choke","Poisoned Stab+1"],"picked":"Backstab","floor":18},{"not_picked":["Finisher","Skewer","Endless Agony+1"],"picked":"SKIP","floor":21},{"not_picked":["Dagger Throw","Skewer","All Out Attack"],"picked":"SKIP","floor":21},{"not_picked":["All Out Attack","Prepared+1"],"picked":"Noxious Fumes","floor":22},{"not_picked":["Eviscerate","All Out Attack","Expertise"],"picked":"SKIP","floor":22},{"not_picked":["Phantasmal Killer","Eviscerate"],"picked":"Crippling Poison","floor":24},{"not_picked":["All Out Attack","Flying Knee"],"picked":"Blur","floor":25},{"not_picked":["Tactician","Deflect","Flying Knee"],"picked":"SKIP","floor":25},{"not_picked":["Prepared","Quick Slash","Deadly Poison"],"picked":"SKIP","floor":28},{"not_picked":["Night Terror","Reflex","Endless Agony"],"picked":"SKIP","floor":28},{"not_picked":["Outmaneuver","Flechettes"],"picked":"Backstab+1","floor":31},{"not_picked":["Quick Slash","Deflect"],"picked":"Infinite Blades+1","floor":31}],"player_experience":887117,"relics_obtained":[{"floor":6,"key":"Snake Skull"},{"floor":9,"key":"Ninja Scroll"},{"floor":20,"key":"Boot"},{"floor":24,"key":"Omamori"},{"floor":26,"key":"Pear"}],"event_choices":[{"damage_healed":0,"gold_gain":0,"player_choice":"Donut","damage_taken":0,"max_hp_gain":5,"max_hp_loss":0,"event_name":"Big Fish","floor":5,"gold_loss":0},{"damage_healed":0,"gold_gain":0,"player_choice":"Success","damage_taken":5,"relics_obtained":["Shuriken"],"max_hp_gain":0,"max_hp_loss":0,"event_name":"Scrap Ooze","floor":11,"gold_loss":0},{"damage_healed":0,"gold_gain":63,"player_choice":"Gained Gold","damage_taken":0,"max_hp_gain":0,"max_hp_loss":0,"event_name":"Golden Wing","floor":14,"gold_loss":0},{"damage_healed":0,"gold_gain":0,"player_choice":"Ignored","damage_taken":0,"max_hp_gain":0,"max_hp_loss":0,"event_name":"Vampires","floor":19,"gold_loss":0},{"damage_healed":0,"gold_gain":0,"player_choice":"Obtained Relic","damage_taken":0,"relics_obtained":["Oddly Smooth Stone"],"max_hp_gain":0,"max_hp_loss":0,"event_name":"Addict","floor":29,"gold_loss":85}],"is_beta":false,"boss_relics":[{"not_picked":["Fusion Hammer","Philosopher\u0027s Stone"],"picked":"Sozu"}],"items_purged_floors":[],"is_endless":false,"potions_floor_spawned":[2,4,13,16,22,24,25,28,31],"killed_by":"Collector","ascension_level":20}}