{"host":"tnsigirk6wurdark","time":1609983225,"event":{"mods":["BaseMod","Colored Map","Colored Powertips","DeckTracker","Highlight Path","Minty Spire (QoL Compilation)","Quick Restart","Relic Sorter","Replay The Spire","StSLib","SuperFastMode","Synergy Search"],"gold_per_floor":[109,109,126,0,0,31,46,46,46],"floor_reached":8,"playtime":373,"items_purged":["Strike_G"],"score":59,"play_id":"ca08552e-f2ab-484e-acd8-ac746d82be36","local_time":"20210107013345","is_ascension_mode":true,"campfire_choices":[],"circlet_count":0,"master_deck":["Strike_G","Strike_G","Strike_G","Defend_G","Defend_G","Defend_G","Defend_G","Defend_G","Survivor","Neutralize","Cloak And Dagger","Setup","Flying Knee","Quick Slash","Deflect"],"relics":["Ring of the Snake","Question Card","Meat on the Bone"],"acts_visited":["Exordium"],"potions_floor_usage":[6,8],"damage_taken":[{"damage":0,"enemies":"2 Louse","floor":1,"turns":3},{"damage":0,"enemies":"Cultist","floor":3,"turns":5},{"damage":33,"enemies":"Lagavulin","floor":6,"turns":9},{"damage":0,"enemies":"Jaw Worm","floor":7,"turns":3},{"damage":48,"enemies":"Gremlin Nob","floor":8,"turns":5}],"seed_played":"5107237059460284603","potions_obtained":[{"floor":3,"key":"PowerPotion"},{"floor":7,"key":"DistilledChaos"}],"is_trial":false,"path_per_floor":["M","?","M","$","T","E","M","E"],"character_chosen":"THE_SILENT","items_purchased":["Quick Slash"],"campfire_rested":0,"item_purchase_floors":[4],"current_hp_per_floor":[77,77,77,77,77,44,44,0,0],"gold":46,"neow_bonus":"TEN_PERCENT_HP_BONUS","is_daily":false,"chose_seed":false,"campfire_upgraded":0,"win_rate":0.0,"timestamp":1609983225,"path_taken":["M","?","M","$","?","E","M","E"],"items_purchased_type":["Card"],"build_version":"2020-12-22","purchased_purges":1,"victory":false,"max_hp_per_floor":[77,77,77,77,77,77,77,77,77],"card_choices":[{"not_picked":["Deadly Poison","Acrobatics"],"picked":"Cloak And Dagger","floor":1},{"not_picked":["Backflip","Sucker Punch"],"picked":"Flying Knee","floor":3},{"not_picked":["Caltrops","Terror","Deadly Poison","Outmaneuver"],"picked":"SKIP","floor":6},{"not_picked":["Dagger Spray","Riddle With Holes","ReplayTheSpireMod:Tripwire"],"picked":"Deflect","floor":7}],"player_experience":640474,"relics_obtained":[{"floor":5,"key":"Question Card"},{"floor":6,"key":"Meat on the Bone"}],"event_choices":[{"damage_healed":0,"gold_gain":0,"cards_transformed":["Strike_G"],"player_choice":"Transformed","damage_taken":0,"max_hp_gain":0,"max_hp_loss":0,"event_name":"Transmorgrifier","floor":2,"gold_loss":0,"cards_obtained":["Setup"]}],"is_beta":false,"boss_relics":[],"items_purged_floors":[4],"is_endless":false,"potions_floor_spawned":[3,7],"killed_by":"Gremlin Nob","ascension_level":1}}