{"host":"ig7tc0uedzltt2sr","time":1609998102,"event":{"mods":["BaseMod","Better Twitch Integration","Block Reminder","Colored Map","Colored Powertips","Communication Mod","Current Relic Mod","GifTheSpireLib","HexUI Lib","Minty Spire (QoL Compilation)","Quick Restart","Random Character Button","Rare Cards Sparkle","Relic Sorter","Relic Stats","Slay the Relics Exporter","StSLib","SuperFastMode","Synergy Search","Twitch Decklist","Twitch Utils","everything is the same but u backflip on backflip","slay the spire mod where everything is the same but ironclad has a cowboy hat"],"gold_per_floor":[118,137,154,167,177,177,187,157,157,171,171,171],"floor_reached":11,"playtime":92,"items_purged":[],"score":69,"play_id":"0313b98a-c187-4b72-954b-8dd848759ce1","local_time":"20210106214142","is_ascension_mode":false,"campfire_choices":[{"floor":6,"key":"REST"}],"circlet_count":0,"master_deck":["Strike_R","Strike_R","Strike_R","Strike_R","Strike_R","Defend_R","Defend_R","Defend_R","Defend_R","Bash","Combust","Pommel Strike","Limit Break","Intimidate","Shockwave","Rage","Havoc"],"relics":["Burning Blood","NeowsBlessing"],"acts_visited":["Exordium"],"potions_floor_usage":[],"damage_taken":[{"damage":0,"enemies":"Jaw Worm","floor":1,"turns":1},{"damage":0,"enemies":"Cultist","floor":2,"turns":1},{"damage":0,"enemies":"2 Louse","floor":3,"turns":2},{"damage":18,"enemies":"2 Fungi Beasts","floor":4,"turns":6},{"damage":34,"enemies":"Large Slime","floor":5,"turns":8},{"damage":16,"enemies":"3 Louse","floor":7,"turns":3},{"damage":18,"enemies":"Blue Slaver","floor":10,"turns":9},{"damage":47,"enemies":"3 Sentries","floor":11,"turns":6}],"seed_played":"7705192586612211249","potions_obtained":[{"floor":2,"key":"LiquidMemories"},{"floor":4,"key":"SteroidPotion"},{"floor":7,"key":"GamblersBrew"},{"floor":8,"key":"Block Potion"},{"floor":8,"key":"Ancient Potion"}],"is_trial":false,"path_per_floor":["M","M","M","M","M","R","M","?","T","M","E"],"character_chosen":"IRONCLAD","items_purchased":[],"campfire_rested":1,"item_purchase_floors":[],"current_hp_per_floor":[80,80,80,68,40,64,54,54,54,42,0,0],"gold":171,"neow_bonus":"THREE_ENEMY_KILL","is_daily":false,"chose_seed":false,"campfire_upgraded":0,"win_rate":0.0,"timestamp":1609998102,"path_taken":["M","M","M","M","M","R","M","?","T","M","E"],"items_purchased_type":[],"build_version":"2020-12-22","purchased_purges":0,"victory":false,"max_hp_per_floor":[80,80,80,80,80,80,80,80,80,80,80,80],"relic_stats":{"counters":[8,36],"obtain_stats":[{"NeowsBlessing":0,"Burning Blood":0},{"NeowsBlessing":0,"Burning Blood":0},{"NeowsBlessing":0,"Burning Blood":0}],"Burning Blood":24},"card_choices":[{"not_picked":["Iron Wave","Armaments"],"picked":"Combust","floor":1},{"not_picked":["Dark Embrace","Infernal Blade"],"picked":"Pommel Strike","floor":2},{"not_picked":["Twin Strike","Headbutt"],"picked":"Limit Break","floor":3},{"not_picked":["Twin Strike","Heavy Blade"],"picked":"Intimidate","floor":4},{"not_picked":["Clothesline","Warcry"],"picked":"Shockwave","floor":5},{"not_picked":["Headbutt","Flame Barrier"],"picked":"Rage","floor":7},{"not_picked":["Clash","Perfected Strike"],"picked":"Havoc","floor":10}],"player_experience":1448110,"relics_obtained":[],"event_choices":[{"damage_healed":0,"gold_gain":0,"player_choice":"Bought 2 Potions","damage_taken":0,"max_hp_gain":0,"max_hp_loss":0,"event_name":"The Woman in Blue","floor":8,"gold_loss":0}],"is_beta":false,"boss_relics":[],"items_purged_floors":[],"is_endless":false,"potions_floor_spawned":[2,4,7],"killed_by":"3 Sentries","ascension_level":0}}