{"host":"7zdktqb5xjtif29d","time":1609984998,"event":{"mods":["AchievementEnabler","BaseMod","Colored Map","Colored Powertips","Highlight Path","Minty Spire (QoL Compilation)","Rare Cards Sparkle","SuperFastMode","Waifu the Spire","everything is the same but u backflip on backflip"],"gold_per_floor":[118,138,150,160,160,175,175,200,200,22,56,7,7,36,36,36,36],"floor_reached":16,"playtime":686,"items_purged":[],"score":132,"play_id":"2d502ac3-eca6-4784-9774-420e5a4b4703","local_time":"20210107020318","is_ascension_mode":true,"campfire_choices":[{"floor":13,"key":"REST"},{"data":"Poisoned Stab","floor":15,"key":"SMITH"}],"circlet_count":0,"master_deck":["Strike_G","Strike_G","Strike_G","Strike_G","Strike_G","Defend_G","Defend_G","Defend_G","Defend_G","Defend_G","Survivor","Neutralize","Crippling Poison","Sucker Punch","Decay","Backflip","Backstab","Flying Knee","Poisoned Stab+1"],"relics":["Ring of the Snake","Ancient Tea Set","PreservedInsect","Happy Flower","Oddly Smooth Stone"],"acts_visited":["Exordium"],"potions_floor_usage":[16,16],"damage_taken":[{"damage":0,"enemies":"Cultist","floor":1,"turns":4},{"damage":1,"enemies":"Small Slimes","floor":2,"turns":4},{"damage":0,"enemies":"2 Louse","floor":3,"turns":2},{"damage":30,"enemies":"Exordium Wildlife","floor":4,"turns":8},{"damage":10,"enemies":"Exordium Thugs","floor":6,"turns":4},{"damage":32,"enemies":"Gremlin Nob","floor":8,"turns":6},{"damage":15,"enemies":"Lagavulin","floor":11,"turns":6},{"damage":8,"enemies":"Gremlin Nob","floor":14,"turns":3},{"damage":29,"enemies":"Hexaghost","floor":16,"turns":11}],"seed_played":"-7808346911962158590","potions_obtained":[{"floor":1,"key":"FearPotion"},{"floor":2,"key":"Energy Potion"},{"floor":6,"key":"Dexterity Potion"}],"is_trial":false,"path_per_floor":["M","M","M","M","?","M","?","E","T","$","E","$","R","E","R","B"],"character_chosen":"THE_SILENT","items_purchased":["Backflip","Backstab","Flying Knee","Poisoned Stab"],"campfire_rested":1,"item_purchase_floors":[10,10,10,12],"current_hp_per_floor":[77,76,76,46,46,36,61,29,29,29,14,14,37,29,29,0,0],"gold":36,"neow_bonus":"TEN_PERCENT_HP_BONUS","is_daily":false,"chose_seed":false,"campfire_upgraded":1,"win_rate":0.0,"timestamp":1609984998,"path_taken":["M","?","M","M","?","?","?","E","T","$","E","?","R","E","R","BOSS"],"items_purchased_type":["Card","Card","Card","Card"],"build_version":"2020-12-22","purchased_purges":0,"victory":false,"max_hp_per_floor":[77,77,77,77,77,77,77,77,77,77,77,77,77,77,77,77,77],"card_choices":[{"not_picked":["Eviscerate","Flying Knee"],"picked":"Crippling Poison","floor":1},{"not_picked":["Flechettes","Cloak And Dagger"],"picked":"Sucker Punch","floor":2},{"not_picked":["PiercingWail","Deflect","Dodge and Roll"],"picked":"SKIP","floor":3},{"not_picked":["Underhanded Strike","Predator","Prepared"],"picked":"SKIP","floor":4},{"not_picked":["Choke","PiercingWail","Cloak And Dagger"],"picked":"SKIP","floor":6},{"not_picked":["Eviscerate","Outmaneuver","After Image"],"picked":"SKIP","floor":8},{"not_picked":["Flechettes","PiercingWail","Underhanded Strike"],"picked":"SKIP","floor":11},{"not_picked":["Calculated Gamble","Burst","Endless Agony"],"picked":"SKIP","floor":14}],"player_experience":195691,"relics_obtained":[{"floor":8,"key":"Ancient Tea Set"},{"floor":9,"key":"PreservedInsect"},{"floor":11,"key":"Happy Flower"},{"floor":14,"key":"Oddly Smooth Stone"}],"event_choices":[{"damage_healed":0,"gold_gain":0,"player_choice":"Cursed","damage_taken":0,"max_hp_gain":0,"max_hp_loss":0,"event_name":"Wheel of Change","floor":5,"gold_loss":0,"cards_obtained":["Decay"]},{"damage_healed":25,"gold_gain":0,"player_choice":"Banana","damage_taken":0,"max_hp_gain":0,"max_hp_loss":0,"event_name":"Big Fish","floor":7,"gold_loss":0}],"is_beta":false,"boss_relics":[],"items_purged_floors":[],"is_endless":false,"potions_floor_spawned":[1,2,6,14],"killed_by":"Hexaghost","ascension_level":2}}