{"host":"ig7tc0uedzltt2sr","time":1609997232,"event":{"mods":["BaseMod","Better Twitch Integration","Block Reminder","Colored Map","Colored Powertips","Communication Mod","Current Relic Mod","GifTheSpireLib","HexUI Lib","Minty Spire (QoL Compilation)","Quick Restart","Random Character Button","Rare Cards Sparkle","Relic Sorter","Relic Stats","Slay the Relics Exporter","StSLib","SuperFastMode","Synergy Search","Twitch Decklist","Twitch Utils","everything is the same but u backflip on backflip","slay the spire mod where everything is the same but ironclad has a cowboy hat"],"gold_per_floor":[116,136,100,100,111,111,131,131,131,131,131,147,161,116,116,116,116],"floor_reached":16,"playtime":225,"items_purged":[],"score":117,"play_id":"4093dc74-edfa-47d3-965a-5f6598f6a2a0","local_time":"20210106212712","is_ascension_mode":false,"campfire_choices":[{"floor":6,"key":"RECALL"},{"floor":15,"key":"REST"}],"circlet_count":0,"master_deck":["Strike_R","Strike_R","Strike_R","Strike_R","Defend_R","Defend_R","Defend_R","Defend_R","Bash","Flex","Impervious","Fire Breathing","Dual Wield","Shockwave"],"relics":["Burning Blood","Singing Bowl"],"acts_visited":["Exordium"],"potions_floor_usage":[],"damage_taken":[{"damage":57,"enemies":"Cultist","floor":1,"turns":10},{"damage":3,"enemies":"2 Louse","floor":2,"turns":3},{"damage":5,"enemies":"Small Slimes","floor":5,"turns":7},{"damage":24,"enemies":"Blue Slaver","floor":7,"turns":9},{"damage":10,"enemies":"Exordium Wildlife","floor":12,"turns":6},{"damage":3,"enemies":"3 Louse","floor":13,"turns":6},{"damage":4,"enemies":"Looter","floor":14,"turns":5},{"damage":64,"enemies":"The Guardian","floor":16,"turns":8}],"seed_played":"1184246435499699977","potions_obtained":[{"floor":13,"key":"HeartOfIron"}],"is_trial":false,"path_per_floor":["M","M","$","?","M","R","M","?","T","?","$","M","M","M","R","B"],"character_chosen":"IRONCLAD","items_purchased":["Fire Breathing"],"campfire_rested":1,"item_purchase_floors":[3],"current_hp_per_floor":[37,40,40,40,41,41,23,23,23,28,28,26,31,35,64,0,0],"gold":116,"neow_bonus":"TEN_PERCENT_HP_BONUS","is_daily":false,"chose_seed":false,"campfire_upgraded":0,"win_rate":0.0,"timestamp":1609997232,"path_taken":["M","M","$","?","M","R","M","?","T","?","?","?","M","M","R","BOSS"],"items_purchased_type":["Card"],"build_version":"2020-12-22","purchased_purges":0,"victory":false,"max_hp_per_floor":[88,88,88,88,88,88,88,88,88,93,93,95,97,99,99,99,99],"relic_stats":{"Singing Bowl":6,"counters":[8,54],"obtain_stats":[{"Singing Bowl":8,"Burning Blood":0},{"Singing Bowl":4,"Burning Blood":0},{"Singing Bowl":29,"Burning Blood":0}],"Burning Blood":42},"card_choices":[{"not_picked":["Warcry","Sentinel"],"picked":"Flex","floor":1},{"not_picked":["Iron Wave","Clothesline"],"picked":"Impervious","floor":2},{"not_picked":["Perfected Strike","Twin Strike"],"picked":"Dual Wield","floor":5},{"not_picked":["Rage","Cleave"],"picked":"Shockwave","floor":7},{"not_picked":["Whirlwind","Perfected Strike","Sword Boomerang"],"picked":"Singing Bowl","floor":12},{"not_picked":["True Grit","Clash","Battle Trance"],"picked":"Singing Bowl","floor":13},{"not_picked":["Anger","Dark Embrace","Power Through"],"picked":"Singing Bowl","floor":14}],"player_experience":1447287,"relics_obtained":[],"event_choices":[{"cards_removed":["Strike_R"],"damage_healed":0,"gold_gain":0,"player_choice":"Forget","damage_taken":0,"max_hp_gain":0,"max_hp_loss":0,"event_name":"Living Wall","floor":4,"gold_loss":0},{"damage_healed":0,"gold_gain":0,"player_choice":"Searched \u00272\u0027 times","damage_taken":0,"relics_obtained":["Singing Bowl"],"max_hp_gain":0,"max_hp_loss":0,"event_name":"Dead Adventurer","floor":8,"gold_loss":0},{"damage_healed":0,"gold_gain":0,"player_choice":"Donut","damage_taken":0,"max_hp_gain":5,"max_hp_loss":0,"event_name":"Big Fish","floor":10,"gold_loss":0}],"is_beta":false,"boss_relics":[],"items_purged_floors":[],"is_endless":false,"potions_floor_spawned":[13],"killed_by":"The Guardian","ascension_level":0}}