{"host":"126yiuos2nq86se7","time":1609998934,"event":{"mods":["AchievementEnabler","Act Like it!","BaseMod","Colored Map","Colored Powertips","Downfall","Friendly Minions","Halation","Highlight Path","Jorbs\u0027s Wanderer Trilogy","Minty Spire (QoL Compilation)","StSLib","SuperFastMode","The Animator"],"gold_per_floor":[117,117,134,33,48,48,73,85,85,85,103,122,122,140,140,235,235,217,217,217,231,243,243,256,256,325,325,325,338,338,353,353,448,448,465,480,495,508,508,508,508,65,92,92,108,108,108,127,127,127],"floor_reached":51,"playtime":6335,"items_purged":["Strike_G","Strike_G"],"score":666,"play_id":"d88338c2-f977-4bad-a25e-1d5517708ee6","local_time":"20210107165534","is_ascension_mode":true,"campfire_choices":[{"data":"Survivor","floor":6,"key":"SMITH"},{"data":"Cloak And Dagger","floor":10,"key":"SMITH"},{"data":"Blade Dance","floor":15,"key":"SMITH"},{"data":"Caltrops","floor":23,"key":"SMITH"},{"data":"Bullet Time","floor":30,"key":"SMITH"},{"floor":32,"key":"REST"},{"floor":40,"key":"REST"},{"data":"Neutralize","floor":44,"key":"SMITH"},{"data":"Backflip","floor":46,"key":"SMITH"},{"floor":49,"key":"REST"}],"circlet_count":0,"master_deck":["Strike_G","Defend_G","Defend_G","Defend_G","Defend_G","Defend_G","Survivor+1","Neutralize+1","Backflip+1","Deflect","Eviscerate","Cloak And Dagger+1","PiercingWail","Blade Dance+1","Caltrops+1","Backflip","Bullet Time+1","Backflip","Burst+1","Dagger Spray","PiercingWail"],"relics":["WristBlade","Bird Faced Urn","Ice Cream","Busted Crown","TungstenRod","Bottled Tornado","halation:PinkSoulGem","Ornamental Fan","HoveringKite","halation:EternalFortune","halation:Komachan","Blood Vial","Smiling Mask"],"acts_visited":["Exordium","TheCity","TheBeyond"],"potions_floor_usage":[7,7,7,13,14,33,33,50,50],"damage_taken":[{"damage":2,"enemies":"Jaw Worm","floor":1,"turns":4},{"damage":1,"enemies":"Cultist","floor":3,"turns":3},{"damage":0,"enemies":"2 Louse","floor":5,"turns":3},{"damage":9,"enemies":"3 Sentries","floor":7,"turns":8},{"damage":1,"enemies":"Looter","floor":8,"turns":4},{"damage":9,"enemies":"Exordium Thugs","floor":11,"turns":6},{"damage":0,"enemies":"Exordium Wildlife","floor":12,"turns":4},{"damage":0,"enemies":"Looter","floor":13,"turns":1},{"damage":0,"enemies":"Blue Slaver","floor":14,"turns":3},{"damage":34,"enemies":"The Guardian","floor":16,"turns":14},{"damage":10,"enemies":"2 Thieves","floor":18,"turns":4},{"damage":0,"enemies":"Chosen","floor":21,"turns":3},{"damage":10,"enemies":"Centurion and Healer","floor":22,"turns":7},{"damage":4,"enemies":"Shelled Parasite and Fungi","floor":24,"turns":5},{"damage":0,"enemies":"Sentry and Sphere","floor":29,"turns":4},{"damage":15,"enemies":"Chosen and Byrds","floor":31,"turns":6},{"damage":22,"enemies":"Collector","floor":33,"turns":8},{"damage":0,"enemies":"Orb Walker","floor":35,"turns":3},{"damage":5,"enemies":"3 Shapes","floor":36,"turns":8},{"damage":17,"enemies":"3 Darklings","floor":37,"turns":4},{"damage":11,"enemies":"Jaw Worm Horde","floor":38,"turns":4},{"damage":6,"enemies":"Spire Growth","floor":45,"turns":5},{"damage":22,"enemies":"Sphere and 2 Shapes","floor":48,"turns":5},{"damage":27,"enemies":"Awakened One","floor":50,"turns":22}],"seed_played":"7216936336290610712","potions_obtained":[{"floor":2,"key":"ColorlessPotion"},{"floor":2,"key":"sneckomod:MuddlingPotion"},{"floor":2,"key":"Guardian:BlockOnCardUsePotion"},{"floor":5,"key":"Dexterity Potion"},{"floor":8,"key":"SmokeBomb"},{"floor":14,"key":"Fruit Juice"},{"floor":21,"key":"Strength Potion"},{"floor":24,"key":"sneckomod:MuddlingPotion"},{"floor":31,"key":"hexamod:EctoCoolerPotion"},{"floor":35,"key":"champ:CounterPotion"},{"floor":48,"key":"FearPotion"}],"is_trial":false,"path_per_floor":["M","?","M","$","M","R","E","M","T","R","M","M","M","M","R","B",null,"M","?","?","M","M","R","M","T","T","?","T","M","R","M","R","B",null,"M","M","M","M","?","R","?","$","T","R","M","R","?","M","R","B",null],"character_chosen":"THE_SILENT","items_purchased":["Deflect","halation:Komachan","Blood Vial","PiercingWail"],"campfire_rested":3,"item_purchase_floors":[4,42,42,42],"current_hp_per_floor":[68,68,67,67,67,67,58,57,57,57,48,48,48,55,55,23,75,65,51,51,53,45,45,43,43,43,43,43,45,45,32,56,36,80,80,75,60,51,54,78,78,78,78,78,76,76,76,58,82,58],"gold":127,"neow_bonus":"BOSS_RELIC","is_daily":false,"chose_seed":false,"campfire_upgraded":7,"win_rate":0.0,"timestamp":1609998934,"path_taken":["M","?","M","$","M","R","E","M","T","R","?","M","M","M","R","BOSS","M","?","?","M","?","R","M","?","T","?","?","M","R","?","R","BOSS","M","M","M","M","?","R","?","$","T","R","?","R","?","M","R","BOSS"],"items_purchased_type":["Card","Relic","Relic","Card"],"build_version":"2020-12-22","purchased_purges":2,"victory":true,"max_hp_per_floor":[70,70,70,70,70,70,70,70,70,70,70,70,70,75,75,75,75,75,80,80,80,80,80,80,80,80,80,80,80,80,80,80,80,80,80,80,80,80,83,83,83,83,83,83,83,83,83,83,83,83],"card_choices":[{"not_picked":["Outmaneuver","Sucker Punch"],"picked":"Backflip","floor":1},{"not_picked":["Dodge and Roll","Prepared","Sucker Punch"],"picked":"SKIP","floor":3},{"not_picked":["Poisoned Stab","Slice"],"picked":"Eviscerate","floor":5},{"not_picked":["Catalyst","Prepared"],"picked":"Cloak And Dagger","floor":7},{"not_picked":["Poisoned Stab","Dodge and Roll"],"picked":"PiercingWail","floor":8},{"not_picked":["Dodge and Roll","Poisoned Stab"],"picked":"Blade Dance","floor":11},{"not_picked":["Quick Slash","Prepared"],"picked":"Caltrops","floor":12},{"not_picked":["Unload","Outmaneuver"],"picked":"Backflip","floor":14},{"not_picked":["Die Die Die","Doppelganger"],"picked":"Bullet Time","floor":16},{"not_picked":["Setup"],"picked":"SKIP","floor":18},{"not_picked":["Expertise"],"picked":"SKIP","floor":21},{"not_picked":["Blade Dance"],"picked":"SKIP","floor":22},{"not_picked":["Eviscerate"],"picked":"SKIP","floor":24},{"not_picked":["Dodge and Roll"],"picked":"SKIP","floor":29},{"not_picked":[],"picked":"Backflip","floor":31},{"not_picked":[],"picked":"Burst","floor":33},{"not_picked":[],"picked":"Dagger Spray","floor":35},{"not_picked":["Acrobatics"],"picked":"SKIP","floor":36},{"not_picked":["Dagger Throw"],"picked":"SKIP","floor":37},{"not_picked":["Quick Slash"],"picked":"SKIP","floor":38},{"not_picked":["Crippling Poison+1"],"picked":"SKIP","floor":45},{"not_picked":["Prepared"],"picked":"SKIP","floor":48}],"player_experience":1612168,"relics_obtained":[{"floor":7,"key":"Bird Faced Urn"},{"floor":9,"key":"Ice Cream"},{"floor":25,"key":"TungstenRod"},{"floor":26,"key":"Bottled Tornado"},{"floor":28,"key":"Ornamental Fan"},{"floor":43,"key":"Smiling Mask"}],"event_choices":[{"damage_healed":0,"gold_gain":0,"player_choice":"Got Potions","damage_taken":0,"max_hp_gain":0,"max_hp_loss":0,"event_name":"Lab","floor":2,"gold_loss":0},{"damage_healed":0,"gold_gain":0,"player_choice":"Shed Blood","damage_taken":19,"max_hp_gain":5,"max_hp_loss":0,"event_name":"Forgotten Altar","floor":19,"gold_loss":0},{"cards_removed":["Strike_G"],"damage_healed":0,"gold_gain":0,"player_choice":"Offered Basic","damage_taken":0,"max_hp_gain":0,"max_hp_loss":0,"event_name":"Bonfire Elementals","floor":20,"gold_loss":0},{"damage_healed":0,"gold_gain":0,"player_choice":"Forge","damage_taken":0,"max_hp_gain":0,"max_hp_loss":0,"event_name":"Accursed Blacksmith","floor":41,"gold_loss":0,"cards_upgraded":["Burst"]},{"cards_removed":["Strike_G"],"damage_healed":0,"gold_gain":0,"player_choice":"Removed Attack","damage_taken":0,"max_hp_gain":0,"max_hp_loss":0,"event_name":"Falling","floor":47,"gold_loss":0}],"is_beta":false,"boss_relics":[{"not_picked":["halation:HeavySnake","Runic Dome"],"picked":"Busted Crown"},{"not_picked":["halation:Yufonium","halation:CatFaceCupcake"],"picked":"HoveringKite"}],"items_purged_floors":[4,42],"is_endless":false,"potions_floor_spawned":[5,8,13,14,21,24,31,35,48],"ascension_level":2}}