{"host":"newqdrzxfhh2im9e","time":1609983494,"event":{"mods":["AchievementEnabler","BaseMod","BetterRewards","Block Reminder","Colored Map","Jorbs\u0027s Wanderer Trilogy","Minty Spire (QoL Compilation)","Rare Cards Sparkle","Shop Mod","StSLib"],"gold_per_floor":[111,35,35,35,47,47,80,91,91,91,124,124,203,279,279,382,382,392,317,317,317,330,330,26,37,37,52,1,1,11,29,29,29,29],"floor_reached":33,"playtime":1236,"items_purged":[],"score":278,"play_id":"44b11a03-2b02-4ab4-a52d-0e21cf5197ca","local_time":"20210106173814","is_ascension_mode":false,"campfire_choices":[{"data":"Swivel","floor":6,"key":"SMITH"},{"data":"Fasting2","floor":10,"key":"SMITH"},{"floor":15,"key":"REST"},{"floor":23,"key":"REST"},{"floor":29,"key":"REST"},{"floor":32,"key":"REST"}],"circlet_count":0,"master_deck":["Strike_P","Strike_P+1","Strike_P","Strike_P+1","Defend_P","Defend_P","Defend_P","Eruption","Vigilance","DeceiveReality","SandsOfTime","Swivel+1","Fasting2+1","MasterReality+1","Establishment","ThirdEye","MentalFortress+1","Vault","Fasting2+1","Tantrum+1","SandsOfTime"],"relics":["PureWater","NeowsBlessing","Kunai","Boot","Blood Vial","Bottled Lightning","Black Star","StoneCalendar","Bottled Tornado"],"acts_visited":["Exordium","TheCity"],"potions_floor_usage":[16,18,27,30,30],"damage_taken":[{"damage":0,"enemies":"2 Louse","floor":1,"turns":1},{"damage":0,"enemies":"Jaw Worm","floor":5,"turns":1},{"damage":0,"enemies":"Lagavulin","floor":7,"turns":1},{"damage":0,"enemies":"Small Slimes","floor":8,"turns":3},{"damage":10,"enemies":"3 Sentries","floor":11,"turns":8},{"damage":35,"enemies":"Slime Boss","floor":16,"turns":10},{"damage":56,"enemies":"3 Byrds","floor":18,"turns":9},{"damage":2,"enemies":"Shell Parasite","floor":22,"turns":6},{"damage":2,"enemies":"Centurion and Healer","floor":25,"turns":8},{"damage":0,"enemies":"3 Cultists","floor":27,"turns":7},{"damage":14,"enemies":"Shelled Parasite and Fungi","floor":30,"turns":11},{"damage":41,"enemies":"Centurion and Healer","floor":31,"turns":8},{"damage":44,"enemies":"Automaton","floor":33,"turns":4}],"seed_played":"4809100776179658088","potions_obtained":[{"floor":8,"key":"SteroidPotion"},{"floor":11,"key":"EssenceOfSteel"},{"floor":25,"key":"Ambrosia"},{"floor":27,"key":"StancePotion"}],"is_trial":false,"path_per_floor":["M","$","?","$","M","R","E","M","T","R","E","?","T","?","R","B",null,"M","?","?","?","M","R","$","M","T","M","$","R","M","M","R","B"],"character_chosen":"WATCHER","items_purchased":["SandsOfTime","StoneCalendar","Block Potion"],"campfire_rested":4,"item_purchase_floors":[2,24,28],"current_hp_per_floor":[72,72,58,58,58,58,58,58,58,58,48,48,48,48,69,36,72,16,16,16,16,16,37,37,37,37,39,39,60,48,9,30,0,0],"gold":29,"neow_bonus":"THREE_ENEMY_KILL","is_daily":false,"chose_seed":false,"campfire_upgraded":2,"win_rate":0.0,"timestamp":1609983494,"path_taken":["M","$","?","$","M","R","E","M","T","R","E","?","?","?","R","BOSS","M","?","?","?","M","R","$","M","T","?","$","R","M","M","R","BOSS"],"items_purchased_type":["Card","Relic","Potion"],"build_version":"2020-12-22","purchased_purges":0,"victory":false,"max_hp_per_floor":[72,72,72,72,72,72,72,72,72,72,72,72,72,72,72,72,72,72,72,72,72,72,72,72,72,72,72,72,72,72,72,72,72,72],"card_choices":[{"not_picked":["FollowUp","CarveReality"],"picked":"DeceiveReality","floor":1},{"not_picked":["Crescendo","ForeignInfluence"],"picked":"Swivel","floor":5},{"not_picked":["EmptyBody","Crescendo","SashWhip"],"picked":"SKIP","floor":7},{"not_picked":["SashWhip","FlyingSleeves"],"picked":"Fasting2","floor":8},{"not_picked":["EmptyFist","Tantrum"],"picked":"MasterReality","floor":11},{"not_picked":["Scrawl","LessonLearned"],"picked":"Establishment","floor":16},{"not_picked":["Evaluate","CutThroughFate"],"picked":"ThirdEye","floor":18},{"not_picked":["TalkToTheHand","FlyingSleeves"],"picked":"MentalFortress+1","floor":22},{"not_picked":["ThirdEye","WheelKick"],"picked":"Vault","floor":25},{"not_picked":["BowlingBash","EmptyBody"],"picked":"Fasting2+1","floor":27},{"not_picked":["PathToVictory","Protect"],"picked":"Tantrum+1","floor":30},{"not_picked":["EmptyBody","BowlingBash"],"picked":"SandsOfTime","floor":31}],"player_experience":698540,"relics_obtained":[{"floor":7,"key":"Kunai"},{"floor":9,"key":"Boot"},{"floor":11,"key":"Blood Vial"},{"floor":13,"key":"Bottled Lightning"},{"floor":26,"key":"Bottled Tornado"}],"event_choices":[{"damage_healed":0,"gold_gain":0,"player_choice":"Entered Light","damage_taken":14,"max_hp_gain":0,"max_hp_loss":0,"event_name":"Shining Light","floor":3,"gold_loss":0,"cards_upgraded":["Strike_P","Strike_P"]},{"damage_healed":0,"gold_gain":0,"player_choice":"Grow","damage_taken":0,"max_hp_gain":0,"max_hp_loss":0,"event_name":"Living Wall","floor":12,"gold_loss":0,"cards_upgraded":["MasterReality"]},{"damage_healed":0,"gold_gain":76,"player_choice":"Gained Gold","damage_taken":0,"max_hp_gain":0,"max_hp_loss":0,"event_name":"Golden Wing","floor":14,"gold_loss":0},{"cards_removed":["Defend_P"],"damage_healed":0,"gold_gain":0,"player_choice":"Gave Gold","damage_taken":0,"max_hp_gain":0,"max_hp_loss":0,"event_name":"Beggar","floor":19,"gold_loss":75},{"damage_healed":0,"gold_gain":0,"player_choice":"Smashed Altar","damage_taken":0,"max_hp_gain":0,"max_hp_loss":0,"event_name":"Forgotten Altar","floor":20,"gold_loss":0,"cards_obtained":["Decay"]},{"cards_removed":["Decay"],"damage_healed":0,"gold_gain":0,"player_choice":"Removed Curses","damage_taken":0,"max_hp_gain":0,"max_hp_loss":0,"event_name":"Fountain of Cleansing","floor":21,"gold_loss":0}],"is_beta":false,"boss_relics":[{"not_picked":["Pandora\u0027s Box","Cursed Key"],"picked":"Black Star"}],"items_purged_floors":[],"is_endless":false,"potions_floor_spawned":[8,11,25,27],"killed_by":"Automaton","ascension_level":0}}