{"host":"v889cg19irzrff5m","time":1609998994,"event":{"mods":["A Magickal Journey","AchievementEnabler","Act Like it!","Ascension Reborn","Aspiration","Astrologer","Bard","BaseMod","Bestiary","Better Third Choice","BetterRewards","CapriCore","Challenge The Spire","Clockwork Mod","Colored Map","Conspire","DeckTracker","Downfall","Duelist Mod","Gensokyo","GungeonMod","Halation","Hallownest","Hermit","Highlight Path","Hubris","Infinite Spire","Jedi Mod","Jorbs\u0027s Wanderer Trilogy","KinomotoSakuraMod(????)","Koishi","LagranYue(???·?)","Lobotomy","LobotomyExtend","Mad Scientist","Marisa????????","Mimic Mod","Minty Spire (QoL Compilation)","Prisma Mod","Quick Restart","Rare Cards Sparkle","Relic Stats","Remilia??????","Replay The Spire","Robot Space Explorer","Shade Mod","Shop Mod","Spikes Relics","StSLib","SuperFastMode","The Administrix","The Animator","The Blackbeard","The Bladedancer","The Bug Knight","The Construct","The Cursed","The Disciple","The Elementalist","The Exalted","The Factory","The Forsaken","The Gatherer","The Hierophant","The Immortal","The Jungle","The Marked","The Mystic","The Necromancer","WarShipGirlsR/????R mod","Yuri Mod"],"gold_per_floor":[116,130,130,145,145,145,177,177,212,247,259,272,272,286,286,286,286],"floor_reached":16,"playtime":1678,"items_purged":[],"score":112,"play_id":"25a3e5e2-67c4-4ad0-b8d3-a062a54dc81f","local_time":"20210107165634","is_ascension_mode":false,"campfire_choices":[{"data":"Demon Form","floor":6,"key":"SMITH"},{"floor":13,"key":"REST"},{"data":"Cleave","floor":15,"key":"SMITH"}],"circlet_count":0,"master_deck":["Strike_R","Strike_R","Strike_R","Strike_R","Strike_R","Defend_R","Defend_R","Defend_R","Defend_R","Bash","Demon Form+1","Armaments","Flex","Cleave+1","Seeing Red","theForsaken:PlagueCurse","Flex","Entrench","Anger","Rampage","Immolate"],"relics":["Burning Blood","LagranYue:RandomDrawCardRelic","LetterFromLob","Strawberry","theForsaken:PlagueMask","Dream Catcher","hubris:ChampionShield"],"acts_visited":["Gensokyo:Gensokyo"],"potions_floor_usage":[11,16,16,16],"damage_taken":[{"damage":6,"enemies":"Gensokyo:Python","floor":1,"turns":3},{"damage":6,"enemies":"Gensokyo:2_Kodama","floor":2,"turns":4},{"damage":2,"enemies":"Gensokyo:Gryphon","floor":4,"turns":2},{"damage":20,"enemies":"Gensokyo:Mamizou","floor":7,"turns":9},{"damage":11,"enemies":"Gensokyo:Python_and_Kodama","floor":9,"turns":7},{"damage":26,"enemies":"Gensokyo:Cirno","floor":10,"turns":8},{"damage":5,"enemies":"Gensokyo:Python_and_Kodama","floor":11,"turns":4},{"damage":9,"enemies":"Gensokyo:Kitsune","floor":12,"turns":3},{"damage":11,"enemies":"Gensokyo:2_Rabbits","floor":14,"turns":4},{"damage":68,"enemies":"Gensokyo:Yukari","floor":16,"turns":15}],"seed_played":"357216236936447026","potions_obtained":[{"floor":2,"key":"Cursed Concoction"},{"floor":4,"key":"SteroidPotion"},{"floor":7,"key":"SteroidPotion"},{"floor":11,"key":"sneckomod:MuddlingPotion"}],"is_trial":false,"path_per_floor":["M","M","?","M","COS","R","E","?","MIM","E","M","M","R","M","R","B"],"character_chosen":"IRONCLAD","items_purchased":[],"campfire_rested":1,"item_purchase_floors":[],"current_hp_per_floor":[80,80,72,76,76,76,69,69,64,44,45,42,68,63,63,0,0],"gold":286,"neow_bonus":"ONE_RANDOM_RARE_CARD","is_daily":false,"chose_seed":false,"campfire_upgraded":2,"win_rate":0.0,"timestamp":1609998994,"path_taken":["M","M","?","M","COS","R","E","?","MIM","E","M","M","R","M","R","BOSS"],"items_purchased_type":[],"build_version":"2020-12-22","purchased_purges":0,"victory":false,"max_hp_per_floor":[80,80,80,80,80,80,87,87,87,87,87,87,87,87,87,87,87],"relic_stats":{"Dream Catcher":1,"counters":[10,59],"obtain_stats":[{"Dream Catcher":9,"LagranYue:RandomDrawCardRelic":0,"Strawberry":7,"DemoMod:GlassGuonStoneRelic":10,"LetterFromLob":1,"hubris:ChampionShield":10,"theForsaken:PlagueMask":8,"Burning Blood":0},{"Dream Catcher":5,"LagranYue:RandomDrawCardRelic":0,"Strawberry":4,"DemoMod:GlassGuonStoneRelic":6,"LetterFromLob":1,"hubris:ChampionShield":6,"theForsaken:PlagueMask":4,"Burning Blood":0},{"Dream Catcher":25,"LagranYue:RandomDrawCardRelic":0,"Strawberry":18,"DemoMod:GlassGuonStoneRelic":33,"LetterFromLob":3,"hubris:ChampionShield":33,"theForsaken:PlagueMask":18,"Burning Blood":0}],"Burning Blood":54},"card_choices":[{"not_picked":["Clothesline","Sword Boomerang"],"picked":"Armaments","floor":1},{"not_picked":["conspire:ExplosiveBarrier","Body Slam"],"picked":"Flex","floor":2},{"not_picked":["Power Through","Clothesline"],"picked":"Cleave","floor":4},{"not_picked":["Havoc","ReplayTheSpireMod:Strike From Hell"],"picked":"Seeing Red","floor":7},{"not_picked":["Reckless Charge","Wild Strike"],"picked":"Flex","floor":9},{"not_picked":["Abandon","ReplayTheSpireMod:Corrosion Curse","Offering"],"picked":"SKIP","floor":10},{"not_picked":["Inflame","ReplayReversal"],"picked":"Entrench","floor":11},{"not_picked":["Run Through","Pommel Strike"],"picked":"Anger","floor":12},{"not_picked":["Clash","Wild Strike"],"picked":"Rampage","floor":13},{"not_picked":["Warcry","Wild Strike"],"picked":"Immolate","floor":14}],"player_experience":146655,"relics_obtained":[{"floor":1,"key":"LetterFromLob"},{"floor":7,"key":"Strawberry"},{"floor":9,"key":"Dream Catcher"},{"floor":10,"key":"hubris:ChampionShield"}],"event_choices":[{"damage_healed":0,"gold_gain":0,"player_choice":"Obtain Plague Curse","damage_taken":0,"max_hp_gain":0,"max_hp_loss":0,"event_name":"Plague Doctor","floor":8,"gold_loss":0,"cards_obtained":["theForsaken:PlagueCurse"]}],"is_beta":false,"boss_relics":[],"items_purged_floors":[],"is_endless":false,"potions_floor_spawned":[2,4,7,11],"killed_by":"Gensokyo:Yukari","ascension_level":0}}