{"host":"Bilverbakes","time":1609990002,"event":{"mods":["2.2 Compatiblity","AchievementEnabler","BaseMod","Bestiary","Colored Map","Minty Spire (QoL Compilation)","Relic Stats","StSLib","ojb\u0027s Info Mod"],"gold_per_floor":[99,99,99,99,99,99,99,99,99,99,99,99,99,99,99,99,99,99,99,99,99,99,99,18,18,18,18,18,18,18,18,18,18,18,18,18,18,18,18,18,18,18,18,18,18,0,0,0,0,0,0,0,0,0,0],"floor_reached":56,"playtime":3829,"items_purged":[],"score":2746,"play_id":"b460a857-dc52-45a2-8f74-7d398ea353a6","local_time":"20210106212642","is_ascension_mode":true,"campfire_choices":[{"data":"Eruption","floor":6.0,"key":"SMITH"},{"data":"Conclude","floor":10.0,"key":"SMITH"},{"data":"LessonLearned","floor":15.0,"key":"SMITH"},{"floor":28.0,"key":"REST"},{"data":"Meditate","floor":30.0,"key":"SMITH"},{"floor":32.0,"key":"REST"},{"floor":40,"key":"DIG"},{"floor":49,"key":"RECALL"},{"floor":52,"key":"DIG"}],"circlet_count":0,"master_deck":["AscendersBane","Eruption+1","Vigilance+1","CutThroughFate+1","FlurryOfBlows+1","CarveReality+1","Conclude+1","FearNoEvil+1","Adaptation+1","LessonLearned+1","Scrawl+1","Fasting2+1","Meditate+1","SandsOfTime+1","DeceiveReality+1","Purity+1","JustLucky+1","Tantrum+1","DevaForm+1","InnerPeace+1"],"relics":["Ectoplasm","Lantern","Shuriken","Unceasing Top","Mango","Happy Flower","Runic Pyramid","FossilizedHelix","Dead Branch","Strawberry","Pandora\u0027s Box","Shovel","Orichalcum","Bottled Lightning","Frozen Egg 2","Darkstone Periapt","Red Mask","HornCleat","Pear","Ginger"],"acts_visited":["Exordium","TheCity","TheBeyond","TheEnding"],"potions_floor_usage":[38,55,55],"damage_taken":[{"damage":9.0,"enemies":"2 Louse","floor":1.0,"turns":3.0},{"damage":0.0,"enemies":"Jaw Worm","floor":4.0,"turns":2.0},{"damage":2.0,"enemies":"Small Slimes","floor":5.0,"turns":3.0},{"damage":0.0,"enemies":"Gremlin Nob","floor":7.0,"turns":2.0},{"damage":3.0,"enemies":"3 Louse","floor":8.0,"turns":3.0},{"damage":0.0,"enemies":"3 Sentries","floor":11.0,"turns":3.0},{"damage":0.0,"enemies":"Lagavulin","floor":14.0,"turns":4.0},{"damage":10.0,"enemies":"Slime Boss","floor":16.0,"turns":7.0},{"damage":10.0,"enemies":"3 Byrds","floor":18.0,"turns":4.0},{"damage":0.0,"enemies":"2 Thieves","floor":19.0,"turns":1.0},{"damage":7.0,"enemies":"Chosen and Byrds","floor":20.0,"turns":3.0},{"damage":1.0,"enemies":"Snecko","floor":21.0,"turns":3.0},{"damage":0.0,"enemies":"Centurion and Healer","floor":22.0,"turns":3.0},{"damage":12.0,"enemies":"Slavers","floor":23.0,"turns":5.0},{"damage":17.0,"enemies":"Book of Stabbing","floor":25.0,"turns":5.0},{"damage":0.0,"enemies":"Shelled Parasite and Fungi","floor":27.0,"turns":3.0},{"damage":12.0,"enemies":"Gremlin Leader","floor":29.0,"turns":3.0},{"damage":16.0,"enemies":"Snake Plant","floor":31.0,"turns":3.0},{"damage":0.0,"enemies":"Collector","floor":33.0,"turns":5.0},{"damage":11.0,"enemies":"3 Shapes","floor":35.0,"turns":2.0},{"damage":0,"enemies":"3 Darklings","floor":36,"turns":3},{"damage":0,"enemies":"2 Orb Walkers","floor":38,"turns":2},{"damage":0,"enemies":"Jaw Worm Horde","floor":41,"turns":2},{"damage":0,"enemies":"Nemesis","floor":42,"turns":3},{"damage":0,"enemies":"Giant Head","floor":44,"turns":2},{"damage":0,"enemies":"Transient","floor":45,"turns":4},{"damage":0,"enemies":"Reptomancer","floor":47,"turns":2},{"damage":0,"enemies":"Maw","floor":48,"turns":3},{"damage":0,"enemies":"Awakened One","floor":50,"turns":4},{"damage":0,"enemies":"Shield and Spear","floor":54,"turns":3},{"damage":36,"enemies":"The Heart","floor":55,"turns":7}],"seed_played":"8742033361102184793","potions_obtained":[{"floor":4.0,"key":"GamblersBrew"},{"floor":5.0,"key":"StancePotion"},{"floor":14.0,"key":"Regen Potion"},{"floor":23.0,"key":"LiquidBronze"},{"floor":27.0,"key":"Fire Potion"},{"floor":31.0,"key":"DistilledChaos"},{"floor":33.0,"key":"DuplicationPotion"},{"floor":45,"key":"Dexterity Potion"}],"is_trial":false,"path_per_floor":["M","?","?","M","M","R","E","M","T","R","E","T","?","E","R","B",null,"M","M","M","M","M","E","$","E","T","M","R","E","R","M","R","B",null,"M","M","?","?","?","R","M","E","T","E","M","?","E","M","R","B",null,"R","$","E","B",null],"character_chosen":"WATCHER","items_purchased":["Meditate"],"campfire_rested":2,"item_purchase_floors":[24],"current_hp_per_floor":[52,45,45,45,43,43,43,40,40,40,40,54,54,54,54,44,73,63,63,56,55,55,57,57,40,40,40,64,59,59,43,69,69,84,73,73,73,73,60,60,60,60,60,60,60,60,60,60,60,60,82,92,92,92,56],"gold":0,"neow_bonus":"BOSS_RELIC","is_daily":false,"chose_seed":false,"campfire_upgraded":4,"win_rate":0.0,"timestamp":1609990002,"path_taken":["M","?","?","M","M","R","E","M","T","R","E","?","?","E","R","BOSS","M","M","M","M","M","E","?","E","T","M","R","E","R","M","R","BOSS","M","M","?","?","?","R","?","E","T","E","M","?","E","M","R","BOSS","R","$","E","BOSS"],"items_purchased_type":["Card"],"build_version":"2020-12-18","purchased_purges":0,"victory":true,"max_hp_per_floor":[68,68,68,68,68,68,68,68,68,68,68,82,82,82,82,82,82,82,82,82,82,82,82,82,82,82,82,82,89,89,89,89,89,89,89,89,89,89,89,89,89,89,89,89,89,89,89,89,89,89,89,99,99,99,99],"relic_stats":{"Darkstone Periapt":0,"Shovel":2,"Happy Flower":[27],"counters":[31,102],"Shuriken":[84],"Dead Branch":[87],"Pandora\u0027s Box":["MentalFortress","SignatureMove","Brilliance","Fasting2","SignatureMove","DeusExMachina","Vengeance"],"Ectoplasm":759,"Ginger":[2],"Orichalcum":[18],"obtain_stats":[{"Darkstone Periapt":44,"Lantern":7,"Pear":52,"Happy Flower":14,"Dead Branch":25,"Mango":12,"Ginger":54,"Orichalcum":40,"Frozen Egg 2":43,"Shovel":38,"HornCleat":47,"Shuriken":9,"Strawberry":29,"Pandora\u0027s Box":34,"Ectoplasm":0,"Red Mask":46,"Bottled Lightning":42,"PureWater":0,"Unceasing Top":11,"FossilizedHelix":23,"Runic Pyramid":17},{"Darkstone Periapt":25,"Lantern":4,"Pear":29,"Happy Flower":7,"Dead Branch":15,"Mango":6,"Ginger":30,"Orichalcum":22,"Frozen Egg 2":24,"Shovel":22,"HornCleat":27,"Shuriken":5,"Strawberry":17,"Pandora\u0027s Box":19,"Ectoplasm":0,"Red Mask":26,"Bottled Lightning":24,"PureWater":0,"Unceasing Top":6,"FossilizedHelix":14,"Runic Pyramid":8},{"Darkstone Periapt":79,"Lantern":10,"Pear":92,"Happy Flower":20,"Dead Branch":51,"Mango":16,"Ginger":95,"Orichalcum":72,"Frozen Egg 2":77,"Shovel":72,"HornCleat":85,"Shuriken":13,"Strawberry":57,"Pandora\u0027s Box":65,"Ectoplasm":0,"Red Mask":83,"Bottled Lightning":77,"PureWater":0,"Unceasing Top":16,"FossilizedHelix":46,"Runic Pyramid":27}],"Unceasing Top":[3]},"card_choices":[{"not_picked":["ClearTheMind","FlurryOfBlows"],"picked":"CutThroughFate","floor":1.0},{"not_picked":["Indignation","Consecrate"],"picked":"FlurryOfBlows","floor":4.0},{"not_picked":["Protect","Evaluate"],"picked":"CarveReality","floor":5.0},{"not_picked":["BowlingBash","Vengeance"],"picked":"Conclude","floor":7.0},{"not_picked":["CarveReality","Conclude"],"picked":"FearNoEvil","floor":8.0},{"not_picked":["BowlingBash","ThirdEye"],"picked":"Adaptation","floor":11.0},{"not_picked":["SashWhip","Swivel"],"picked":"LessonLearned","floor":14.0},{"not_picked":["Ragnarok","Judgement"],"picked":"Scrawl","floor":16.0},{"not_picked":["Collect","ThirdEye","WreathOfFlame"],"picked":"SKIP","floor":18.0},{"not_picked":["BowlingBash","ClearTheMind","PathToVictory+1"],"picked":"SKIP","floor":19.0},{"not_picked":["EmptyFist","Nirvana","FlyingSleeves"],"picked":"SKIP","floor":20.0},{"not_picked":["BowlingBash","FlurryOfBlows","EmptyBody"],"picked":"SKIP","floor":21.0},{"not_picked":["Halt","Evaluate"],"picked":"Fasting2+1","floor":22.0},{"not_picked":["WheelKick","EmptyBody","Crescendo"],"picked":"SKIP","floor":23.0},{"not_picked":["Perseverance","Protect","Nirvana+1"],"picked":"SKIP","floor":25.0},{"not_picked":["Consecrate","CutThroughFate+1","Alpha"],"picked":"SKIP","floor":27.0},{"not_picked":["Fasting2","WreathOfFlame"],"picked":"SandsOfTime","floor":29.0},{"not_picked":["PathToVictory","Sanctity"],"picked":"DeceiveReality","floor":31.0},{"not_picked":["SignatureMove","FollowUp","BattleHymn"],"picked":"SKIP","floor":35.0},{"not_picked":["CutThroughFate+1","Perseverance","EmptyBody"],"picked":"SKIP","floor":36},{"not_picked":["Panacea","Metamorphosis"],"picked":"Purity","floor":37},{"not_picked":["Crescendo","ThirdEye+1"],"picked":"JustLucky","floor":41},{"not_picked":["Consecrate","BowlingBash+1"],"picked":"Tantrum","floor":42},{"not_picked":["Brilliance","Vengeance"],"picked":"DevaForm+1","floor":44},{"not_picked":["BowlingBash+1","ThirdEye","EmptyFist"],"picked":"SKIP","floor":45},{"not_picked":["SpiritShield","Crescendo"],"picked":"InnerPeace","floor":47},{"not_picked":["WindmillStrike+1","FlyingSleeves","CarveReality"],"picked":"SKIP","floor":48},{"not_picked":["JustLucky","Evaluate+1","EmptyFist"],"picked":"SKIP","floor":54}],"player_experience":619398,"relics_obtained":[{"floor":7.0,"key":"Lantern"},{"floor":9.0,"key":"Shuriken"},{"floor":11.0,"key":"Unceasing Top"},{"floor":12.0,"key":"Mango"},{"floor":14.0,"key":"Happy Flower"},{"floor":23.0,"key":"FossilizedHelix"},{"floor":25.0,"key":"Dead Branch"},{"floor":29.0,"key":"Strawberry"},{"floor":38,"key":"Shovel"},{"floor":40,"key":"Orichalcum"},{"floor":42,"key":"Bottled Lightning"},{"floor":43,"key":"Frozen Egg 2"},{"floor":44,"key":"Darkstone Periapt"},{"floor":47,"key":"HornCleat"},{"floor":52,"key":"Pear"},{"floor":54,"key":"Ginger"}],"event_choices":[{"cards_removed":["Defend_P"],"damage_healed":0.0,"max_hp_gain":0.0,"max_hp_loss":0.0,"gold_gain":0.0,"event_name":"Golden Wing","player_choice":"Card Removal","floor":2.0,"gold_loss":0.0,"damage_taken":7.0},{"damage_healed":0.0,"max_hp_gain":0.0,"max_hp_loss":0.0,"gold_gain":0.0,"event_name":"Liars Game","player_choice":"Ignored","floor":3.0,"gold_loss":0.0,"damage_taken":0.0},{"damage_healed":0.0,"max_hp_gain":0.0,"max_hp_loss":0.0,"gold_gain":0.0,"event_name":"Lab","player_choice":"Got Potions","floor":13.0,"gold_loss":0.0,"damage_taken":0.0},{"damage_healed":0,"gold_gain":0,"player_choice":"Memory 1","damage_taken":0,"max_hp_gain":0,"max_hp_loss":0,"event_name":"SensoryStone","floor":37,"gold_loss":0},{"damage_healed":0,"gold_gain":0,"player_choice":"Fight","damage_taken":0,"max_hp_gain":0,"max_hp_loss":0,"event_name":"Mysterious Sphere","floor":38,"gold_loss":0},{"damage_healed":0,"gold_gain":0,"player_choice":"Damaged","damage_taken":13,"max_hp_gain":0,"max_hp_loss":0,"event_name":"Wheel of Change","floor":39,"gold_loss":0},{"damage_healed":0,"gold_gain":0,"player_choice":"Paid","damage_taken":0,"relics_obtained":["Red Mask"],"max_hp_gain":0,"max_hp_loss":0,"event_name":"Tomb of Lord Red Mask","floor":46,"gold_loss":18}],"is_beta":true,"boss_relics":[{"not_picked":["Astrolabe","Velvet Choker"],"picked":"Runic Pyramid"},{"not_picked":["Tiny House","Runic Dome"],"picked":"Pandora\u0027s Box"}],"items_purged_floors":[],"is_endless":false,"potions_floor_spawned":[4,5,11,14,19,20,22,23,27,31,33,35,36,45,48],"ascension_level":16}}