{"host":"vddkjx04kiwje1tk","time":1609996739,"event":{"mods":["AchievementEnabler","BaseMod","Colored Map","Minty Spire (QoL Compilation)","Quick Restart","SuperFastMode"],"gold_per_floor":[112,112,76,151,166,166,166,200,200,234,136,175,195,230,230,351,351,351,351],"floor_reached":18,"playtime":192,"items_purged":["Strike_R"],"score":352,"play_id":"3c623c7b-b2ec-4066-8183-7207e9203f87","local_time":"20210107141859","is_ascension_mode":true,"campfire_choices":[{"data":"Pummel","floor":7.0,"key":"SMITH"},{"data":"Inflame","floor":15.0,"key":"SMITH"}],"circlet_count":0,"master_deck":["Strike_R","Strike_R","Strike_R","Strike_R","Defend_R","Defend_R","Defend_R","Defend_R","Bash","Pummel+1","Inflame","Inflame+1","Flex","Sword Boomerang","Warcry","Offering"],"relics":["Burning Blood","NeowsBlessing","Golden Idol","Bronze Scales","Ginger","The Courier","Potion Belt","Omamori","Ectoplasm"],"acts_visited":["Exordium","TheCity"],"potions_floor_usage":[],"damage_taken":[{"damage":0.0,"enemies":"2 Louse","floor":1.0,"turns":1.0},{"damage":0.0,"enemies":"Small Slimes","floor":5.0,"turns":1.0},{"damage":0.0,"enemies":"Lagavulin","floor":8.0,"turns":1.0},{"damage":8.0,"enemies":"Gremlin Nob","floor":10.0,"turns":3.0},{"damage":40.0,"enemies":"Lagavulin","floor":12.0,"turns":5.0},{"damage":12.0,"enemies":"Jaw Worm","floor":13.0,"turns":2.0},{"damage":8.0,"enemies":"Gremlin Nob","floor":14.0,"turns":3.0},{"damage":0.0,"enemies":"Slime Boss","floor":16.0,"turns":4.0},{"damage":0,"enemies":"2 Thieves","floor":18,"turns":1}],"seed_played":"-83245491798508113","potions_obtained":[{"floor":1.0,"key":"Swift Potion"},{"floor":13.0,"key":"PowerPotion"},{"floor":16.0,"key":"SkillPotion"}],"is_trial":false,"path_per_floor":["M","?","$","?","M","?","R","E","T","E","$","E","M","E","R","B",null,"M"],"character_chosen":"IRONCLAD","items_purchased":["Inflame","Sword Boomerang"],"campfire_rested":0,"item_purchase_floors":[3,11],"current_hp_per_floor":[78,58,58,47,53,79,79,80,80,78,78,44,38,36,36,42,71,71,71],"gold":351,"neow_bonus":"THREE_ENEMY_KILL","is_daily":false,"chose_seed":false,"campfire_upgraded":2,"win_rate":0.0,"timestamp":1609996739,"path_taken":["M","?","$","?","M","?","R","E","T","E","$","E","M","E","R","BOSS","M"],"items_purchased_type":["Card","Card"],"build_version":"2020-12-22","purchased_purges":1,"victory":false,"max_hp_per_floor":[80,80,80,80,80,80,80,80,80,80,80,80,80,80,80,80,80,80,80],"card_choices":[{"not_picked":["Intimidate","Shrug It Off"],"picked":"Pummel","floor":1.0},{"not_picked":["Intimidate","Shrug It Off"],"picked":"Inflame","floor":5.0},{"not_picked":["Carnage","Headbutt","Anger"],"picked":"SKIP","floor":8.0},{"not_picked":["Havoc","Clothesline"],"picked":"Flex","floor":10.0},{"not_picked":["Cleave","Thunderclap","Perfected Strike"],"picked":"SKIP","floor":12.0},{"not_picked":["Anger","Exhume"],"picked":"Warcry","floor":13.0},{"not_picked":["Cleave","True Grit","Disarm"],"picked":"SKIP","floor":14.0},{"not_picked":["Exhume","Fiend Fire"],"picked":"Offering","floor":16.0}],"player_experience":245972,"relics_obtained":[{"floor":8.0,"key":"Bronze Scales"},{"floor":9.0,"key":"Ginger"},{"floor":10.0,"key":"The Courier"},{"floor":12.0,"key":"Potion Belt"},{"floor":14.0,"key":"Omamori"}],"event_choices":[{"damage_healed":0.0,"max_hp_gain":0.0,"max_hp_loss":0.0,"gold_gain":0.0,"event_name":"Golden Idol","player_choice":"Take Damage","floor":2.0,"gold_loss":0.0,"damage_taken":20.0,"relics_obtained":["Golden Idol"]},{"damage_healed":0.0,"max_hp_gain":0.0,"max_hp_loss":0.0,"gold_gain":75.0,"event_name":"World of Goop","player_choice":"Gather Gold","floor":4.0,"gold_loss":0.0,"damage_taken":11.0},{"damage_healed":26.0,"max_hp_gain":0.0,"max_hp_loss":0.0,"gold_gain":0.0,"event_name":"Big Fish","player_choice":"Banana","floor":6.0,"gold_loss":0.0,"damage_taken":0.0}],"is_beta":false,"boss_relics":[{"not_picked":["Snecko Eye","Runic Cube"],"picked":"Ectoplasm"}],"items_purged_floors":[11],"is_endless":false,"potions_floor_spawned":[1,13,16],"killed_by":"2 Thieves","ascension_level":7}}