{"host":"SteinPartDos","time":1609984883,"event":{"mods":["BaseMod","Colored Map","Minty Spire (QoL Compilation)","StSLib"],"gold_per_floor":[114,131,131,148,161,161,187,206,206,234,250,284,284,300,300,402,402,421,142,153,170,186,186,186,186],"floor_reached":24,"playtime":1057,"items_purged":["Strike_B"],"score":244,"play_id":"09a428a9-b120-4b6a-9bd9-99e4381ab2ce","local_time":"20210106210123","is_ascension_mode":true,"campfire_choices":[{"data":"Cold Snap","floor":6.0,"key":"SMITH"},{"data":"Beam Cell","floor":13,"key":"SMITH"},{"data":"Beam Cell","floor":15,"key":"SMITH"},{"data":"Go for the Eyes","floor":23,"key":"SMITH"}],"circlet_count":0,"master_deck":["Strike_B","Strike_B","Defend_B","Defend_B","Defend_B","Zap","Dualcast","Panacea","Cold Snap+1","Gash","Conserve Battery+1","Steam+1","Beam Cell+1","Echo Form","Ball Lightning","Coolheaded+1","Beam Cell+1","Hologram+1","Seek+1","Go for the Eyes+1","Fusion+1","Compile Driver"],"relics":["Cracked Core","Toxic Egg 2","Ancient Tea Set","Strawberry","StoneCalendar","Potion Belt","Empty Cage","Medical Kit"],"acts_visited":["Exordium","TheCity"],"potions_floor_usage":[14,20,21],"damage_taken":[{"damage":1.0,"enemies":"Cultist","floor":1.0,"turns":3.0},{"damage":0.0,"enemies":"2 Louse","floor":2.0,"turns":1.0},{"damage":7.0,"enemies":"Jaw Worm","floor":4.0,"turns":3.0},{"damage":0.0,"enemies":"Looter","floor":5.0,"turns":3.0},{"damage":10.0,"enemies":"Lagavulin","floor":7.0,"turns":8.0},{"damage":10.0,"enemies":"Exordium Wildlife","floor":8.0,"turns":4.0},{"damage":18.0,"enemies":"Gremlin Nob","floor":10.0,"turns":4.0},{"damage":0.0,"enemies":"Blue Slaver","floor":11.0,"turns":2.0},{"damage":1,"enemies":"Lagavulin","floor":12,"turns":6},{"damage":0,"enemies":"2 Fungi Beasts","floor":14,"turns":1},{"damage":4,"enemies":"Hexaghost","floor":16,"turns":7},{"damage":3,"enemies":"Spheric Guardian","floor":18,"turns":5},{"damage":7,"enemies":"Shell Parasite","floor":20,"turns":4},{"damage":14,"enemies":"Shelled Parasite and Fungi","floor":21,"turns":6},{"damage":18,"enemies":"Cultist and Chosen","floor":22,"turns":7},{"damage":44,"enemies":"Gremlin Leader","floor":24,"turns":4}],"seed_played":"-3231514366260558850","potions_obtained":[{"floor":1.0,"key":"Explosive Potion"},{"floor":4.0,"key":"SkillPotion"},{"floor":7.0,"key":"Ancient Potion"},{"floor":11,"key":"Weak Potion"},{"floor":12,"key":"SkillPotion"},{"floor":20,"key":"Energy Potion"}],"is_trial":false,"path_per_floor":["M","M","T","M","M","R","E","M","T","E","M","E","R","M","R","B",null,"M","$","M","M","M","R","E"],"character_chosen":"DEFECT","items_purchased":["Medical Kit","Go for the Eyes"],"campfire_rested":0,"item_purchase_floors":[19,19],"current_hp_per_floor":[74,74,74,67,67,67,57,47,54,36,36,35,35,35,35,31,82,79,79,72,58,40,40,0,0],"gold":186,"neow_bonus":"RANDOM_COLORLESS","is_daily":false,"chose_seed":false,"campfire_upgraded":4,"win_rate":0.0,"timestamp":1609984883,"path_taken":["M","M","?","M","M","R","E","M","T","E","M","E","R","M","R","BOSS","M","$","M","M","M","R","E"],"items_purchased_type":["Relic","Card"],"build_version":"2020-12-18","purchased_purges":1,"victory":false,"max_hp_per_floor":[75,75,75,75,75,75,75,75,82,82,82,82,82,82,82,82,82,82,82,82,82,82,82,82,82],"card_choices":[{"not_picked":["Finesse","Bandage Up"],"picked":"Panacea","floor":0.0},{"not_picked":["Rebound","Fusion"],"picked":"Cold Snap","floor":1.0},{"not_picked":["Loop","Go for the Eyes"],"picked":"Gash","floor":2.0},{"not_picked":["Cold Snap","Heatsinks"],"picked":"Conserve Battery+1","floor":4.0},{"not_picked":["Coolheaded+1","Static Discharge"],"picked":"Steam+1","floor":5.0},{"not_picked":["Compile Driver","Redo+1"],"picked":"Beam Cell","floor":7.0},{"not_picked":["Conserve Battery+1","Heatsinks"],"picked":"Echo Form","floor":8.0},{"not_picked":["Undo+1","Creative AI"],"picked":"Ball Lightning","floor":10.0},{"not_picked":["Loop","Conserve Battery+1"],"picked":"Coolheaded+1","floor":11},{"not_picked":["Hello World","Reprogram+1"],"picked":"Beam Cell","floor":12},{"not_picked":["Beam Cell","Redo+1"],"picked":"Hologram+1","floor":14},{"not_picked":["Fission+1","Buffer"],"picked":"Seek+1","floor":16},{"not_picked":["Cold Snap+1","Stack+1","Tempest+1"],"picked":"SKIP","floor":18},{"not_picked":["Chaos+1","Redo+1"],"picked":"Fusion+1","floor":20},{"not_picked":["Leap+1","Rebound"],"picked":"Compile Driver","floor":21},{"not_picked":["Heatsinks","Loop","Beam Cell+1"],"picked":"SKIP","floor":22}],"player_experience":21007,"relics_obtained":[{"floor":3.0,"key":"Toxic Egg 2"},{"floor":7.0,"key":"Ancient Tea Set"},{"floor":9.0,"key":"Strawberry"},{"floor":10.0,"key":"StoneCalendar"},{"floor":12,"key":"Potion Belt"}],"event_choices":[],"is_beta":true,"boss_relics":[{"not_picked":["Tiny House","Busted Crown"],"picked":"Empty Cage"}],"items_purged_floors":[19],"is_endless":false,"potions_floor_spawned":[1,4,7,11,12,20],"killed_by":"Gremlin Leader","ascension_level":2}}