{"host":"h5acbxt0wmjo1kpm","time":1609998177,"event":{"mods":["2.2 Compatiblity","Act Like it!","AlwaysNeverKeys","Aspiration","Bard","Bartender","BaseMod","Better Third Choice","Colored Map","Elementarium","Gensokyo","GifTheSpireLib","Hallownest","Marisa????????","Menagerie","Minty Spire (QoL Compilation)","Permanent Neow","Potionbrewer","Relic Filter","Remilia??????","Replay The Spire","Robot Space Explorer","RumiaBox-????????","Shade Mod","Spicy Shops","StSLib","Strawberry Spire","The Blackbeard","The Dragon Tamer","The Gatherer","The Hayseed","The Problem Sleuth","The Servant 0.9.4","Wandering Minibosses","vexMod"],"gold_per_floor":[114,114,114,126,79,110,110,129,129,143,181,41,57,57,57,168,195,213,237,88,108,128,128,173,173,220,65,95,95,50,115,115,226,226,255,270,300,309,69,106,106,117,163,102,102,125,168,168,168,168,168,168,24,64,64,64],"floor_reached":55,"playtime":6125,"items_purged":[],"score":1040,"play_id":"7a21b05a-6e22-4e46-9417-b1709f711c9c","local_time":"20210106214257","is_ascension_mode":true,"campfire_choices":[{"data":"bard:Sift","floor":7.0,"key":"SMITH"},{"data":"bard:FaerieFire","floor":15.0,"key":"SMITH"},{"data":"bard:BottledSong","floor":23.0,"key":"SMITH"},{"data":"bard:LingeringEcho","floor":25.0,"key":"SMITH"},{"data":"Midas Touch","floor":29.0,"key":"SMITH"},{"data":"bard:Encore","floor":41.0,"key":"SMITH"},{"floor":45.0,"key":"RECALL"},{"data":"bard:Riposte","floor":49,"key":"SMITH"},{"data":"bard:LocateObject","floor":52,"key":"SMITH"}],"circlet_count":0,"master_deck":["bard:Strike","bard:Defend","bard:Defend","bard:Defend","bard:Defend+1","bard:Riposte+1","bard:Inspire","bard:LingeringEcho+1","bard:Sift+1","bard:Thunderwave","bard:FaerieFire+1","bard:GreaterMagicWeapon","bard:Rest+1","bard:Rest","Poisoned Strike","Finesse","Master of Strategy","bard:BottledSong+1","bard:EnGarde+1","bard:Improv+1","bard:Aphasia+1","bard:Rest","Midas Touch+1","bard:LocateObject+1","bard:SplendidForm+1","bard:HarmoniousVoice+1","Parasite","bard:Encore+1","Delirium","bard:LingeringEcho+1","bard:HarmoniousVoice+1","bard:GlyphOfWarding+1","bard:Heroism+1","bard:SplendidForm+1","bard:CovetousAura+1"],"relics":["bard:PitchPipe","bard:BagPipes","aspiration:Nostalgia","theSleuth:Typewriter","GodSword6","potionbrewer:DrinkingBird","CeramicFish","ReplayTheSpireMod:ShopPack","Astrolabe","aspiration:VileToxins","Thread and Needle","Anchor","Frozen Egg 2","SlaversCollar","ReplayTheSpireMod:Ring of Addiction","White Beast Statue","Toy Ornithopter","Shuriken","Replay:Baseball","Prayer Wheel","DollysMirror","FossilizedHelix"],"acts_visited":["Menagerie:Menagerie","Hallownest:CityofTears","TheBeyond","TheEnding"],"potions_floor_usage":[46,46,47,47,47,47,50,50,54,54,54,55,55],"damage_taken":[{"damage":0.0,"enemies":"Menagerie:StygianBoar","floor":1.0,"turns":3.0},{"damage":3.0,"enemies":"Menagerie:WhisperingWraith","floor":4.0,"turns":4.0},{"damage":19.0,"enemies":"Menagerie:VoidReaper","floor":6.0,"turns":6.0},{"damage":2.0,"enemies":"Menagerie:MonstrousExperiment","floor":8.0,"turns":4.0},{"damage":0.0,"enemies":"Menagerie:3_RABBITS","floor":10.0,"turns":3.0},{"damage":2.0,"enemies":"Menagerie:MaskedSummoner","floor":11.0,"turns":7.0},{"damage":9.0,"enemies":"Menagerie:RedMage","floor":13.0,"turns":4.0},{"damage":11.0,"enemies":"Menagerie:Chimera","floor":16.0,"turns":9.0},{"damage":1.0,"enemies":"Hallownest:2_Mistakes","floor":18.0,"turns":7.0},{"damage":31.0,"enemies":"Hallownest:Guard_and_Sentry","floor":19.0,"turns":9.0},{"damage":3.0,"enemies":"Hallownest:Warrior_and_Youth","floor":21.0,"turns":6.0},{"damage":20.0,"enemies":"Hallownest:Master_and_Novice","floor":22.0,"turns":5.0},{"damage":10.0,"enemies":"Hallownest:Nosk","floor":24.0,"turns":12.0},{"damage":35.0,"enemies":"Hallownest:eliteWatcherKnight","floor":28.0,"turns":14.0},{"damage":8.0,"enemies":"Hallownest:Glutton_and_Coward","floor":31.0,"turns":4.0},{"damage":11.0,"enemies":"Hallownest:BossSoulMaster","floor":33.0,"turns":19.0},{"damage":0.0,"enemies":"3 Shapes","floor":35.0,"turns":5.0},{"damage":20.0,"enemies":"Orb Walker","floor":36.0,"turns":7.0},{"damage":14.0,"enemies":"Writhing Mass","floor":37.0,"turns":7.0},{"damage":0.0,"enemies":"R_Hoarder","floor":40.0,"turns":10.0},{"damage":0.0,"enemies":"3 Darklings","floor":42.0,"turns":6.0},{"damage":36,"enemies":"Transient","floor":46,"turns":6},{"damage":61,"enemies":"Reptomancer","floor":47,"turns":6},{"damage":56,"enemies":"Awakened One","floor":50,"turns":13},{"damage":37,"enemies":"Shield and Spear","floor":54,"turns":7},{"damage":70,"enemies":"The Heart","floor":55,"turns":3}],"seed_played":"-3300268878121420229","potions_obtained":[{"floor":1.0,"key":"potionbrewer:NoxiousPotion"},{"floor":2.0,"key":"bard:BottledSong"},{"floor":10.0,"key":"Adrenaline Potion"},{"floor":11.0,"key":"LifebloodPotion"},{"floor":13.0,"key":"potionbrewer:CleansingPotion"},{"floor":22.0,"key":"Cursed Concoction"},{"floor":24.0,"key":"Fire Potion"},{"floor":36.0,"key":"potionbrewer:NoxiousPotion"},{"floor":38.0,"key":"Toxic Potion"},{"floor":40.0,"key":"ColorlessPotion"},{"floor":42.0,"key":"Elixir"},{"floor":46,"key":"potionbrewer:SplittingPotion"},{"floor":47,"key":"Strength Potion"},{"floor":54,"key":"AttackPotion"}],"is_trial":false,"path_per_floor":["M","?","?","M","$","E","R","M","T","M","E","$","M","?","R","B",null,"M","M","$","M","M","R","E","R","T","$","E","R","?","M","R_BF","B",null,"M","M","M","?","$","E","R","M","T","$","R","M","E","?","R","B",null,"R","$","E","B"],"character_chosen":"BARD","items_purchased":["bard:Thunderwave","bard:Rest","ReplayTheSpireMod:ShopPack","aspiration:VileToxins","Midas Touch","Shuriken","bard:HarmoniousVoice+1","DollysMirror"],"campfire_rested":0,"item_purchase_floors":[5,12,12,20,27,39,44,53],"current_hp_per_floor":[63,63,63,60,60,41,41,39,39,39,37,37,40,35,35,32,61,70,43,43,56,52,52,58,58,58,58,35,35,35,39,60,62,68,70,60,56,56,56,70,70,70,70,70,70,38,9,61,61,14,49,49,49,43,0,0],"gold":64,"neow_bonus":"NOSTALGIA","is_daily":false,"chose_seed":false,"campfire_upgraded":8,"win_rate":0.0,"timestamp":1609998177,"path_taken":["M","?","?","?","?","E","R","M","T","M","E","$","M","?","R","BOSS","M","M","$","M","M","R","E","R","T","$","E","R","?","?","R_BF","BOSS","M","?","M","?","?","E","R","?","T","$","R","M","E","?","R","BOSS","R","$","E","BOSS"],"items_purchased_type":["Card","Card","Relic","Relic","Card","Relic","Card","Relic"],"build_version":"2020-12-22","purchased_purges":0,"victory":false,"max_hp_per_floor":[70,70,70,70,70,70,70,70,70,70,70,70,70,70,70,70,70,70,70,70,70,70,70,70,70,70,70,70,70,70,70,70,70,70,70,70,70,70,70,70,70,70,70,70,70,70,70,61,61,61,61,61,61,59,59,59],"card_choices":[{"not_picked":["bard:Accelerando","bard:Fermata"],"picked":"bard:LingeringEcho","floor":1.0},{"not_picked":["bard:Rest","bard:StudiedStrike"],"picked":"bard:Sift","floor":4.0},{"not_picked":["bard:Parry","bard:HideousLaughter"],"picked":"bard:FaerieFire","floor":6.0},{"not_picked":["bard:SongBolt","bard:ViciousMockery","bard:HideousLaughter"],"picked":"SKIP","floor":8.0},{"not_picked":["bard:ThickOfTheFight","bard:EchoEcho","bard:GlyphOfWarding"],"picked":"SKIP","floor":10.0},{"not_picked":["bard:Aphasia","bard:FeastOnFear"],"picked":"bard:GreaterMagicWeapon","floor":11.0},{"not_picked":["Magnetism","Metamorphosis"],"picked":"Poisoned Strike","floor":12.0},{"not_picked":["Discovery","Violence"],"picked":"Finesse","floor":12.0},{"not_picked":["Violence","ReplayUltimateDefense"],"picked":"Master of Strategy","floor":12.0},{"not_picked":["bard:QuickSong","bard:Balestra","bard:ViciousMockery"],"picked":"SKIP","floor":13.0},{"not_picked":["bard:Invisibility","bard:Wish"],"picked":"bard:BottledSong","floor":16.0},{"not_picked":["bard:QuickSong","bard:EchoEcho","bard:PhantasmalForce"],"picked":"SKIP","floor":18.0},{"not_picked":["bard:Doot","bard:PhantasmalForce+1"],"picked":"bard:Rest","floor":19.0},{"not_picked":["bard:FalseLife","bard:SongBolt+1","bard:Doot+1"],"picked":"SKIP","floor":21.0},{"not_picked":["bard:PhantasmalForce+1","bard:TinyHut","bard:MantleOfInspiration"],"picked":"SKIP","floor":22.0},{"not_picked":["bard:Parry","bard:Thunderwave","bard:BottledSong"],"picked":"SKIP","floor":24.0},{"not_picked":["bard:StudiedStrike","bard:SongBolt","bard:CuttingWords"],"picked":"SKIP","floor":28.0},{"not_picked":["bard:BucklerBash","bard:PhantasmalForce"],"picked":"bard:LocateObject","floor":31.0},{"not_picked":["bard:BottledSong","bard:DeathMetal+1"],"picked":"bard:SplendidForm+1","floor":33.0},{"not_picked":["bard:EchoEcho","bard:LifeDrain+1"],"picked":"bard:HarmoniousVoice+1","floor":35.0},{"not_picked":["bard:PhantasmalForce+1","bard:CuttingWords","bard:Demoralize"],"picked":"SKIP","floor":36.0},{"not_picked":["bard:ViciousMockery+1","bard:LifeDrain"],"picked":"bard:Encore","floor":37.0},{"not_picked":["bard:InspiringSong","bard:Shout"],"picked":"bard:LingeringEcho+1","floor":40.0},{"not_picked":["bard:StudiedStrike","bard:Accelerando","bard:BestowCurse+1"],"picked":"SKIP","floor":42.0},{"not_picked":["bard:ViciousMockery+1","bard:Sift+1"],"picked":"bard:GlyphOfWarding+1","floor":46},{"not_picked":["bard:ViciousMockery","bard:CuttingWords"],"picked":"bard:Heroism+1","floor":47},{"not_picked":["bard:Sift","bard:Balestra+1"],"picked":"bard:CovetousAura+1","floor":54}],"player_experience":2158536,"relics_obtained":[{"floor":6.0,"key":"GodSword6"},{"floor":9.0,"key":"potionbrewer:DrinkingBird"},{"floor":11.0,"key":"CeramicFish"},{"floor":24.0,"key":"Thread and Needle"},{"floor":26.0,"key":"Anchor"},{"floor":28.0,"key":"Frozen Egg 2"},{"floor":38.0,"key":"ReplayTheSpireMod:Ring of Addiction"},{"floor":38.0,"key":"White Beast Statue"},{"floor":38.0,"key":"Toy Ornithopter"},{"floor":40.0,"key":"Replay:Baseball"},{"floor":47,"key":"Prayer Wheel"},{"floor":54,"key":"FossilizedHelix"}],"event_choices":[{"damage_healed":0.0,"max_hp_gain":0.0,"max_hp_loss":0.0,"gold_gain":0.0,"event_name":"Menagerie:CorruptingLight","player_choice":"Ignored","floor":3.0,"gold_loss":0.0,"damage_taken":0.0},{"damage_healed":0.0,"max_hp_gain":0.0,"max_hp_loss":5.0,"gold_gain":0.0,"event_name":"Menagerie:HarrowingRitual","player_choice":"Accept","floor":14.0,"gold_loss":0.0,"damage_taken":0.0,"cards_upgraded":["bard:Defend"]},{"damage_healed":61,"gold_gain":0,"player_choice":"Heal","damage_taken":0,"max_hp_gain":0,"max_hp_loss":9,"event_name":"The Moai Head","floor":48,"gold_loss":0}],"is_beta":false,"boss_relics":[{"not_picked":["Snecko Eye","Coffee Dripper"],"picked":"Astrolabe"},{"not_picked":["aspiration:IroncladSkillbook","Replay:Ancient Bell"],"picked":"SlaversCollar"}],"items_purged_floors":[],"is_endless":false,"potions_floor_spawned":[1,10,11,13,18,22,24,36,40,42,46,47,54],"killed_by":"The Heart","ascension_level":6}}