{"host":"ig7tc0uedzltt2sr","time":1609996126,"event":{"mods":["BaseMod","Better Twitch Integration","Block Reminder","Colored Map","Colored Powertips","Communication Mod","Current Relic Mod","GifTheSpireLib","HexUI Lib","Minty Spire (QoL Compilation)","Quick Restart","Random Character Button","Rare Cards Sparkle","Relic Sorter","Relic Stats","Slay the Relics Exporter","StSLib","SuperFastMode","Synergy Search","Twitch Decklist","Twitch Utils","everything is the same but u backflip on backflip","slay the spire mod where everything is the same but ironclad has a cowboy hat"],"gold_per_floor":[116,135,84,64,79,79,79],"floor_reached":6,"playtime":69,"items_purged":[],"score":36,"play_id":"ec04ae76-763e-453e-ae7f-db37d97aebc6","local_time":"20210106210846","is_ascension_mode":false,"campfire_choices":[],"circlet_count":0,"master_deck":["Strike_R","Strike_R","Strike_R","Strike_R","Strike_R","Defend_R","Defend_R","Defend_R","Defend_R","Bash","Rupture","Havoc","Shockwave"],"relics":["Burning Blood"],"acts_visited":["Exordium"],"potions_floor_usage":[],"damage_taken":[{"damage":0,"enemies":"2 Louse","floor":1,"turns":6},{"damage":47,"enemies":"Cultist","floor":2,"turns":8},{"damage":5,"enemies":"Small Slimes","floor":5,"turns":6},{"damage":63,"enemies":"Lagavulin","floor":6,"turns":10}],"seed_played":"4267035212041596272","potions_obtained":[{"floor":1,"key":"LiquidMemories"},{"floor":4,"key":"PowerPotion"}],"is_trial":false,"path_per_floor":["M","M","$","?","M","E"],"character_chosen":"IRONCLAD","items_purchased":["AttackPotion"],"campfire_rested":0,"item_purchase_floors":[3],"current_hp_per_floor":[88,47,47,47,48,0,0],"gold":79,"neow_bonus":"TEN_PERCENT_HP_BONUS","is_daily":false,"chose_seed":false,"campfire_upgraded":0,"win_rate":0.0,"timestamp":1609996126,"path_taken":["M","M","$","?","M","E"],"items_purchased_type":["Potion"],"build_version":"2020-12-22","purchased_purges":0,"victory":false,"max_hp_per_floor":[88,88,88,88,88,88,88],"relic_stats":{"counters":[4,30],"obtain_stats":[{"Burning Blood":0},{"Burning Blood":0},{"Burning Blood":0}],"Burning Blood":12},"card_choices":[{"not_picked":["Iron Wave","Pommel Strike"],"picked":"Rupture","floor":1},{"not_picked":["Shrug It Off","Flex"],"picked":"Havoc","floor":2},{"not_picked":["Sword Boomerang","Heavy Blade"],"picked":"Shockwave","floor":5}],"player_experience":1446776,"relics_obtained":[],"event_choices":[{"damage_healed":0,"gold_gain":0,"player_choice":"Bought 1 Potion","damage_taken":0,"max_hp_gain":0,"max_hp_loss":0,"event_name":"The Woman in Blue","floor":4,"gold_loss":0}],"is_beta":false,"boss_relics":[],"items_purged_floors":[],"is_endless":false,"potions_floor_spawned":[1],"killed_by":"Lagavulin","ascension_level":0}}