{"host":"q1yq0ibtlljsjzm9","time":1609999223,"event":{"mods":["BaseMod","DeckTracker","Hermit","Minty Spire (QoL Compilation)","StSLib"],"gold_per_floor":[112,112,112,124,142,172,172,200,200,220,235,235,260,277,277,373,423,435,435,142,154,164,164,164,180,228,228,72,87,98,17,17,17,17],"floor_reached":33,"playtime":2731,"items_purged":[],"score":259,"play_id":"49cef78f-01de-4445-9096-cc560cf1a85f","local_time":"20210106220023","is_ascension_mode":false,"campfire_choices":[{"floor":7.0,"key":"REST"},{"floor":12.0,"key":"RECALL"},{"floor":15.0,"key":"REST"},{"floor":23.0,"key":"REST"},{"floor":32,"key":"REST"}],"circlet_count":0,"master_deck":["Strike_B+1","Strike_B","Defend_B","Defend_B","Defend_B","Defend_B","Zap","Dualcast","Genetic Algorithm","Tempest","Genetic Algorithm","Static Discharge","Leap","Ball Lightning","Streamline","Leap","Gash","Electrodynamics+1","Streamline","BootSequence","Loop+1","Redo","Double Energy","Auto Shields","Steam+1","Conserve Battery","Sunder"],"relics":["Cracked Core","NeowsBlessing","Blood Vial","Frozen Egg 2","Boot","Omamori","Tiny House","Sling","Orichalcum","Girya","Regal Pillow","ClockworkSouvenir"],"acts_visited":["Exordium","TheCity"],"potions_floor_usage":[30,33],"damage_taken":[{"damage":0.0,"enemies":"Small Slimes","floor":1.0,"turns":1.0},{"damage":0.0,"enemies":"Cultist","floor":4.0,"turns":1.0},{"damage":0.0,"enemies":"2 Louse","floor":5.0,"turns":1.0},{"damage":42.0,"enemies":"Lagavulin","floor":6.0,"turns":6.0},{"damage":30.0,"enemies":"3 Sentries","floor":8.0,"turns":8.0},{"damage":5.0,"enemies":"Red Slaver","floor":10.0,"turns":4.0},{"damage":1.0,"enemies":"Looter","floor":11.0,"turns":3.0},{"damage":0.0,"enemies":"2 Fungi Beasts","floor":14.0,"turns":5.0},{"damage":61.0,"enemies":"Slime Boss","floor":16.0,"turns":9.0},{"damage":9.0,"enemies":"3 Byrds","floor":18.0,"turns":2.0},{"damage":17.0,"enemies":"Spheric Guardian","floor":21.0,"turns":4.0},{"damage":9.0,"enemies":"Snecko","floor":22.0,"turns":4.0},{"damage":18.0,"enemies":"Centurion and Healer","floor":25.0,"turns":6.0},{"damage":4.0,"enemies":"Shelled Parasite and Fungi","floor":29.0,"turns":6.0},{"damage":13,"enemies":"Sentry and Sphere","floor":30,"turns":6},{"damage":129,"enemies":"Champ","floor":33,"turns":14}],"seed_played":"8626075584502148959","potions_obtained":[{"floor":1.0,"key":"Regen Potion"},{"floor":4.0,"key":"Ancient Potion"},{"floor":8.0,"key":"SpeedPotion"},{"floor":11.0,"key":"AttackPotion"},{"floor":16.0,"key":"PowerPotion"},{"floor":17.0,"key":"Swift Potion"},{"floor":25.0,"key":"FairyPotion"},{"floor":29,"key":"PowerPotion"},{"floor":30,"key":"DistilledChaos"}],"is_trial":false,"path_per_floor":["M","?","?","M","M","E","R","E","T","M","M","R","T","M","R","B",null,"M","?","$","M","M","R","?","M","T","?","$","M","M","$","R","B"],"character_chosen":"DEFECT","items_purchased":["Sling","Orichalcum","ClockworkSouvenir","Sunder"],"campfire_rested":4,"item_purchase_floors":[20,20,28,31],"current_hp_per_floor":[75,72,72,74,75,33,55,27,27,24,25,25,25,27,49,2,80,71,71,71,56,49,73,73,57,57,57,57,55,44,44,80,0,0],"gold":17,"neow_bonus":"THREE_ENEMY_KILL","is_daily":false,"chose_seed":false,"campfire_upgraded":0,"win_rate":0.0,"timestamp":1609999223,"path_taken":["M","?","?","?","M","E","R","E","T","M","M","R","?","M","R","BOSS","M","?","$","?","M","R","?","M","T","?","$","?","M","$","R","BOSS"],"items_purchased_type":["Relic","Relic","Relic","Card"],"build_version":"2020-12-22","purchased_purges":0,"victory":false,"max_hp_per_floor":[75,75,75,75,75,75,75,75,75,75,75,75,75,75,75,75,80,80,80,80,80,80,80,80,80,80,80,80,80,80,80,80,80,80],"card_choices":[{"not_picked":["Redo","Ball Lightning"],"picked":"Genetic Algorithm","floor":1.0},{"not_picked":["Compile Driver","Stack"],"picked":"Genetic Algorithm","floor":4.0},{"not_picked":["Coolheaded","Go for the Eyes"],"picked":"Static Discharge","floor":5.0},{"not_picked":["Rebound","Barrage"],"picked":"Leap","floor":6.0},{"not_picked":["Sweeping Beam","Compile Driver"],"picked":"Ball Lightning","floor":8.0},{"not_picked":["Go for the Eyes","Hologram"],"picked":"Streamline","floor":10.0},{"not_picked":["Blizzard","Coolheaded"],"picked":"Leap","floor":11.0},{"not_picked":["Stack","Multi-Cast"],"picked":"Gash","floor":14.0},{"not_picked":["Echo Form+1","Machine Learning+1"],"picked":"Electrodynamics+1","floor":16.0},{"not_picked":["Barrage","Leap"],"picked":"Streamline","floor":17.0},{"not_picked":["Streamline","Consume+1"],"picked":"BootSequence","floor":18.0},{"not_picked":["Doom and Gloom","Barrage+1"],"picked":"Redo","floor":21.0},{"not_picked":["Coolheaded","Reinforced Body"],"picked":"Double Energy","floor":22.0},{"not_picked":["Tempest","Steam"],"picked":"Auto Shields","floor":25.0},{"not_picked":["Tempest","Go for the Eyes"],"picked":"Steam+1","floor":29},{"not_picked":["Steam Power","Cold Snap"],"picked":"Conserve Battery","floor":30}],"player_experience":58591,"relics_obtained":[{"floor":6.0,"key":"Frozen Egg 2"},{"floor":8.0,"key":"Boot"},{"floor":13.0,"key":"Omamori"},{"floor":26.0,"key":"Regal Pillow"}],"event_choices":[{"damage_healed":0.0,"max_hp_gain":0.0,"max_hp_loss":0.0,"gold_gain":0.0,"event_name":"Scrap Ooze","player_choice":"Success","floor":2.0,"gold_loss":0.0,"damage_taken":3.0,"relics_obtained":["Blood Vial"]},{"damage_healed":0.0,"max_hp_gain":0.0,"max_hp_loss":0.0,"gold_gain":0.0,"cards_transformed":["Strike_B"],"event_name":"Transmorgrifier","player_choice":"Transformed","floor":3.0,"gold_loss":0.0,"damage_taken":0.0,"cards_obtained":["Tempest"]},{"damage_healed":0.0,"max_hp_gain":0.0,"max_hp_loss":0.0,"gold_gain":0.0,"cards_transformed":["Strike_B"],"event_name":"Transmorgrifier","player_choice":"Transformed","floor":19.0,"gold_loss":0.0,"damage_taken":0.0,"cards_obtained":["Loop"]},{"damage_healed":0.0,"max_hp_gain":0.0,"max_hp_loss":0.0,"gold_gain":0.0,"event_name":"The Mausoleum","player_choice":"Opened","floor":24.0,"gold_loss":0.0,"damage_taken":0.0,"relics_obtained":["Girya"],"cards_obtained":["Writhe"]},{"damage_healed":0.0,"max_hp_gain":0.0,"max_hp_loss":0.0,"gold_gain":0.0,"event_name":"The Woman in Blue","player_choice":"Bought 0 Potions","floor":27.0,"gold_loss":0.0,"damage_taken":0.0}],"is_beta":false,"boss_relics":[{"not_picked":["Astrolabe","SacredBark"],"picked":"Tiny House"}],"items_purged_floors":[],"is_endless":false,"potions_floor_spawned":[1,4,8,11,16,21,25,29,30],"killed_by":"Champ","ascension_level":0}}