{"host":"waq1ashgqt0tulkv","time":1609985091,"event":{"mods":["Aspiration","BaseMod","BetterRewards","Colored Powertips","Conspire","Downfall","Duelist Mod","Hermit","Hubris","Infinite Spire","Minty Spire (QoL Compilation)","Quick Restart","Rare Cards Sparkle","Replay The Spire","StSLib","SuperFastMode","The Animator","The Bug Knight","The Construct","The Cursed","The Disciple","The Hierophant","The Necromancer","The Runesmith","The Servant 0.9.4","egg"],"gold_per_floor":[99,109,126,146,146,14,65,76,110,110,122,122,134,146,160,264,264,264,275,287,197,197,197,224,250,250,90,90,106,122,122,139,244,244,244,254,254,271,286,286,286,286,286,305,305,305,305,319,330,330,330,330],"floor_reached":50,"playtime":4010,"items_purged":[],"score":468,"play_id":"b1d47097-e2a5-44ae-a3e8-04c4f4430d60","local_time":"20210106190451","is_ascension_mode":false,"campfire_choices":[{"data":"Guardian:CurlUp","floor":1.0,"key":"SMITH"},{"data":"Guardian:PrismaticBeam","floor":10.0,"key":"SMITH"},{"floor":12.0,"key":"REST"},{"floor":26.0,"key":"REST"},{"floor":28.0,"key":"REST"},{"data":"Guardian:FastForward","floor":35.0,"key":"SMITH"},{"data":"Guardian:EvasiveProtocol","floor":40.0,"key":"SMITH"},{"data":"Guardian:RefractedBeam","floor":43.0,"key":"SMITH"},{"floor":45.0,"key":"REST"}],"circlet_count":0,"master_deck":["Guardian:Strike_Guardian","Guardian:Strike_Guardian","Guardian:Strike_Guardian","Guardian:Strike_Guardian","Guardian:Defend_Guardian","Guardian:Defend_Guardian","Guardian:Defend_Guardian","Guardian:Defend_Guardian","Guardian:CurlUp+1","Guardian:TwinSlam+1","Guardian:RefractedBeam+1","Guardian:StasisField","Guardian:BronzeOrb","Guardian:Incinerate","Guardian:VentSteam","Guardian:PrismaticBeam+1","Guardian:Recover","Guardian:Recover","Guardian:FastForward+1","Guardian:Suspension","Guardian:SentryBeam","Guardian:Harden","Guardian:EvasiveProtocol+1","Guardian:SentryBeam+1","Guardian:TimeCapacitor","Guardian:PrismaticBarrier","Guardian:FierceBash","Guardian:Gem_Crimson","Guardian:Gem_Red"],"relics":["Guardian:ModeShifter","Blue Doll","Nunchaku","Strawberry","Pet Ghost","aspiration:Nostalgia","construct:Cogwheel","HornCleat"],"acts_visited":["Exordium","TheCity","TheBeyond"],"potions_floor_usage":[49],"damage_taken":[{"damage":1.0,"enemies":"Jaw Worm","floor":2.0,"turns":4.0},{"damage":0.0,"enemies":"Cultist","floor":3.0,"turns":3.0},{"damage":0.0,"enemies":"Small Slimes","floor":4.0,"turns":3.0},{"damage":0.0,"enemies":"downfall:FleeingMerchant","floor":6.0,"turns":4.0},{"damage":1.0,"enemies":"Red Slaver","floor":8.0,"turns":5.0},{"damage":23.0,"enemies":"Lagavulin","floor":9.0,"turns":9.0},{"damage":5.0,"enemies":"3 Louse","floor":11.0,"turns":3.0},{"damage":9.0,"enemies":"2 Fungi Beasts","floor":13.0,"turns":3.0},{"damage":11.0,"enemies":"Large Slime","floor":14.0,"turns":2.0},{"damage":0.0,"enemies":"3 Louse","floor":15.0,"turns":2.0},{"damage":37.0,"enemies":"downfall:Silent","floor":16.0,"turns":13.0},{"damage":20.0,"enemies":"Spheric Guardian","floor":19.0,"turns":4.0},{"damage":8.0,"enemies":"Shell Parasite","floor":20.0,"turns":6.0},{"damage":0.0,"enemies":"downfall:FleeingMerchant","floor":21.0,"turns":4.0},{"damage":54.0,"enemies":"Slavers","floor":25.0,"turns":9.0},{"damage":0.0,"enemies":"downfall:FleeingMerchant","floor":27.0,"turns":4.0},{"damage":2.0,"enemies":"3 Cultists","floor":29.0,"turns":6.0},{"damage":9.0,"enemies":"Sentry and Sphere","floor":30.0,"turns":5.0},{"damage":9.0,"enemies":"Snake Plant","floor":32.0,"turns":6.0},{"damage":26.0,"enemies":"downfall:Watcher","floor":33.0,"turns":13.0},{"damage":5.0,"enemies":"Orb Walker","floor":36.0,"turns":4.0},{"damage":12.0,"enemies":"3 Shapes","floor":38.0,"turns":4.0},{"damage":23.0,"enemies":"Jaw Worm Horde","floor":39.0,"turns":7.0},{"damage":40.0,"enemies":"4 Shapes","floor":44.0,"turns":7.0},{"damage":4.0,"enemies":"Maw","floor":48.0,"turns":9.0},{"damage":14,"enemies":"3 Darklings","floor":49,"turns":8},{"damage":59,"enemies":"downfall:Defect","floor":50,"turns":7}],"seed_played":"-2020095795955985489","potions_obtained":[{"floor":3.0,"key":"Dexterity Potion"},{"floor":4.0,"key":"SteroidPotion"},{"floor":5.0,"key":"Slimebound:ThreeZeroPotion"},{"floor":5.0,"key":"Guardian:StasisDiscoveryPotion"},{"floor":11.0,"key":"SmokeBomb"},{"floor":13.0,"key":"champ:CounterPotion"},{"floor":18.0,"key":"ColorlessPotion"},{"floor":25.0,"key":"Energy Potion"},{"floor":29.0,"key":"Explosive Potion"},{"floor":32.0,"key":"ColorlessPotion"},{"floor":33.0,"key":"Block Potion"},{"floor":36.0,"key":"Guardian:BlockOnCardUsePotion"},{"floor":49,"key":"Energy Potion"}],"is_trial":false,"path_per_floor":["R","M","M","M","?","$","T","M","E","R","M","R","M","M","M","B",null,"R","M","M","$","?","?","T","E","R","$","R","M","M","?","M","B",null,"R","M","?","M","M","R","T","?","R","M","R","?","?","M","M","B"],"character_chosen":"GUARDIAN","items_purchased":["Guardian:BronzeOrb","Guardian:Incinerate","Guardian:Harden","aspiration:Nostalgia"],"campfire_rested":4,"item_purchase_floors":[6,6,21,27],"current_hp_per_floor":[80,79,79,79,79,79,79,78,55,55,50,74,65,54,54,17,80,80,60,52,60,60,60,67,13,39,39,65,63,54,54,45,19,87,87,82,82,70,47,47,47,47,47,7,33,76,76,72,58,0,0,0],"gold":330,"neow_bonus":"UPGRADE_CARD","is_daily":false,"chose_seed":false,"campfire_upgraded":5,"win_rate":0.0,"timestamp":1609985091,"path_taken":["R","M","M","M","?","$","T","M","E","R","M","R","?","M","M","BOSS","R","M","M","$","?","?","T","E","R","$","R","?","M","?","M","BOSS","R","M","?","M","M","R","T","?","R","M","R","?","?","M","M","BOSS"],"items_purchased_type":["Card","Card","Card","Relic"],"build_version":"2020-12-13","purchased_purges":0,"victory":false,"max_hp_per_floor":[80,80,80,80,80,80,80,80,80,80,80,80,80,80,80,80,80,80,80,80,80,80,80,87,87,87,87,87,87,87,87,87,87,87,87,87,87,87,87,87,87,87,87,87,87,76,76,76,76,76,76,76],"card_choices":[{"not_picked":["Guardian:Reroute","Guardian:Gem_Cyan"],"picked":"Guardian:Gem_Green","floor":2.0},{"not_picked":["Guardian:TemporalShield","Guardian:Gem_Cyan"],"picked":"Guardian:RefractedBeam","floor":3.0},{"not_picked":["Guardian:Emergency","Guardian:RefractedBeam"],"picked":"Guardian:Gem_Purple","floor":4.0},{"not_picked":["Guardian:ChargeCore","Guardian:Reroute"],"picked":"Guardian:StasisField","floor":6.0},{"not_picked":["Guardian:Gem_Green","Guardian:ChargeCore"],"picked":"Guardian:VentSteam","floor":8.0},{"not_picked":["Guardian:BronzeArmor","Guardian:Gem_Crimson"],"picked":"Guardian:PrismaticBeam","floor":9.0},{"not_picked":["Guardian:TemporalShield","Guardian:EvasiveProtocol"],"picked":"Guardian:Recover","floor":11.0},{"not_picked":["Guardian:WalkerClaw","Guardian:Incinerate"],"picked":"Guardian:Gem_Purple","floor":13.0},{"not_picked":["Guardian:Incinerate","Guardian:Repulse"],"picked":"Guardian:Recover","floor":14.0},{"not_picked":["Guardian:GuardianWhirl","Guardian:PrimingBeam"],"picked":"Guardian:Gem_Orange","floor":15.0},{"not_picked":["Guardian:StasisField","Guardian:StasisStrike"],"picked":"Guardian:FastForward","floor":16.0},{"not_picked":["Guardian:Incinerate","Guardian:RefractedBeam"],"picked":"Guardian:Suspension","floor":19.0},{"not_picked":["Guardian:TemporalStrike","Guardian:ShieldCharger"],"picked":"Guardian:SentryBeam","floor":20.0},{"not_picked":["Guardian:WalkerClaw+1","Guardian:PiercingHide"],"picked":"Guardian:Emergency","floor":21.0},{"not_picked":["Guardian:Gem_White","Guardian:SphericShield"],"picked":"Guardian:EvasiveProtocol","floor":25.0},{"not_picked":["Guardian:Gem_Cyan","Guardian:Emergency+1"],"picked":"Guardian:SentryBeam+1","floor":27.0},{"not_picked":["Guardian:BronzeOrb+1","Guardian:PiercingHide"],"picked":"Guardian:TimeCapacitor","floor":29.0},{"not_picked":["Guardian:RollAttack","Guardian:ChargeCore","Guardian:PolyBeam+1"],"picked":"SKIP","floor":30.0},{"not_picked":["Guardian:Gem_Crimson","Guardian:Planning+1"],"picked":"Guardian:PrismaticBarrier","floor":32.0},{"not_picked":["Guardian:SphericShield","Guardian:Gem_Orange"],"picked":"Guardian:FierceBash","floor":33.0},{"not_picked":["Guardian:ChargeCore+1","Guardian:WalkerClaw"],"picked":"Guardian:Gem_Cyan","floor":36.0},{"not_picked":["Guardian:TimeCapacitor","Guardian:Preprogram+1","Guardian:Suspension"],"picked":"SKIP","floor":38.0},{"not_picked":["Guardian:Recover","Guardian:Suspension","Guardian:BronzeArmor+1"],"picked":"SKIP","floor":39.0},{"not_picked":["Guardian:Suspension","Guardian:BronzeArmor+1","Guardian:Reroute"],"picked":"SKIP","floor":44.0},{"not_picked":["Guardian:ShieldCharger+1","Guardian:PrismaticBeam+1"],"picked":"Guardian:Gem_Crimson","floor":48.0},{"not_picked":["Guardian:ShieldCharger+1","Guardian:Planning+1"],"picked":"Guardian:Gem_Red","floor":49}],"player_experience":49595,"relics_obtained":[{"floor":7.0,"key":"Blue Doll"},{"floor":9.0,"key":"Nunchaku"},{"floor":24.0,"key":"Strawberry"},{"floor":25.0,"key":"Pet Ghost"},{"floor":41.0,"key":"HornCleat"}],"event_choices":[{"damage_healed":0.0,"max_hp_gain":0.0,"max_hp_loss":0.0,"gold_gain":0.0,"event_name":"Lab","player_choice":"Got Potions","floor":5.0,"gold_loss":0.0,"damage_taken":0.0},{"damage_healed":0.0,"max_hp_gain":0.0,"max_hp_loss":0.0,"gold_gain":0.0,"event_name":"conspire:Investor","player_choice":"Leave","floor":37.0,"gold_loss":0.0,"damage_taken":0.0},{"cards_removed":["Guardian:Emergency"],"damage_healed":0.0,"max_hp_gain":0.0,"max_hp_loss":0.0,"gold_gain":0.0,"event_name":"Falling","player_choice":"Removed Skill","floor":42.0,"gold_loss":0.0,"damage_taken":0.0},{"damage_healed":0.0,"max_hp_gain":0.0,"max_hp_loss":0.0,"gold_gain":0.0,"event_name":"Mysterious Sphere","player_choice":"Ignored","floor":47.0,"gold_loss":0.0,"damage_taken":0.0}],"is_beta":false,"boss_relics":[{"not_picked":["Replay:Grab Bag","aspiration:FutureDiary","Coffee Dripper"]},{"not_picked":["hubris:HollowSoul","hubris:BlackHole","hubris:CrackedHourglass"]}],"items_purged_floors":[],"is_endless":false,"potions_floor_spawned":[3,4,11,13,20,25,29,32,33,36,38,49],"killed_by":"downfall:Defect","ascension_level":0}}