{"host":"acczert1kscx59ut","time":1609983794,"event":{"mods":["AchievementEnabler","Act Like it!","Aspiration","Astrologer","BaseMod","Beaked The Cultist","Bestiary","BetterRewards","Conspire","Decade(???)","Dio Mod","Downfall","Duelist Mod","Elementarium","Gensokyo","GifTheSpireLib","Glutton Mod","Gold Saver","Gremlin Mod","GungeonMod","Hallownest","Hermit","Hero for Fun","Hubris","Infinite Spire","Jorbs\u0027s Wanderer Trilogy","Koishi","Lobotomy","LobotomyExtend","Magitek Elite","Melee Mod","Minty Spire (QoL Compilation)","Quick Restart","Replay The Spire","Robot Space Explorer","Shade Mod","Shedinja","Shop Mod","Somnambulant","Spicy Shops","StSLib","Stuff the Spire","SuperFastMode","Td1madao Mod","The Animator","The Blackbeard","The Bug Knight","The Clintock","The Construct","The Cursed","The Disciple","The Dragon Tamer","The Exalted","The Factory","The Forsaken","The Gatherer","The Hayseed","The Hierophant","The Jungle","The Kombatant","The Necromancer","The Problem Sleuth","The Runesmith","The Showman","The Valiant","The Vixen","The Wild Card","TheFirefly","thorton","vexMod"],"gold_per_floor":[162,189,221,233,79,114,114,114,165,165,165,196,221,254,254,357,357,388,388,402,48,64,64,114,114,182,182,219,237,252,266,266,361,361,380,380,392,402,417,430,442,442,468,499,499,55,69,87,87,87],"floor_reached":51,"playtime":5953,"items_purged":["Injury"],"score":768,"play_id":"106f68a2-a93c-454b-b4b4-81d09ea269e2","local_time":"20210106204314","is_ascension_mode":false,"campfire_choices":[{"floor":7.0,"key":"RECALL"},{"floor":15.0,"key":"REST"},{"data":"animator:Saitama","floor":23.0,"key":"SMITH"},{"data":"animator:Darkness","floor":25.0,"key":"SMITH"},{"data":"animator:Eris","floor":27.0,"key":"SMITH"},{"data":"animator:Megumin+5","floor":32.0,"key":"SMITH"},{"data":"animator:HigakiRinne","floor":45,"key":"SMITH"},{"data":"animator:NarberalGamma","floor":49,"key":"SMITH"}],"circlet_count":0,"master_deck":["animator:Strike_Konosuba","animator:Defend_Konosuba","animator:Strike","animator:Strike","animator:Strike","animator:Defend","animator:Defend","animator:Defend","animator:Kazuma","animator:Aqua","animator:Saitama+1","animator:KyokoSakura+1","animator:NarberalGamma+1","animator:YunYun","animator:Cocytus","animator:Megumin+10","animator:YunYun+1","animator:Hans","animator:MumenRider+1","animator:Illya+1","animator:KyokoSakura+1","animator:Shuna","animator:SuzuneAmano+1","animator:Darkness+1","animator:PandorasActor","animator:YuiTsuruno+1","animator:Mitsurugi+1","animator:KyokoSakura+1","animator:Eris","animator:Genos+1","MHz","animator:HigakiRinne+1","animator:Shuna","animator:Demiurge","animator:Benimaru+1","animator:Rimuru","infinitespire:DeathsTouch+1","animator:Biyorigo","animator:KyokoSakura+1","animator:MumenRider+1"],"relics":["animator:VividPicture","animator:TheMissingPiece","LetterFromLob","Happy Flower","Molten Egg 2","StuffTheSpire:Experiment12","infinitespire:Satchel","Nloth\u0027s Gift","vexMod:InvisibilityCloak","aspiration:TomeofQuesting","infinitespire:WardingShard","Smiling Mask","Honey Jar","Gem_Box","aspiration:Legacy_Headhunter","Blood Vial","Huge Egg","aspiration:Lifesprig","Replay:Towering Pillar of Hats"],"acts_visited":["Exordium","TheCity","TheBeyond"],"potions_floor_usage":[41,50,50,51,51],"damage_taken":[{"damage":0.0,"enemies":"Cultist","floor":1.0,"turns":6.0},{"damage":2.0,"enemies":"2 Louse","floor":2.0,"turns":3.0},{"damage":0.0,"enemies":"Jaw Worm","floor":3.0,"turns":4.0},{"damage":10.0,"enemies":"3 Louse","floor":4.0,"turns":3.0},{"damage":14.0,"enemies":"3 Sentries","floor":6.0,"turns":6.0},{"damage":29.0,"enemies":"Gremlin Nob","floor":12.0,"turns":5.0},{"damage":0.0,"enemies":"Gremlin Gang","floor":13.0,"turns":4.0},{"damage":0.0,"enemies":"Replay:BlueRogue","floor":14.0,"turns":5.0},{"damage":10.0,"enemies":"The Guardian","floor":16.0,"turns":11.0},{"damage":5.0,"enemies":"3 Byrds","floor":18.0,"turns":3.0},{"damage":16.0,"enemies":"Centurion and Healer","floor":20.0,"turns":6.0},{"damage":0.0,"enemies":"3 Cultists","floor":22.0,"turns":3.0},{"damage":6.0,"enemies":"animator:HornedBat","floor":24.0,"turns":6.0},{"damage":11.0,"enemies":"Gremlin Leader","floor":28.0,"turns":5.0},{"damage":0.0,"enemies":"Cultist and Chosen","floor":29.0,"turns":3.0},{"damage":11.0,"enemies":"Centurion and Healer","floor":30.0,"turns":4.0},{"damage":1.0,"enemies":"Snake Plant","floor":31.0,"turns":4.0},{"damage":32.0,"enemies":"Collector","floor":33.0,"turns":8.0},{"damage":7.0,"enemies":"3 Darklings","floor":35.0,"turns":3.0},{"damage":3.0,"enemies":"3 Shapes","floor":37.0,"turns":2.0},{"damage":0,"enemies":"Sphere and 2 Shapes","floor":38,"turns":2},{"damage":0,"enemies":"Spire Growth","floor":39,"turns":3},{"damage":0,"enemies":"Sphere and 2 Shapes","floor":40,"turns":3},{"damage":1,"enemies":"Maw","floor":41,"turns":6},{"damage":29,"enemies":"Nemesis","floor":44,"turns":4},{"damage":21,"enemies":"3 Darklings","floor":47,"turns":3},{"damage":5,"enemies":"Jaw Worm Horde","floor":48,"turns":2},{"damage":58,"enemies":"infinitespire:MassOfShapes","floor":50,"turns":5},{"damage":21,"enemies":"Malkuth","floor":51,"turns":5}],"seed_played":"-7078685972825536810","potions_obtained":[{"floor":4.0,"key":"DemoMod:LeadSkinPotion"},{"floor":6.0,"key":"Reflective Coating"},{"floor":13.0,"key":"SteroidPotion"},{"floor":18.0,"key":"SpeedPotion"},{"floor":20.0,"key":"Block Potion"},{"floor":28.0,"key":"hexamod:EctoCoolerPotion"},{"floor":33.0,"key":"Strength Potion"},{"floor":35.0,"key":"FearPotion"},{"floor":39,"key":"DistilledChaos"},{"floor":40,"key":"champ:CounterPotion"},{"floor":44,"key":"SteroidPotion"},{"floor":47,"key":"Fire Potion"}],"is_trial":false,"path_per_floor":["M","M","M","M","$","E","R","$","T","M","?","E","M","E","R","B",null,"M","?","M","$","M","R","E","R","T","R","E","M","M","M","R","B",null,"M","?","M","M","M","M","M","AVR","T","E","R","$","M","M","R","B",null],"character_chosen":"THE_ANIMATOR","items_purchased":["Happy Flower","vexMod:InvisibilityCloak","animator:KyokoSakura+1","animator:Shuna","aspiration:Lifesprig","Replay:Towering Pillar of Hats"],"campfire_rested":1,"item_purchase_floors":[5,21,21,21,46,46],"current_hp_per_floor":[66,64,66,57,57,46,46,46,46,40,40,16,21,26,46,42,69,64,64,53,53,55,55,54,54,54,54,49,55,54,61,61,37,71,69,69,66,66,73,73,73,73,73,62,62,62,51,62,62,17],"gold":87,"neow_bonus":"ONE_RANDOM_RARE_CARD","is_daily":false,"chose_seed":false,"campfire_upgraded":6,"win_rate":0.0,"timestamp":1609983794,"path_taken":["M","M","M","M","$","E","R","?","T","M","?","E","M","E","R","BOSS","M","?","?","$","M","R","E","R","T","R","E","M","M","M","R","BOSS","M","?","M","M","?","M","M","AVR","T","E","R","$","M","M","R","BOSS"],"items_purchased_type":["Relic","Relic","Card","Card","Relic","Relic"],"build_version":"2020-12-22","purchased_purges":1,"victory":true,"max_hp_per_floor":[66,66,66,67,67,68,68,68,68,68,68,68,68,68,68,69,69,69,69,69,69,69,69,69,69,69,69,69,69,71,71,71,71,71,72,72,72,72,73,73,73,73,73,73,73,73,73,73,73,73],"card_choices":[{"not_picked":["animator:Illya","animator:ZankiKiguchi"],"picked":"animator:KyokoSakura","floor":1.0},{"not_picked":["animator:Konayuki","animator:MamiTomoe"],"picked":"animator:NarberalGamma","floor":2.0},{"not_picked":["animator:Hakurou","animator:Azekura"],"picked":"animator:YunYun","floor":3.0},{"not_picked":["animator:Entoma","animator:PandorasActor"],"picked":"animator:Cocytus","floor":4.0},{"not_picked":["animator:MetalKnight","animator:Caster"],"picked":"animator:Eris","floor":6.0},{"not_picked":["animator:Kazuma","animator:Konayuki"],"picked":"animator:GazelDwargon","floor":12.0},{"not_picked":["animator:Evileye","animator:NagisaMomoe"],"picked":"animator:Megumin+1","floor":13.0},{"not_picked":["animator:Chris+1","animator:Verdia"],"picked":"animator:YunYun+1","floor":14.0},{"not_picked":["animator:Ainz","animator:Saitama"],"picked":"animator:Hans","floor":16.0},{"not_picked":["animator:Archer","animator:Nanami"],"picked":"animator:MumenRider+1","floor":18.0},{"not_picked":["animator:Rider","animator:Hitei"],"picked":"animator:Illya+1","floor":20.0},{"not_picked":["animator:ZankiKiguchi+1","animator:OrikoMikuni"],"picked":"animator:SuzuneAmano+1","floor":22.0},{"not_picked":["animator:Aqua","animator:Hans"],"picked":"animator:Darkness","floor":24.0},{"not_picked":["animator:HomuraAkemi","animator:Evileye"],"picked":"animator:PandorasActor","floor":28.0},{"not_picked":["animator:Alexander+1","animator:Berserker+1"],"picked":"animator:YuiTsuruno+1","floor":29.0},{"not_picked":["animator:Shuna+1","animator:ZankiKiguchi+1"],"picked":"animator:Mitsurugi+1","floor":30.0},{"not_picked":["animator:OrikoMikuni","animator:YuiTsuruno+1"],"picked":"animator:KyokoSakura+1","floor":31.0},{"not_picked":["animator:Boros","animator:Gilgamesh+1"],"picked":"animator:Eris","floor":33.0},{"not_picked":["animator:Alexander+1","animator:Berserker+1","animator:Evileye+1"],"picked":"animator:Genos+1","floor":35.0},{"not_picked":["animator:Sebas+1","animator:Darkness","animator:Hitei+1"],"picked":"animator:HigakiRinne","floor":37.0},{"not_picked":["animator:Togame","animator:Shion+1","animator:RinTohsaka+1"],"picked":"animator:Shuna","floor":38},{"not_picked":["animator:Albedo+1","animator:Entoma+1","animator:PandorasActor"],"picked":"animator:Demiurge","floor":39},{"not_picked":["animator:Tatsumaki","animator:RinTohsaka","animator:Assassin+1"],"picked":"animator:Benimaru+1","floor":40},{"not_picked":["animator:Melzalgald+1","animator:Rider+1","animator:GazelDwargon+1"],"picked":"animator:Rimuru","floor":41},{"not_picked":["animator:Millim+1","animator:Hans","animator:MumenRider+1"],"picked":"animator:Biyorigo","floor":44},{"not_picked":["animator:YuiTsuruno+1","animator:MamiTomoe+1","animator:SayakaMiki"],"picked":"animator:KyokoSakura+1","floor":47},{"not_picked":["animator:YuiTsuruno+1","animator:Azekura+1","animator:Saber+1"],"picked":"animator:MumenRider+1","floor":48}],"player_experience":185990,"relics_obtained":[{"floor":1.0,"key":"LetterFromLob"},{"floor":6.0,"key":"Replay:Accelerometer"},{"floor":12.0,"key":"StuffTheSpire:Experiment12"},{"floor":14.0,"key":"infinitespire:Satchel"},{"floor":24.0,"key":"aspiration:TomeofQuesting"},{"floor":26.0,"key":"infinitespire:WardingShard"},{"floor":28.0,"key":"Smiling Mask"},{"floor":43,"key":"Blood Vial"},{"floor":44,"key":"Huge Egg"}],"event_choices":[{"damage_healed":0.0,"max_hp_gain":0.0,"max_hp_loss":0.0,"gold_gain":0.0,"event_name":"N\u0027loth","player_choice":"Traded Relic","floor":19.0,"relics_lost":["Replay:Accelerometer"],"gold_loss":0.0,"damage_taken":0.0,"relics_obtained":["Nloth\u0027s Gift"]},{"cards_removed":["animator:GazelDwargon"],"damage_healed":0.0,"max_hp_gain":0.0,"max_hp_loss":0.0,"gold_gain":0.0,"event_name":"NoteForYourself","player_choice":"Took Card","floor":36.0,"gold_loss":0.0,"damage_taken":0.0,"cards_obtained":["MHz"]}],"is_beta":false,"boss_relics":[{"not_picked":["Painkiller Herb","vexMod:FluxCapacitor"],"picked":"animator:VividPicture"},{"not_picked":["Tiny House","StuffTheSpire:ModemDavis"],"picked":"Honey Jar"}],"items_purged_floors":[42],"is_endless":false,"potions_floor_spawned":[4,6,13,18,20,28,33,35,39,40,44,47],"ascension_level":0}}