{"host":"r5cycnjhcbwgkpkf","time":1609987208,"event":{"mods":["2.2 Compatiblity","AchievementEnabler","BaseMod","Bestiary","Better Match","Better Note","Better Skull","Better Third Choice","BetterRewards","Colored Map","Colored Powertips","Downfall","Googly Eyes","Infinite Spire","Minty Spire (QoL Compilation)","Replay The Spire","Spicy Shops","StSLib"],"gold_per_floor":[113,127,154,0,20,20,55,55,55,68,68,87,162,162,162,264,264,275,275,275,285,299,299,299,299],"floor_reached":24,"playtime":811,"items_purged":["Strike_B"],"score":414,"play_id":"9de0d511-08ba-40e7-9bf2-8a7bb3fa15d4","local_time":"20210106184008","is_ascension_mode":true,"campfire_choices":[{"data":"Lockon","floor":6,"key":"SMITH"},{"floor":11,"key":"REST"},{"floor":15,"key":"REST"},{"data":"Rebound","floor":23,"key":"SMITH"}],"circlet_count":0,"master_deck":["Strike_B","Strike_B","Defend_B","Defend_B","Defend_B","Defend_B","Zap","Dualcast","Loop","Darkness","Lockon+1","Doom and Gloom","Redo","Conserve Battery","Static Discharge","Redo","Burn","Doom and Gloom+1","Rebound+1"],"relics":["Cracked Core","TungstenRod","Strawberry","ReplayTheSpireMod:Lightbulb","Durian","Black Star","Pantograph"],"acts_visited":["Exordium","TheCity"],"potions_floor_usage":[2,10,18],"damage_taken":[{"damage":5,"enemies":"Cultist","floor":1,"turns":3},{"damage":0,"enemies":"2 Louse","floor":2,"turns":3},{"damage":0,"enemies":"Small Slimes","floor":5,"turns":3},{"damage":38,"enemies":"Lagavulin","floor":7,"turns":4},{"damage":12,"enemies":"3 Louse","floor":10,"turns":2},{"damage":19,"enemies":"Exordium Wildlife","floor":12,"turns":5},{"damage":13,"enemies":"Hexaghost","floor":16,"turns":6},{"damage":5,"enemies":"Chosen","floor":18,"turns":4},{"damage":20,"enemies":"Spheric Guardian","floor":21,"turns":3},{"damage":26,"enemies":"Snake Plant","floor":22,"turns":3}],"seed_played":"5548702506620290513","potions_obtained":[{"floor":1,"key":"Block Potion"},{"floor":7,"key":"EntropicBrew"},{"floor":10,"key":"Swift Potion"},{"floor":18,"key":"Energy Potion"},{"floor":22,"key":"PowerPotion"}],"is_trial":false,"path_per_floor":["M","M","T","$","M","R","E","?","T","M","R","M","?","?","R","B",null,"M","?","?","M","M","R","?"],"character_chosen":"DEFECT","items_purchased":["TungstenRod","Loop","Doom and Gloom"],"campfire_rested":2,"item_purchase_floors":[0,0,4],"current_hp_per_floor":[49,49,56,56,56,56,18,18,23,11,37,18,8,8,34,21,71,66,66,66,46,20,20,0,0],"gold":299,"neow_bonus":"","is_daily":false,"chose_seed":false,"campfire_upgraded":2,"win_rate":0.0,"timestamp":1609987208,"path_taken":["M","?","?","$","M","R","E","?","T","?","R","M","?","?","R","BOSS","M","?","?","?","M","R","?"],"items_purchased_type":["Relic","Card","Card"],"build_version":"2020-12-22","purchased_purges":1,"victory":false,"max_hp_per_floor":[75,75,82,82,82,82,82,82,87,87,87,87,87,87,87,87,87,87,87,87,87,87,87,87,87],"card_choices":[{"not_picked":["Redo","Undo"],"picked":"Darkness","floor":1},{"not_picked":["Consume","Go for the Eyes"],"picked":"Lockon","floor":2},{"not_picked":["Steam","Auto Shields"],"picked":"Redo","floor":5},{"not_picked":["Rebound","Storm"],"picked":"Conserve Battery","floor":7},{"not_picked":["Leap","Blizzard"],"picked":"Static Discharge","floor":10},{"not_picked":["Stack","Sunder"],"picked":"Redo","floor":12},{"not_picked":["Tempest","Go for the Eyes"],"picked":"Doom and Gloom+1","floor":18},{"not_picked":["Loop","Conserve Battery","Compile Driver"],"picked":"SKIP","floor":21},{"not_picked":["Steam Power","Rip and Tear","Rebound"],"picked":"SKIP","floor":22}],"player_experience":407547,"relics_obtained":[{"floor":3,"key":"Strawberry"},{"floor":7,"key":"ReplayTheSpireMod:Lightbulb"},{"floor":9,"key":"Durian"}],"event_choices":[{"cards_removed":["Strike_B"],"damage_healed":0,"gold_gain":0,"player_choice":"Offered Basic","damage_taken":0,"max_hp_gain":0,"max_hp_loss":0,"event_name":"Bonfire Elementals","floor":8,"gold_loss":0},{"damage_healed":0,"gold_gain":75,"player_choice":"Gold","damage_taken":11,"max_hp_gain":0,"max_hp_loss":0,"event_name":"betterThird:BetterGoop","floor":13,"gold_loss":0},{"damage_healed":8,"gold_gain":0,"player_choice":"Embrace Burn","damage_taken":0,"max_hp_gain":0,"max_hp_loss":87,"event_name":"betterThird:BetterShining","floor":14,"gold_loss":0},{"damage_healed":0,"gold_gain":0,"player_choice":"Read","damage_taken":0,"max_hp_gain":0,"max_hp_loss":0,"event_name":"The Library","floor":19,"gold_loss":0,"cards_obtained":["Rebound"]}],"is_beta":false,"boss_relics":[{"not_picked":["Coffee Dripper","Honey Jar"],"picked":"Black Star"}],"items_purged_floors":[4],"is_endless":false,"potions_floor_spawned":[1,7,10,12,18,22],"ascension_level":8}}