{"host":"xtgfl0e7r8rfgbei","time":1609983872,"event":{"mods":["Arknights The Spire","BaseMod","Colored Map","Colored Powertips","Downfall","Infinite Spire","Marisa£®ÏF”Í°°ƒß¿Ì…≥£©","Minty Spire (QoL Compilation)","READ ME - Guardian Mod","Rare Cards Sparkle","Replay The Spire","StSLib","The Bug Knight","The Cursed","The Servant 0.9.4","≤–¡Ù÷ÆŒÔ"],"gold_per_floor":[116,116,216,233,248,260,279,308,354,354,388,403,403,403,403],"floor_reached":14,"playtime":1436,"items_purged":[],"score":127,"play_id":"8118d9ce-32b9-4e6a-b9cb-1361021c3dbe","local_time":"20210107094432","is_ascension_mode":false,"campfire_choices":[{"floor":10,"key":"REST"},{"data":"MurderousAura","floor":13,"key":"SMITH"}],"circlet_count":0,"master_deck":["Strike_S","Strike_S","Strike_S","Strike_S","Defend_S","Defend_S","Defend_S","Defend_S","KidneyShot","Exchange","MurderousAura+1","Unruled","Sabotage","Dilation","TimeWarp","Potential","FanOfKnives","Moonlight","KillingDoll"],"relics":["Uniform","Mummified Hand","Chameleon Ring","Oddly Smooth Stone","Art of War"],"acts_visited":["Exordium"],"potions_floor_usage":[11],"damage_taken":[{"damage":1,"enemies":"Cultist","floor":1,"turns":4},{"damage":6,"enemies":"Jaw Worm","floor":4,"turns":3},{"damage":0,"enemies":"Small Slimes","floor":5,"turns":3},{"damage":9,"enemies":"Looter","floor":6,"turns":4},{"damage":8,"enemies":"3 Louse","floor":7,"turns":4},{"damage":0,"enemies":"HollowMod:MossKnight","floor":8,"turns":9},{"damage":1,"enemies":"Lagavulin","floor":11,"turns":5},{"damage":15,"enemies":"Gremlin Gang","floor":12,"turns":5},{"damage":33,"enemies":"3 Sentries","floor":14,"turns":5}],"seed_played":"6253973106788012815","potions_obtained":[{"floor":1,"key":"Adrenaline Potion"},{"floor":6,"key":"Weak Potion"}],"is_trial":false,"path_per_floor":["M","?","?","M","M","M","M","E","T","R","E","M","R","E"],"character_chosen":"THE_SERVANT","items_purchased":[],"campfire_rested":1,"item_purchase_floors":[],"current_hp_per_floor":[64,52,52,46,46,37,29,29,29,48,47,32,32,0,0],"gold":403,"neow_bonus":"ONE_RANDOM_RARE_CARD","is_daily":false,"chose_seed":false,"campfire_upgraded":1,"win_rate":0.0,"timestamp":1609983872,"path_taken":["M","?","?","M","?","M","M","E","T","R","E","M","R","E"],"items_purchased_type":[],"build_version":"2020-12-22","purchased_purges":0,"victory":false,"max_hp_per_floor":[65,65,65,65,65,65,65,65,65,65,65,65,65,65,65],"card_choices":[{"not_picked":["Potential","TimeWarp"],"picked":"Unruled","floor":1},{"not_picked":["Rearm","Gouge"],"picked":"Sabotage","floor":4},{"not_picked":["Shuttle","TimeWarp"],"picked":"Dilation","floor":5},{"not_picked":["Advance","ShiftingGears"],"picked":"TimeWarp","floor":6},{"not_picked":["Revamp","DoubleEdge"],"picked":"Potential","floor":7},{"not_picked":["DoubleEdge","Sabotage"],"picked":"FanOfKnives","floor":8},{"not_picked":["TimeWarp","SurpressingFire"],"picked":"Moonlight","floor":11},{"not_picked":["WasteNot","FastForward"],"picked":"KillingDoll","floor":12}],"player_experience":334922,"relics_obtained":[{"floor":8,"key":"Chameleon Ring"},{"floor":9,"key":"Oddly Smooth Stone"},{"floor":11,"key":"Art of War"}],"event_choices":[{"damage_healed":0,"gold_gain":0,"player_choice":"Success","damage_taken":12,"relics_obtained":["Mummified Hand"],"max_hp_gain":0,"max_hp_loss":0,"event_name":"Scrap Ooze","floor":2,"gold_loss":0},{"damage_healed":0,"gold_gain":100,"player_choice":"Gold","damage_taken":0,"max_hp_gain":0,"max_hp_loss":0,"event_name":"Wheel of Change","floor":3,"gold_loss":0}],"is_beta":false,"boss_relics":[],"items_purged_floors":[],"is_endless":false,"potions_floor_spawned":[1,6],"killed_by":"3 Sentries","ascension_level":0}}