{"host":"61xbmbtf5zrn7rzc","time":1609995717,"event":{"mods":["BaseMod","Challenge The Spire","Hubris","Minty Spire (QoL Compilation)","Replay The Spire","StSLib","SuperFastMode","The Marked"],"gold_per_floor":[113,113,132,150,164,195,195,221,221,256,256,256],"floor_reached":11,"playtime":489,"items_purged":[],"score":186,"play_id":"96ddf823-74a0-47cd-adf9-fb20811d5054","local_time":"20210107000157","daily_mods":["SealedDeck","Heirloom","DeadlyEvents","Elite Swarm"],"is_ascension_mode":true,"campfire_choices":[{"floor":7,"key":"REST"}],"circlet_count":0,"master_deck":["AscendersBane","Backflip","Backflip","Poisoned Stab","Deadly Poison","Deadly Poison","Deadly Poison","Replay:Poison Smokescreen","Noxious Fumes","Slice","Well Laid Plans","Catalyst","Neutralize","Escape Plan","Footwork","Burst","Adrenaline","Corpse Explosion"],"relics":["Ring of the Snake","Pocketwatch","InkBottle","Vajra","Mercury Hourglass","TungstenRod"],"acts_visited":["Exordium"],"potions_floor_usage":[8],"damage_taken":[{"damage":0,"enemies":"2 Louse","floor":1,"turns":2},{"damage":0,"enemies":"Cultist","floor":3,"turns":2},{"damage":12,"enemies":"Jaw Worm","floor":4,"turns":2},{"damage":11,"enemies":"Exordium Thugs","floor":5,"turns":4},{"damage":21,"enemies":"3 Sentries","floor":6,"turns":7},{"damage":23,"enemies":"Gremlin Nob","floor":8,"turns":4},{"damage":9,"enemies":"Lagavulin","floor":10,"turns":4},{"damage":2,"enemies":"Gremlin Nob","floor":11,"turns":2}],"seed_played":"4389883316621404815","potions_obtained":[{"floor":3,"key":"SteroidPotion"},{"floor":6,"key":"Weak Potion"}],"is_trial":true,"path_per_floor":["M","?","M","M","M","E","R","E","T","E","E"],"character_chosen":"THE_SILENT","items_purchased":[],"campfire_rested":1,"item_purchase_floors":[],"current_hp_per_floor":[59,59,59,47,36,15,34,11,11,2,0,0],"gold":256,"neow_bonus":"","is_daily":false,"chose_seed":false,"campfire_upgraded":0,"win_rate":0.0,"timestamp":1609995717,"path_taken":["M","?","M","?","M","E","R","E","T","E","?"],"items_purchased_type":[],"build_version":"2020-12-22","purchased_purges":0,"victory":false,"max_hp_per_floor":[66,66,66,66,66,66,66,66,66,66,66,66],"card_choices":[{"not_picked":["ReplayTheSpireMod:Shiv Toss","hubris:SlightOfHand"],"picked":"Catalyst","floor":1},{"not_picked":["Slice","Underhanded Strike"],"picked":"Escape Plan","floor":3},{"not_picked":["Acrobatics","Bouncing Flask"],"picked":"Footwork","floor":4},{"not_picked":["Deadly Poison","Underhanded Strike","Poisoned Stab"],"picked":"SKIP","floor":5},{"not_picked":["Bullet Time","ReplayTheSpireMod:Necrosis"],"picked":"Burst","floor":6},{"not_picked":["Die Die Die","ReplayTheSpireMod:Necrosis"],"picked":"Adrenaline","floor":8},{"not_picked":["Replay:Bag of Tricks","Unload"],"picked":"Corpse Explosion","floor":10}],"player_experience":109456,"relics_obtained":[{"floor":6,"key":"InkBottle"},{"floor":8,"key":"Vajra"},{"floor":9,"key":"Mercury Hourglass"},{"floor":10,"key":"TungstenRod"}],"event_choices":[{"damage_healed":0,"gold_gain":0,"player_choice":"1 cards matched","damage_taken":0,"max_hp_gain":0,"max_hp_loss":0,"event_name":"Match and Keep!","floor":2,"gold_loss":0,"cards_obtained":["Neutralize"]}],"is_beta":false,"boss_relics":[],"items_purged_floors":[],"is_endless":false,"potions_floor_spawned":[3,6],"killed_by":"Gremlin Nob","ascension_level":20}}