{"host":"bjzqjr1ycgj8gt55","time":1609988932,"event":{"mods":["BaseMod","Better Altar","Better Match","Better Sensory Stone","Better Skull","Better Third Choice","Better Vampires","Block Reminder","Colored Map","Colored Powertips","GifTheSpireLib","Infinite Spire","Minty Spire (QoL Compilation)","Rare Cards Sparkle","Red Circlet Mod","Spicy Shops","StSLib","Waifu the Spire","everything is the same but u backflip on backflip","slay the spire mod where everything is the same but ironclad has a cowboy hat"],"gold_per_floor":[111,111,124,143,158,158,184,184,184,219,219,250,274,286,298,410,422,446,473,498,435,447,459,471,471],"floor_reached":24,"playtime":770,"items_purged":[],"score":317,"play_id":"db70f700-c8f9-4a3b-905e-5762a0695c1b","local_time":"20210106210852","is_ascension_mode":true,"campfire_choices":[{"data":"Armaments","floor":6,"key":"SMITH"},{"floor":8,"key":"REST"},{"data":"Demon Form","floor":11,"key":"SMITH"},{"floor":15,"key":"REST"},{"floor":23,"key":"REST"}],"circlet_count":0,"master_deck":["Strike_R","Strike_R","Strike_R","Strike_R+1","Strike_R","Defend_R","Defend_R","Defend_R","Defend_R","Bash","Feed","Iron Wave","Dropkick+1","Clothesline","Armaments+1","Demon Form+1","Double Tap","Pummel","Feed","Cleave+1","Shrug It Off+1","Power Through"],"relics":["Burning Blood","Whetstone","infinitespire:FocusingShard","Mango","MawBank","infinitespire:Cupcake","infinitespire:Satchel"],"acts_visited":["Exordium","TheCity"],"potions_floor_usage":[20,20,24],"damage_taken":[{"damage":11.0,"enemies":"Cultist","floor":1.0,"turns":4.0},{"damage":18.0,"enemies":"infinitespire:Voidling","floor":3.0,"turns":4.0},{"damage":0.0,"enemies":"Small Slimes","floor":4.0,"turns":3.0},{"damage":16,"enemies":"2 Fungi Beasts","floor":5,"turns":5},{"damage":30,"enemies":"3 Sentries","floor":7,"turns":9},{"damage":27,"enemies":"Gremlin Nob","floor":10,"turns":5},{"damage":10,"enemies":"Lagavulin","floor":12,"turns":6},{"damage":36,"enemies":"Gremlin Gang","floor":13,"turns":5},{"damage":39,"enemies":"Hexaghost","floor":16,"turns":8},{"damage":26,"enemies":"Shell Parasite","floor":18,"turns":6},{"damage":20,"enemies":"Spheric Guardian","floor":19,"turns":4},{"damage":33,"enemies":"Snake Plant","floor":20,"turns":3},{"damage":54,"enemies":"Gremlin Leader","floor":24,"turns":7}],"seed_played":"4182799860846179231","potions_obtained":[{"floor":1.0,"key":"HeartOfIron"},{"floor":5,"key":"HeartOfIron"},{"floor":10,"key":"Strength Potion"},{"floor":12,"key":"Strength Potion"}],"is_trial":false,"path_per_floor":["M","?","M","M","M","R","E","R","T","E","R","E","M","$","R","B",null,"M","M","M","?","?","R","E"],"character_chosen":"IRONCLAD","items_purchased":[],"campfire_rested":3,"item_purchase_floors":[],"current_hp_per_floor":[67,71,68,72,65,65,44,67,67,60,60,56,29,29,57,24,77,57,46,23,23,23,53,0,0],"gold":471,"neow_bonus":"THREE_RARE_CARDS","is_daily":false,"chose_seed":false,"campfire_upgraded":2,"win_rate":0.0,"timestamp":1609988932,"path_taken":["M","?","M","M","M","R","E","R","T","E","R","E","?","?","R","BOSS","M","M","M","?","?","R","E"],"items_purchased_type":[],"build_version":"2020-12-22","purchased_purges":0,"victory":false,"max_hp_per_floor":[72,72,72,72,75,75,78,78,78,92,92,92,95,95,95,95,95,95,98,102,102,102,102,102,102],"card_choices":[{"not_picked":["Immolate","Bludgeon"],"picked":"Feed","floor":0.0},{"not_picked":["Body Slam","Flex"],"picked":"Iron Wave","floor":1.0},{"not_picked":["Rupture","Thunderclap"],"picked":"Dropkick","floor":3.0},{"not_picked":["Twin Strike","Anger"],"picked":"Clothesline","floor":4.0},{"not_picked":["Combust","Clothesline"],"picked":"Armaments","floor":5},{"not_picked":["Shockwave","Wild Strike"],"picked":"Demon Form","floor":7},{"not_picked":["Rage","Thunderclap"],"picked":"Clash","floor":10},{"not_picked":["Anger","Disarm"],"picked":"Double Tap","floor":12},{"not_picked":["Dropkick","Shrug It Off"],"picked":"Pummel","floor":13},{"not_picked":["Immolate","Barricade"],"picked":"Feed","floor":16},{"not_picked":["Rampage","Shrug It Off"],"picked":"Cleave+1","floor":18},{"not_picked":["Dropkick","Blood for Blood"],"picked":"Shrug It Off+1","floor":19},{"not_picked":["Anger+1","Flex"],"picked":"Power Through","floor":20}],"player_experience":103668,"relics_obtained":[{"floor":7,"key":"Whetstone"},{"floor":9,"key":"infinitespire:FocusingShard"},{"floor":10,"key":"Mango"},{"floor":12,"key":"MawBank"},{"floor":22,"key":"infinitespire:Satchel"}],"event_choices":[{"damage_healed":4.0,"max_hp_gain":0.0,"max_hp_loss":0.0,"gold_gain":0.0,"event_name":"betterSkull:BetterSkull","player_choice":"LEAVE ","floor":2.0,"gold_loss":0.0,"damage_taken":0.0,"cards_upgraded":[],"relics_obtained":[]},{"cards_removed":["Clash"],"damage_healed":0,"gold_gain":0,"player_choice":"Gave Gold","damage_taken":0,"max_hp_gain":0,"max_hp_loss":0,"event_name":"Beggar","floor":21,"gold_loss":75},{"damage_healed":0,"gold_gain":0,"player_choice":"Relic","damage_taken":0,"max_hp_gain":0,"max_hp_loss":0,"event_name":"Wheel of Change","floor":22,"gold_loss":0}],"is_beta":false,"boss_relics":[{"not_picked":["Black Star","Tiny House"],"picked":"infinitespire:Cupcake"}],"items_purged_floors":[],"is_endless":false,"potions_floor_spawned":[1,5,10,12,13,19],"killed_by":"Gremlin Leader","ascension_level":7}}