{"host":"pe2q1tocp309rrg9","time":1609990947,"event":{"mods":["2.2 Compatiblity","BaseMod","BetterRewards","Downfall","Ekko","Gremlin Mod","Hermit","Jorbs\u0027s Wanderer Trilogy","Minty Spire (QoL Compilation)","Quick Restart","Rare Cards Sparkle","Replay The Spire","StSLib","The Blue Laboratory","The Construct","The Hierophant","Uncapped"],"gold_per_floor":[117,117,137,160,175,175,0,0,300,300,46,71,71,246,246,366,366,387,302,159,159,179,179,202,227,252,252,252,252],"floor_reached":28,"playtime":674,"items_purged":["Doubt"],"score":233,"play_id":"79bd6ef5-4f9e-4bca-91d0-8f019faf7dcc","local_time":"20210106214227","is_ascension_mode":false,"campfire_choices":[{"data":"hermit:Shortfuse","floor":6.0,"key":"SMITH"},{"data":"hermit:Snipe","floor":10.0,"key":"SMITH"},{"data":"hermit:HighCaliber","floor":13.0,"key":"SMITH"},{"data":"hermit:TakeAim","floor":15.0,"key":"SMITH"},{"floor":23.0,"key":"REST"},{"floor":27,"key":"REST"}],"circlet_count":0,"master_deck":["hermit:Strike_Hermit","hermit:Strike_Hermit","hermit:Strike_Hermit","hermit:Strike_Hermit","hermit:Defend_Hermit","hermit:Defend_Hermit","hermit:Defend_Hermit","hermit:Defend_Hermit","hermit:Snapshot+1","hermit:Covet","hermit:Shortfuse+1","hermit:TakeAim+1","hermit:Misfire","hermit:Quickdraw","hermit:Snipe+1","hermit:HighCaliber+1","hermit:Dissolve","hermit:Ricochet","hermit:Showdown","hermit:Snipe+1","hermit:BodyArmor","hermit:CalledShot+1","hermit:Roughhouse"],"relics":["hermit:Momento","Golden Idol","Lee\u0027s Waffle","Old Coin","Pear","construct:WeddingRing","Lantern","CeramicFish"],"acts_visited":["Exordium","TheCity"],"potions_floor_usage":[24,24,28,28],"damage_taken":[{"damage":0.0,"enemies":"2 Louse","floor":1.0,"turns":2.0},{"damage":1.0,"enemies":"Cultist","floor":3.0,"turns":3.0},{"damage":0.0,"enemies":"Jaw Worm","floor":4.0,"turns":2.0},{"damage":0.0,"enemies":"2 Fungi Beasts","floor":5.0,"turns":2.0},{"damage":0.0,"enemies":"Looter","floor":12.0,"turns":1.0},{"damage":56.0,"enemies":"Fading Forest","floor":16.0,"turns":11.0},{"damage":48.0,"enemies":"3 Byrds","floor":18.0,"turns":6.0},{"damage":1.0,"enemies":"Chosen","floor":22.0,"turns":3.0},{"damage":10,"enemies":"Centurion and Healer","floor":24,"turns":4},{"damage":37,"enemies":"3 Cultists","floor":25,"turns":6},{"damage":52,"enemies":"Gremlin Leader","floor":28,"turns":5}],"seed_played":"4187578026708840244","potions_obtained":[{"floor":4.0,"key":"Strength Potion"},{"floor":5.0,"key":"blueLaboratory:BottleOfVodka"},{"floor":12.0,"key":"FearPotion"},{"floor":24,"key":"hexamod:EctoCoolerPotion"}],"is_trial":false,"path_per_floor":["M","?","M","M","M","R","$","?","T","R","$","M","R","?","R","B",null,"M","?","$","?","M","R","M","M","T","R","E"],"character_chosen":"HERMIT","items_purchased":["hermit:Snipe","Lee\u0027s Waffle","Pear","hermit:Showdown"],"campfire_rested":2,"item_purchase_floors":[7,7,11,20],"current_hp_per_floor":[75,75,74,74,74,74,82,82,82,82,92,92,92,92,92,46,92,44,44,44,44,43,70,60,23,23,50,0,0],"gold":252,"neow_bonus":"RANDOM_EVENT","is_daily":false,"chose_seed":false,"campfire_upgraded":4,"win_rate":0.0,"timestamp":1609990947,"path_taken":["M","?","M","M","M","R","$","?","T","R","$","?","R","?","R","BOSS","M","?","$","?","M","R","M","?","T","R","E"],"items_purchased_type":["Card","Relic","Relic","Card"],"build_version":"2020-12-22","purchased_purges":1,"victory":false,"max_hp_per_floor":[75,75,75,75,75,75,82,82,82,82,92,92,92,92,92,92,92,92,92,92,92,92,92,92,92,92,92,92,92],"card_choices":[{"not_picked":["hermit:Headshot","hermit:Manifest"],"picked":"hermit:Shortfuse","floor":1.0},{"not_picked":["hermit:Midnight","hermit:Feint"],"picked":"hermit:TakeAim","floor":3.0},{"not_picked":["hermit:Scavenge","hermit:Showdown"],"picked":"hermit:Misfire","floor":4.0},{"not_picked":["hermit:Roulette","hermit:Glare"],"picked":"hermit:Quickdraw","floor":5.0},{"not_picked":["hermit:Desperado","hermit:Quickdraw"],"picked":"hermit:HighCaliber","floor":12.0},{"not_picked":["hermit:FinalCanter","hermit:BlackWind"],"picked":"hermit:Dissolve","floor":16.0},{"not_picked":["hermit:SprayPray","hermit:LowProfile"],"picked":"hermit:Ricochet","floor":18.0},{"not_picked":["hermit:Roulette+1","hermit:Vantage+1"],"picked":"hermit:BodyArmor","floor":22.0},{"not_picked":["hermit:Scavenge","hermit:Ricochet"],"picked":"hermit:CalledShot+1","floor":24},{"not_picked":["hermit:Dive","hermit:HoleUp"],"picked":"hermit:Roughhouse","floor":25}],"player_experience":691356,"relics_obtained":[{"floor":9.0,"key":"Old Coin"},{"floor":26,"key":"CeramicFish"}],"event_choices":[{"damage_healed":0.0,"max_hp_gain":0.0,"max_hp_loss":0.0,"gold_gain":0.0,"event_name":"Golden Idol","player_choice":"Take Wound","floor":2.0,"gold_loss":0.0,"damage_taken":0.0,"relics_obtained":["Golden Idol"],"cards_obtained":["Injury"]},{"cards_removed":["Injury"],"damage_healed":0.0,"max_hp_gain":0.0,"max_hp_loss":0.0,"gold_gain":0.0,"event_name":"Fountain of Cleansing","player_choice":"Removed Curses","floor":8.0,"gold_loss":0.0,"damage_taken":0.0},{"damage_healed":0.0,"max_hp_gain":0.0,"max_hp_loss":0.0,"gold_gain":175.0,"event_name":"Liars Game","player_choice":"AGREE","floor":14.0,"gold_loss":0.0,"damage_taken":0.0,"cards_obtained":["Doubt"]},{"damage_healed":0.0,"max_hp_gain":0.0,"max_hp_loss":0.0,"gold_gain":0.0,"event_name":"Addict","player_choice":"Obtained Relic","floor":19.0,"gold_loss":85.0,"damage_taken":0.0,"relics_obtained":["Lantern"]},{"damage_healed":0.0,"max_hp_gain":0.0,"max_hp_loss":0.0,"gold_gain":0.0,"event_name":"Duplicator","player_choice":"Copied","floor":21.0,"gold_loss":0.0,"damage_taken":0.0,"cards_obtained":["hermit:Snipe"]}],"is_beta":false,"boss_relics":[{"not_picked":["Ectoplasm","Black Star"],"picked":"construct:WeddingRing"}],"items_purged_floors":[20],"is_endless":false,"potions_floor_spawned":[4,5,12,24],"killed_by":"Gremlin Leader","ascension_level":0}}