{"host":"066y5nba5qw19k68","time":1609991697,"event":{"mods":["BaseMod","Colored Powertips","Downfall","Minty Spire (QoL Compilation)","Replay The Spire","Shop Mod","StSLib"],"gold_per_floor":[110,130,205,19,35,69,91,91,91,108,132,147,147,147,147,244,244,262,275,275,293,293,293,293,293,345,364,398,410,439,485,497,604,616,642,674,701,723,753,765,796,808,820,851,863,893,937,279,279,279],"floor_reached":51,"playtime":3155,"items_purged":["Strike_B"],"score":721,"play_id":"1c5c6c5b-db0c-4039-bcb5-d8d2b0b217c4","local_time":"20210107115457","is_ascension_mode":false,"campfire_choices":[{"floor":13.0,"key":"REST"},{"floor":15.0,"key":"DIG"},{"data":"Apotheosis","floor":23.0,"key":"SMITH"},{"floor":32.0,"key":"REST"},{"data":"Creative AI","floor":40.0,"key":"SMITH"},{"data":"Hologram","floor":45,"key":"SMITH"},{"data":"Impatience","floor":49,"key":"SMITH"}],"circlet_count":0,"master_deck":["Strike_B","Defend_B+1","Defend_B+1","Defend_B+1","Defend_B+1","Zap","Dualcast","Hologram+1","Creative AI+1","Apotheosis+1","Undo","Ball Lightning","Leap","Rainbow","Ball Lightning","Self Repair+1","Redo","Writhe","Chaos","Leap+1","Tempest+1","Electrodynamics","Cold Snap+1","Coolheaded+1","Chaos+1","Parasite","Impatience+1","Steam","ReplayRNGCard","Capacitor","Impatience"],"relics":["Runic Dome","Replay:Bottled Eggs","Odd Mushroom","Ring of Shattering","White Beast Statue","Oddly Smooth Stone","CaptainsWheel","Painkiller Herb","Smiling Mask","Enchiridion","Potion Belt","MawBank","Blood Vial","Black Star","Divine Protection","Bag of Preparation","HornCleat","Iron Hammer","Geode","DollysMirror"],"acts_visited":["Exordium","TheCity","TheBeyond"],"potions_floor_usage":[50,50,50,50],"damage_taken":[{"damage":2.0,"enemies":"2 Louse","floor":1.0,"turns":2.0},{"damage":3.0,"enemies":"Small Slimes","floor":2.0,"turns":4.0},{"damage":0.0,"enemies":"Jaw Worm","floor":5.0,"turns":4.0},{"damage":15.0,"enemies":"3 Sentries","floor":6.0,"turns":7.0},{"damage":20.0,"enemies":"The Mushroom Lair","floor":7.0,"turns":5.0},{"damage":10.0,"enemies":"Looter","floor":10.0,"turns":3.0},{"damage":0.0,"enemies":"Gremlin Gang","floor":12.0,"turns":5.0},{"damage":13.0,"enemies":"Hexaghost","floor":16.0,"turns":11.0},{"damage":0.0,"enemies":"3 Byrds","floor":18.0,"turns":4.0},{"damage":0.0,"enemies":"Spheric Guardian","floor":19.0,"turns":3.0},{"damage":17.0,"enemies":"Centurion and Healer","floor":21.0,"turns":5.0},{"damage":3.0,"enemies":"3 Cultists","floor":27.0,"turns":3.0},{"damage":10.0,"enemies":"Slavers","floor":28.0,"turns":4.0},{"damage":15.0,"enemies":"Snake Plant","floor":30.0,"turns":3.0},{"damage":15.0,"enemies":"Replay:Snechameleon","floor":31.0,"turns":5.0},{"damage":38.0,"enemies":"Automaton","floor":33.0,"turns":12.0},{"damage":0.0,"enemies":"Orb Walker","floor":35.0,"turns":4.0},{"damage":8.0,"enemies":"3 Shapes","floor":36.0,"turns":4.0},{"damage":0.0,"enemies":"Writhing Mass","floor":37.0,"turns":5.0},{"damage":12.0,"enemies":"Transient","floor":38.0,"turns":5.0},{"damage":8.0,"enemies":"4 Shapes","floor":39.0,"turns":5.0},{"damage":6.0,"enemies":"Writhing Mass","floor":41.0,"turns":7.0},{"damage":16,"enemies":"Transient","floor":44,"turns":5},{"damage":8,"enemies":"Maw","floor":46,"turns":8},{"damage":16,"enemies":"R_Hoarder","floor":47,"turns":12},{"damage":66,"enemies":"Donu and Deca","floor":50,"turns":9}],"seed_played":"9204835696193577809","potions_obtained":[{"floor":5.0,"key":"Explosive Potion"},{"floor":10.0,"key":"AttackPotion"},{"floor":12.0,"key":"EssenceOfSteel"},{"floor":27.0,"key":"Strength Potion"},{"floor":28.0,"key":"Adrenaline Potion"},{"floor":30.0,"key":"champ:CounterPotion"},{"floor":31.0,"key":"Milkshake"},{"floor":35.0,"key":"Adrenaline Potion"},{"floor":38.0,"key":"DuplicationPotion"}],"is_trial":false,"path_per_floor":["M","M","?","$","M","E","?","?","T","M","T","M","R","?","R","B",null,"?","?","?","?","?","T","?","?","T","?","E","?","?","E","T","B",null,"?","?","?","?","?","T","?","?","T","?","T","?","E","T","T","B",null],"character_chosen":"DEFECT","items_purchased":["Apotheosis","Capacitor","Iron Hammer","Geode","DollysMirror"],"campfire_rested":2,"item_purchase_floors":[4,48,48,48,48],"current_hp_per_floor":[73,70,59,59,59,44,24,24,24,14,14,14,36,36,36,23,75,75,75,75,68,68,68,68,52,52,59,59,59,54,49,71,45,75,75,75,75,73,75,75,75,75,75,69,69,73,69,69,69,15],"gold":279,"neow_bonus":"BOSS_RELIC","is_daily":false,"chose_seed":false,"campfire_upgraded":4,"win_rate":0.0,"timestamp":1609991697,"path_taken":["M","M","?","$","M","E","?","?","T","M","?","?","R","?","R","BOSS","?","?","?","?","?","T","?","?","T","?","E","?","?","E","T","BOSS","?","?","?","?","?","T","?","?","T","?","T","?","E","T","T","BOSS"],"items_purchased_type":["Card","Card","Relic","Relic","Relic"],"build_version":"2020-12-22","purchased_purges":1,"victory":true,"max_hp_per_floor":[75,75,75,75,75,75,75,75,75,75,75,75,75,75,75,75,75,75,75,75,75,75,75,75,75,75,75,75,75,75,75,75,75,75,75,75,75,75,75,75,75,75,75,75,75,75,75,75,75,75],"card_choices":[{"not_picked":["Leap","Panic Button"],"picked":"Hologram","floor":1.0},{"not_picked":["Chaos","Rebound"],"picked":"Creative AI","floor":2.0},{"not_picked":["Redo","Streamline"],"picked":"Undo","floor":5.0},{"not_picked":["Chill","Rebound","Lockon"],"picked":"SKIP","floor":6.0},{"not_picked":["Gash","Go for the Eyes"],"picked":"Ball Lightning","floor":10.0},{"not_picked":["ReplaySolidLightProjector","Steam"],"picked":"Leap","floor":12.0},{"not_picked":["Buffer","Fission"],"picked":"Rainbow","floor":16.0},{"not_picked":["Glacier","Rip and Tear"],"picked":"Ball Lightning","floor":18.0},{"not_picked":["BootSequence","White Noise"],"picked":"Self Repair+1","floor":19.0},{"not_picked":["Leap","FTL"],"picked":"Redo","floor":21.0},{"not_picked":["Compile Driver","Beam Cell"],"picked":"Chaos","floor":27.0},{"not_picked":["BasicCrystalCard","Compile Driver"],"picked":"Leap+1","floor":28.0},{"not_picked":["Consume+1","Panic Button","ReplayTheSpireMod:Reroute Power+1"],"picked":"SKIP","floor":30.0},{"not_picked":["Time Bomb+1","Cold Snap"],"picked":"Tempest+1","floor":31.0},{"not_picked":["Machine Learning","Amplify"],"picked":"Electrodynamics","floor":33.0},{"not_picked":["Streamline+1","Glacier","Force Field+1"],"picked":"SKIP","floor":35.0},{"not_picked":["ReplayTheSpireMod:Repulse+1","Tempest"],"picked":"Cold Snap+1","floor":36.0},{"not_picked":["White Noise+1","Leap+1"],"picked":"Coolheaded+1","floor":37.0},{"not_picked":["Panic Button+1","Stack","Ball Lightning"],"picked":"SKIP","floor":38.0},{"not_picked":["Panic Button","Aggregate+1"],"picked":"Chaos+1","floor":39.0},{"not_picked":["Beam Cell+1","Stack+1","Redo"],"picked":"SKIP","floor":41.0},{"not_picked":["expansioncontent:LastStand","expansioncontent:Corrupt"],"picked":"Impatience","floor":42.0},{"not_picked":["Ball Lightning","Storm","Consume"],"picked":"SKIP","floor":44},{"not_picked":["Hologram","Static Discharge"],"picked":"Steam","floor":46},{"not_picked":["Sweeping Beam+1","Cold Snap"],"picked":"ReplayRNGCard","floor":47}],"player_experience":75023,"relics_obtained":[{"floor":6.0,"key":"Replay:Bottled Eggs"},{"floor":7.0,"key":"Odd Mushroom"},{"floor":8.0,"key":"Ring of Shattering"},{"floor":9.0,"key":"White Beast Statue"},{"floor":11.0,"key":"Oddly Smooth Stone"},{"floor":15.0,"key":"CaptainsWheel"},{"floor":25.0,"key":"Enchiridion"},{"floor":26.0,"key":"Potion Belt"},{"floor":28.0,"key":"MawBank"},{"floor":31.0,"key":"Blood Vial"},{"floor":43.0,"key":"Divine Protection"},{"floor":47,"key":"Bag of Preparation"},{"floor":47,"key":"HornCleat"}],"event_choices":[{"damage_healed":0.0,"max_hp_gain":0.0,"max_hp_loss":0.0,"gold_gain":75.0,"event_name":"World of Goop","player_choice":"Gather Gold","floor":3.0,"gold_loss":0.0,"damage_taken":11.0},{"damage_healed":0.0,"max_hp_gain":0.0,"max_hp_loss":0.0,"gold_gain":0.0,"event_name":"Mushrooms","player_choice":"Fought Mushrooms","floor":7.0,"gold_loss":0.0,"damage_taken":0.0},{"damage_healed":0.0,"max_hp_gain":0.0,"max_hp_loss":0.0,"gold_gain":0.0,"event_name":"Vampires","player_choice":"Ignored","floor":20.0,"gold_loss":0.0,"damage_taken":0.0},{"damage_healed":0.0,"max_hp_gain":0.0,"max_hp_loss":0.0,"gold_gain":0.0,"event_name":"The Mausoleum","player_choice":"Opened","floor":24.0,"gold_loss":0.0,"damage_taken":0.0,"relics_obtained":["Smiling Mask"],"cards_obtained":["Writhe"]},{"damage_healed":0.0,"max_hp_gain":0.0,"max_hp_loss":0.0,"gold_gain":0.0,"event_name":"Cursed Tome","player_choice":"Obtained Book","floor":25.0,"gold_loss":0.0,"damage_taken":16.0},{"cards_removed":["Strike_B"],"damage_healed":0.0,"max_hp_gain":0.0,"max_hp_loss":0.0,"gold_gain":0.0,"event_name":"Bonfire Elementals","player_choice":"Offered Basic","floor":29.0,"gold_loss":0.0,"damage_taken":0.0},{"damage_healed":0.0,"max_hp_gain":0.0,"max_hp_loss":0.0,"gold_gain":0.0,"event_name":"SensoryStone","player_choice":"Memory 1","floor":42.0,"gold_loss":0.0,"damage_taken":0.0}],"is_beta":false,"boss_relics":[{"not_picked":["ReplayTheSpireMod:DimensionalGlitch","Snecko Eye"],"picked":"Painkiller Herb"},{"not_picked":["Honey Jar","Kintsugi"],"picked":"Black Star"}],"items_purged_floors":[48],"is_endless":false,"potions_floor_spawned":[5,6,10,12,16,18,19,21,27,28,30,31,33,35,36,37,38,39,41,44,46,47],"ascension_level":0}}