{"host":"nox","time":1609987674,"event":{"mods":["Act Like it!","Aspiration","BaseMod","Better Altar","Better Match","Better Note","Better Sensory Stone","Better Skull","Better Third Choice","BetterRewards","Colored Powertips","Conspire","Energized Spire","GifTheSpireLib","Hubris","Infinite Spire","Minty Spire (QoL Compilation)","Pale of the Ancients","Quick Restart","Rare Cards Sparkle","Replay The Spire","Shop Mod","Spikes Relics","StSLib","Stuff the Spire","SuperFastMode","The Alterego","vexMod"],"gold_per_floor":[118,134,84,103,103,136,152,179,179,179,193,256,256,256,256,352,352,366,366,384,350,363,363,363],"floor_reached":23,"playtime":788,"items_purged":[],"score":322,"play_id":"e64d3b25-bd3d-429a-a50a-7dfb9926e379","local_time":"20210107094754","is_ascension_mode":true,"campfire_choices":[{"floor":10.0,"key":"REST"},{"data":"Armaments","floor":13.0,"key":"SMITH"},{"data":"Flex","floor":15.0,"key":"SMITH"}],"circlet_count":0,"master_deck":["AscendersBane","Strike_R","Strike_R","Strike_R","Strike_R","Defend_R","Defend_R","Defend_R","Defend_R","Bash","Sword Boomerang","StuffTheSpire:Slingshot","Carnage","Armaments+1","Uppercut+1","True Grit","Flex+1","Body Slam+1","Inflame+1","Heavy Blade+1","Limit Break"],"relics":["Burning Blood","ReplayTheSpireMod:TigerMarble","Molten Egg 2","Eternal Feather","hubris:Zylophone","hubris:Towel","hubris:RunicObelisk","alterego_mod:FleetingLove"],"acts_visited":["Exordium","TheCity"],"potions_floor_usage":[23],"damage_taken":[{"damage":10.0,"enemies":"Small Slimes","floor":1.0,"turns":5.0},{"damage":8.0,"enemies":"2 Louse","floor":2.0,"turns":3.0},{"damage":5.0,"enemies":"conspire:RoseBush","floor":4.0,"turns":4.0},{"damage":66.0,"enemies":"3 Sentries","floor":6.0,"turns":9.0},{"damage":5.0,"enemies":"Exordium Wildlife","floor":7.0,"turns":3.0},{"damage":13.0,"enemies":"Lagavulin","floor":8.0,"turns":5.0},{"damage":8.0,"enemies":"Blue Slaver","floor":11.0,"turns":2.0},{"damage":26.0,"enemies":"Gremlin Nob","floor":12.0,"turns":4.0},{"damage":32.0,"enemies":"Slime Boss","floor":16.0,"turns":9.0},{"damage":27.0,"enemies":"Spheric Guardian","floor":18.0,"turns":4.0},{"damage":27.0,"enemies":"3 Byrds","floor":20.0,"turns":5.0},{"damage":20,"enemies":"Snecko","floor":22,"turns":4},{"damage":26,"enemies":"conspire:SneckoGhost","floor":23,"turns":4}],"seed_played":"-2940830381327143237","potions_obtained":[{"floor":2.0,"key":"Reflective Coating"},{"floor":4.0,"key":"Adrenaline Potion"},{"floor":7.0,"key":"Venom Potion"},{"floor":20.0,"key":"Venom Potion"}],"is_trial":false,"path_per_floor":["M","M","?","M","?","E","M","E","T","R","M","?","R","?","R","B",null,"M","?","M","$","M","E"],"character_chosen":"IRONCLAD","items_purchased":["Heavy Blade+1"],"campfire_rested":1,"item_purchase_floors":[21],"current_hp_per_floor":[76,74,74,75,75,15,16,9,9,44,42,22,31,31,40,14,70,49,49,28,28,14,0,0],"gold":363,"neow_bonus":"TEN_PERCENT_HP_BONUS","is_daily":false,"chose_seed":false,"campfire_upgraded":2,"win_rate":0.0,"timestamp":1609987674,"path_taken":["M","M","?","M","?","E","M","E","T","R","M","?","R","?","R","BOSS","M","?","M","$","M","E"],"items_purchased_type":["Card"],"build_version":"2020-11-17","purchased_purges":0,"victory":false,"max_hp_per_floor":[88,88,88,88,88,88,88,88,88,88,88,88,88,88,88,88,88,88,88,88,88,88,88,88],"card_choices":[{"not_picked":["StuffTheSpire:BloodClot","ReplayTheSpireMod:Stacked","Run Through"],"picked":"SKIP","floor":1.0},{"not_picked":["StuffTheSpire:RockThrow","Massacre"],"picked":"Sword Boomerang","floor":2.0},{"not_picked":["Body Slam","Dual Wield"],"picked":"StuffTheSpire:Slingshot","floor":4.0},{"not_picked":["Warcry","Run Through"],"picked":"Carnage","floor":6.0},{"not_picked":["Whirlwind","Battle Trance"],"picked":"Armaments","floor":7.0},{"not_picked":["conspire:HitWhereItHurts+1","Metallicize"],"picked":"Uppercut+1","floor":8.0},{"not_picked":["Shockwave","ReplayTheSpireMod:Stacked"],"picked":"True Grit","floor":11.0},{"not_picked":["Run Through+1","Hemokinesis+1"],"picked":"Flex","floor":12.0},{"not_picked":["Shrug It Off","True Grit"],"picked":"Body Slam+1","floor":18.0},{"not_picked":["Perfected Strike+1","Shrug It Off"],"picked":"Inflame+1","floor":20.0},{"not_picked":["Clash+1","Havoc"],"picked":"Limit Break","floor":22}],"player_experience":312620,"relics_obtained":[{"floor":6.0,"key":"ReplayTheSpireMod:TigerMarble"},{"floor":8.0,"key":"Molten Egg 2"},{"floor":9.0,"key":"Eternal Feather"},{"floor":12.0,"key":"hubris:Zylophone"}],"event_choices":[{"cards_removed":["Strike_R"],"damage_healed":0.0,"max_hp_gain":0.0,"max_hp_loss":0.0,"gold_gain":0.0,"event_name":"The Cleric","player_choice":"Card Removal","floor":3.0,"gold_loss":50.0,"damage_taken":0.0},{"damage_healed":0.0,"max_hp_gain":0.0,"max_hp_loss":0.0,"gold_gain":30.0,"event_name":"Dead Adventurer","player_choice":"Searched \u00273\u0027 times","floor":12.0,"gold_loss":0.0,"damage_taken":0.0},{"damage_healed":0.0,"max_hp_gain":0.0,"max_hp_loss":0.0,"gold_gain":0.0,"event_name":"Secret Garden","player_choice":"Choice 1","floor":19.0,"gold_loss":0.0,"damage_taken":0.0,"relics_obtained":["alterego_mod:FleetingLove"]}],"is_beta":true,"boss_relics":[{"not_picked":["Philosopher\u0027s Stone","conspire:SpecialSausage"],"picked":"hubris:RunicObelisk"}],"items_purged_floors":[],"is_endless":false,"potions_floor_spawned":[2,4,7,20,22],"killed_by":"conspire:SneckoGhost","ascension_level":12}}