{"host":"y3h3n3f7seyagppx","time":1609987858,"event":{"mods":["BaseMod","Colored Map","Colored Powertips","DeckTracker","Minty Spire (QoL Compilation)","Random Character Button","Rare Cards Sparkle","Relic Sorter","Relic Stats","StSLib"],"gold_per_floor":[217,217,232,5,18,18,45,45,126,156,156,156,179,179,179],"floor_reached":14,"playtime":1206,"items_purged":[],"score":196,"play_id":"e8ba2342-065c-46a5-b70e-2593ff05a7fc","local_time":"20210106215058","is_ascension_mode":true,"campfire_choices":[{"data":"Carnage","floor":6,"key":"SMITH"},{"data":"Whirlwind","floor":8,"key":"SMITH"},{"data":"Uppercut","floor":12,"key":"SMITH"}],"circlet_count":0,"master_deck":["AscendersBane","Strike_R","Strike_R","Strike_R","Strike_R","Defend_R","Defend_R","Defend_R","Defend_R","Bash","Whirlwind+1","Carnage+1","Spot Weakness","Uppercut+1"],"relics":["Burning Blood","Bag of Marbles","MealTicket","Question Card","Regal Pillow","Golden Idol"],"acts_visited":["Exordium"],"potions_floor_usage":[4,5],"damage_taken":[{"damage":4,"enemies":"2 Louse","floor":1,"turns":3},{"damage":1,"enemies":"Cultist","floor":3,"turns":3},{"damage":4,"enemies":"Jaw Worm","floor":5,"turns":5},{"damage":31,"enemies":"Gremlin Nob","floor":7,"turns":4},{"damage":30,"enemies":"3 Sentries","floor":10,"turns":7},{"damage":9,"enemies":"Blue Slaver","floor":13,"turns":6},{"damage":30,"enemies":"Lagavulin","floor":14,"turns":3}],"seed_played":"-5392906831885858769","potions_obtained":[{"floor":1,"key":"Block Potion"},{"floor":3,"key":"Fruit Juice"}],"is_trial":false,"path_per_floor":["M","?","M","$","M","R","E","R","T","E","?","R","M","E"],"character_chosen":"IRONCLAD","items_purchased":["Bag of Marbles","Strength Potion"],"campfire_rested":0,"item_purchase_floors":[4,4],"current_hp_per_floor":[70,70,75,80,80,80,55,55,55,31,31,31,28,0,0],"gold":179,"neow_bonus":"HUNDRED_GOLD","is_daily":false,"chose_seed":false,"campfire_upgraded":3,"win_rate":0.0,"timestamp":1609987858,"path_taken":["M","?","M","$","?","R","E","R","T","E","?","R","M","E"],"items_purchased_type":["Relic","Potion"],"build_version":"2020-12-22","purchased_purges":0,"victory":false,"max_hp_per_floor":[75,75,75,80,80,80,80,80,80,80,72,72,72,72,72],"relic_stats":{"Regal Pillow":0,"counters":[7,31],"Golden Idol":5,"MealTicket":0,"Question Card":2,"obtain_stats":[{"Regal Pillow":10,"Golden Idol":11,"MealTicket":7,"Bag of Marbles":4,"Question Card":9,"Burning Blood":0},{"Regal Pillow":5,"Golden Idol":5,"MealTicket":4,"Bag of Marbles":2,"Question Card":4,"Burning Blood":0},{"Regal Pillow":22,"Golden Idol":22,"MealTicket":15,"Bag of Marbles":6,"Question Card":15,"Burning Blood":0}],"Burning Blood":34},"card_choices":[{"not_picked":["Shrug It Off","Iron Wave"],"picked":"Whirlwind","floor":1},{"not_picked":["Cleave","Dual Wield","Perfected Strike"],"picked":"SKIP","floor":3},{"not_picked":["Cleave","Wild Strike"],"picked":"Carnage","floor":5},{"not_picked":["Feel No Pain","Anger"],"picked":"Spot Weakness","floor":7},{"not_picked":["Spot Weakness","Brutality","Dark Embrace"],"picked":"Uppercut","floor":10},{"not_picked":["Body Slam","Combust","Sword Boomerang","Wild Strike"],"picked":"SKIP","floor":13}],"player_experience":20407628,"relics_obtained":[{"floor":7,"key":"MealTicket"},{"floor":9,"key":"Question Card"},{"floor":10,"key":"Regal Pillow"}],"event_choices":[{"cards_removed":["Strike_R"],"damage_healed":0,"gold_gain":0,"player_choice":"Purged","damage_taken":0,"max_hp_gain":0,"max_hp_loss":0,"event_name":"Purifier","floor":2,"gold_loss":0},{"damage_healed":0,"gold_gain":0,"player_choice":"Lose Max HP","damage_taken":0,"relics_obtained":["Golden Idol"],"max_hp_gain":0,"max_hp_loss":8,"event_name":"Golden Idol","floor":11,"gold_loss":0}],"is_beta":false,"boss_relics":[],"items_purged_floors":[],"is_endless":false,"potions_floor_spawned":[1,3],"killed_by":"Lagavulin","ascension_level":20}}