{"host":"jtxptf9isiqyc7jm","time":1609988091,"event":{"mods":["Act Like it!","BaseMod","Bestiary","BetterRewards","Colored Powertips","Custom Start","Downfall","Friendly Minions","Hermit","Hubris","Infinite Spire","Jorbs\u0027s Wanderer Trilogy","Kiyohime????","Koishi","Lobotomy","Marisa????????","Minty Spire (QoL Compilation)","Prisma Mod","Remilia??????","Replay The Spire","Shop Mod","StSLib","The Construct","The Cursed","The Disciple","The Hierophant","The Jungle","The Runesmith","The Senshi","The Servant 0.9.4"],"gold_per_floor":[112,112,62,93,93,135,135,167,192,192,192,222,247,280,280,398,398,410,255,255,255],"floor_reached":20,"playtime":1080,"items_purged":[],"score":172,"play_id":"8de0ef2b-d795-432b-bf0e-47cdc7feefd4","local_time":"20210107025451","is_ascension_mode":false,"campfire_choices":[{"floor":7,"key":"REST"},{"floor":15,"key":"REST"}],"circlet_count":0,"master_deck":["Strike_MRS","Strike_MRS+1","Strike_MRS","Strike_MRS","Defend_MRS","Defend_MRS","Defend_MRS","Defend_MRS","MasterSpark+1","UpSweep+1","SatelliteIllusion","WitchOfGreed","EnergyRecoil","ShootTheMoon","ChargeUpSpray","Amnesia","MilkyWay","6A","MillisecondPulsars","AsteroidBelt+1"],"relics":["MiniHakkero","FaceOfCleric","MealTicket","Tiny Chest","Ring of Searing","ReplayTheSpireMod:Ring of Exchange","Whetstone","infinitespire:Beetle Shell","hubris:EmptyBottle","Medical Kit"],"acts_visited":["Exordium","TheCity"],"potions_floor_usage":[6,6,16],"damage_taken":[{"damage":6,"enemies":"Jaw Worm","floor":1,"turns":3},{"damage":10,"enemies":"Cultist","floor":4,"turns":4},{"damage":48,"enemies":"3 Sentries","floor":6,"turns":11},{"damage":0,"enemies":"2 Louse","floor":8,"turns":3},{"damage":1,"enemies":"2 Fungi Beasts","floor":12,"turns":4},{"damage":14,"enemies":"Lots of Slimes","floor":14,"turns":6},{"damage":26,"enemies":"The Guardian","floor":16,"turns":9},{"damage":46,"enemies":"2 Thieves","floor":18,"turns":4},{"damage":54,"enemies":"Chosen","floor":20,"turns":8}],"seed_played":"5844272131300453500","potions_obtained":[{"floor":4,"key":"Swift Potion"},{"floor":4,"key":"Explosive Potion"},{"floor":6,"key":"EssenceOfSteel"},{"floor":8,"key":"DuplicationPotion"},{"floor":12,"key":"Slimebound:ThreeZeroPotion"},{"floor":18,"key":"Venom Potion"}],"is_trial":false,"path_per_floor":["M","?","$","M","?","E","R","M","T","?","?","M","T","M","R","B",null,"M","$","M"],"character_chosen":"MARISA","items_purchased":["WitchOfGreed","Medical Kit"],"campfire_rested":2,"item_purchase_floors":[3,19],"current_hp_per_floor":[69,69,69,59,59,12,34,35,35,35,35,35,35,22,45,20,80,35,50,0,0],"gold":255,"neow_bonus":"UPGRADE_CARD","is_daily":false,"chose_seed":false,"campfire_upgraded":0,"win_rate":0.0,"timestamp":1609988091,"path_taken":["M","?","?","M","?","E","R","?","T","?","?","M","?","M","R","BOSS","M","$","M"],"items_purchased_type":["Card","Relic"],"build_version":"2020-12-22","purchased_purges":0,"victory":false,"max_hp_per_floor":[75,75,75,75,75,76,76,77,77,77,77,78,78,79,79,80,80,81,81,81,81],"card_choices":[{"not_picked":["MachineGunSpark","Acceleration"],"picked":"MysteriousBeam","floor":1},{"not_picked":["DeepEcoloBomb","DoubleSpark"],"picked":"EnergyRecoil","floor":4},{"not_picked":["UnstableBomb","GravityBeat"],"picked":"ShootTheMoon","floor":6},{"not_picked":["DarkSpark","DC"],"picked":"ChargeUpSpray","floor":8},{"not_picked":["BlazeAway","SporeBomb"],"picked":"MilkyWay","floor":12},{"not_picked":["MilkyWay","ShootingEcho"],"picked":"6A","floor":14},{"not_picked":["SuperNova","StarDustReverie"],"picked":"MillisecondPulsars","floor":16},{"not_picked":["LuminesStrike","DoubleSpark+1"],"picked":"AsteroidBelt+1","floor":18}],"player_experience":122257,"relics_obtained":[{"floor":6,"key":"MealTicket"},{"floor":9,"key":"Tiny Chest"},{"floor":10,"key":"Ring of Searing"},{"floor":10,"key":"ReplayTheSpireMod:Ring of Exchange"},{"floor":11,"key":"Whetstone"},{"floor":13,"key":"infinitespire:Beetle Shell"}],"event_choices":[{"damage_healed":0,"gold_gain":0,"cards_transformed":["MysteriousBeam"],"player_choice":"Transformed","damage_taken":0,"max_hp_gain":0,"max_hp_loss":0,"event_name":"Transmorgrifier","floor":2,"gold_loss":0,"cards_obtained":["SatelliteIllusion"]},{"damage_healed":0,"gold_gain":0,"player_choice":"Trade","damage_taken":0,"relics_obtained":["FaceOfCleric"],"max_hp_gain":0,"max_hp_loss":0,"event_name":"FaceTrader","floor":5,"gold_loss":0}],"is_beta":false,"boss_relics":[{"not_picked":["Coffee Dripper","Replay:Drink Me"],"picked":"hubris:EmptyBottle"}],"items_purged_floors":[],"is_endless":false,"potions_floor_spawned":[4,12,14,18],"killed_by":"Chosen","ascension_level":0}}