{"host":"vmjjgffn5jm19cfo","time":1609996012,"event":{"mods":["BaseMod","Minty Spire (QoL Compilation)","Shop Mod"],"gold_per_floor":[117,192,142,153,153,188,209,209,209,222,266,266,266,14,14,134,134,154,170,183,201,10,10,30,30,30,65,83,101,101,135,135,265,265,283,134,0,363,409,409,409,409,409,255,296,334,46,60,60,60,60,60,21,57,57,57],"floor_reached":55,"playtime":3786,"items_purged":[],"score":857,"play_id":"c8dc5e24-a774-4858-b73f-bd6eb12fdd9a","local_time":"20210107130652","is_ascension_mode":true,"campfire_choices":[{"data":"FlurryOfBlows","floor":8.0,"key":"SMITH"},{"floor":12.0,"key":"REST"},{"data":"FlurryOfBlows","floor":15.0,"key":"SMITH"},{"floor":23.0,"key":"REST"},{"data":"FlurryOfBlows","floor":25.0,"key":"SMITH"},{"floor":30.0,"key":"REST"},{"data":"MentalFortress","floor":32.0,"key":"SMITH"},{"floor":40.0,"key":"RECALL"},{"data":"Perseverance","floor":42.0,"key":"SMITH"},{"data":"Wish","floor":49.0,"key":"SMITH"},{"data":"Meditate","floor":52.0,"key":"SMITH"}],"circlet_count":0,"master_deck":["Strike_P","Strike_P","Strike_P+1","Defend_P+1","Defend_P+1","Defend_P+1","Vigilance+1","WheelKick","FlurryOfBlows+1","FlurryOfBlows+1","Perseverance+1","Consecrate","EmptyFist","LessonLearned","Meditate+1","EmptyBody","MentalFortress+1","LikeWater+1","FlurryOfBlows+1","FlurryOfBlows+1","Tantrum+1","DeusExMachina+1","WaveOfTheHand+1","JustLucky","Wish+1","CurseOfTheBell","Blasphemy","Parasite","Wallop","DeusExMachina"],"relics":["PureWater","NeowsBlessing","Golden Idol","Eternal Feather","Question Card","WingedGreaves","InkBottle","VioletLotus","DollysMirror","Darkstone Periapt","Anchor","Boot","Calling Bell","Art of War","Singing Bowl","Gambling Chip","Sling","Red Mask","Old Coin","Melange","Happy Flower","Turnip","HornCleat"],"acts_visited":["Exordium","TheCity","TheBeyond","TheEnding"],"potions_floor_usage":[],"damage_taken":[{"damage":0.0,"enemies":"2 Louse","floor":1.0,"turns":1.0},{"damage":0.0,"enemies":"Small Slimes","floor":4.0,"turns":1.0},{"damage":0.0,"enemies":"Gremlin Nob","floor":6.0,"turns":1.0},{"damage":3.0,"enemies":"Jaw Worm","floor":7.0,"turns":2.0},{"damage":6.0,"enemies":"Large Slime","floor":10.0,"turns":3.0},{"damage":5.0,"enemies":"Lagavulin","floor":11.0,"turns":3.0},{"damage":49.0,"enemies":"The Guardian","floor":16.0,"turns":10.0},{"damage":38.0,"enemies":"2 Thieves","floor":18.0,"turns":4.0},{"damage":0.0,"enemies":"Chosen","floor":19.0,"turns":3.0},{"damage":12.0,"enemies":"Centurion and Healer","floor":20.0,"turns":3.0},{"damage":10.0,"enemies":"Cultist and Chosen","floor":21.0,"turns":5.0},{"damage":2.0,"enemies":"Sentry and Sphere","floor":24.0,"turns":5.0},{"damage":17.0,"enemies":"Gremlin Leader","floor":27.0,"turns":4.0},{"damage":4.0,"enemies":"3 Cultists","floor":28.0,"turns":6.0},{"damage":18.0,"enemies":"Snake Plant","floor":29.0,"turns":4.0},{"damage":15.0,"enemies":"Slavers","floor":31.0,"turns":3.0},{"damage":37.0,"enemies":"Champ","floor":33.0,"turns":8.0},{"damage":3.0,"enemies":"3 Darklings","floor":35.0,"turns":3.0},{"damage":0.0,"enemies":"Mind Bloom Boss Battle","floor":38.0,"turns":5.0},{"damage":25.0,"enemies":"Orb Walker","floor":39.0,"turns":4.0},{"damage":0.0,"enemies":"Giant Head","floor":45.0,"turns":5.0},{"damage":24.0,"enemies":"Writhing Mass","floor":46.0,"turns":5.0},{"damage":3.0,"enemies":"Transient","floor":48.0,"turns":5.0},{"damage":38.0,"enemies":"Donu and Deca","floor":50.0,"turns":10.0},{"damage":53,"enemies":"Shield and Spear","floor":54,"turns":5},{"damage":49,"enemies":"The Heart","floor":55,"turns":3}],"seed_played":"-7929944560552753636","potions_obtained":[{"floor":4.0,"key":"Fire Potion"},{"floor":11.0,"key":"Block Potion"},{"floor":18.0,"key":"BlessingOfTheForge"},{"floor":19.0,"key":"Strength Potion"},{"floor":21.0,"key":"LiquidBronze"},{"floor":27.0,"key":"Fruit Juice"},{"floor":31.0,"key":"LiquidMemories"},{"floor":45.0,"key":"Explosive Potion"},{"floor":46.0,"key":"Fire Potion"},{"floor":48.0,"key":"Block Potion"}],"is_trial":false,"path_per_floor":["M","?","?","M","?","E","M","R","T","M","E","R","?","$","R","B",null,"M","M","M","M","$","R","M","R","T","E","M","M","R","E","R","B",null,"M","$","?","?","M","R","?","R","T","$","E","M","$","M","R","B",null,"R","$","E","B"],"character_chosen":"WATCHER","items_purchased":["InkBottle","DollysMirror","FlurryOfBlows","Sling","Melange","Turnip","Wallop"],"campfire_rested":3,"item_purchase_floors":[14,22,22,36,44,47,53],"current_hp_per_floor":[72,61,61,61,43,43,40,46,46,40,35,65,65,65,71,22,72,34,34,22,12,12,45,43,55,55,38,34,16,49,39,54,17,83,82,82,82,84,61,76,76,89,89,89,89,73,73,72,87,49,99,99,99,46,0,0],"gold":57,"neow_bonus":"THREE_ENEMY_KILL","is_daily":false,"chose_seed":false,"campfire_upgraded":7,"win_rate":0.0,"timestamp":1609996012,"path_taken":["M","?","?","M","?","E","?","R","T","M","E","R","?","$","R","BOSS","M","?","M","M","$","R","M","R","T","E","?","M","R","E","R","BOSS","M","$","?","?","M","R","?","R","T","?","E","M","$","M","R","BOSS","R","$","E","BOSS"],"items_purchased_type":["Relic","Relic","Card","Relic","Relic","Relic","Card"],"build_version":"2020-12-22","purchased_purges":0,"victory":false,"max_hp_per_floor":[72,72,72,72,72,72,72,72,72,72,72,72,72,72,72,72,72,72,72,72,72,72,72,72,72,72,72,72,72,72,77,77,77,83,85,85,85,87,89,89,89,89,89,89,89,97,97,99,99,99,99,99,99,99,99,99],"card_choices":[{"not_picked":["CrushJoints","Evaluate"],"picked":"WheelKick","floor":1.0},{"not_picked":["SandsOfTime","Evaluate"],"picked":"FlurryOfBlows","floor":4.0},{"not_picked":["CarveReality","EmptyFist"],"picked":"FlurryOfBlows","floor":6.0},{"not_picked":["SashWhip","CrushJoints"],"picked":"Perseverance","floor":7.0},{"not_picked":["Prostrate","Study","Protect"],"picked":"Consecrate","floor":10.0},{"not_picked":["CarveReality","SashWhip","Blasphemy"],"picked":"EmptyFist","floor":11.0},{"not_picked":["SpiritShield","Omniscience","Establishment"],"picked":"LessonLearned","floor":16.0},{"not_picked":["LikeWater+1","JustLucky+1","WheelKick"],"picked":"Meditate","floor":18.0},{"not_picked":["SashWhip","PathToVictory+1","Protect+1"],"picked":"EmptyBody","floor":19.0},{"not_picked":["Evaluate","ClearTheMind","Crescendo"],"picked":"MentalFortress","floor":20.0},{"not_picked":["WreathOfFlame","WheelKick","SashWhip"],"picked":"LikeWater","floor":21.0},{"not_picked":["Halt","InnerPeace","Indignation"],"picked":"Tantrum+1","floor":24.0},{"not_picked":["Vengeance","ThirdEye","Adaptation"],"picked":"DeusExMachina","floor":27.0},{"not_picked":["FollowUp+1","ClearTheMind","SashWhip+1"],"picked":"WaveOfTheHand","floor":28.0},{"not_picked":["FollowUp","Consecrate","Crescendo","PathToVictory+1"],"picked":"SKIP","floor":29.0},{"not_picked":["ThirdEye","FlyingSleeves+1","ClearTheMind"],"picked":"JustLucky","floor":31.0},{"not_picked":["Vault","Blasphemy","MasterReality"],"picked":"Wish","floor":33.0},{"not_picked":["Protect","ForeignInfluence","FollowUp","Perseverance"],"picked":"Singing Bowl","floor":35.0},{"not_picked":["Crescendo+1","Prostrate+1","Perseverance+1","Consecrate"],"picked":"Singing Bowl","floor":38.0},{"not_picked":["Fasting2+1","Perseverance+1","Conclude+1","EmptyBody+1"],"picked":"Singing Bowl","floor":39.0},{"not_picked":["EmptyBody","SignatureMove","WheelKick"],"picked":"Blasphemy","floor":45.0},{"not_picked":["Protect","JustLucky+1","ReachHeaven","SashWhip"],"picked":"Singing Bowl","floor":46.0},{"not_picked":["Consecrate","Perseverance","EmptyFist+1","FlurryOfBlows"],"picked":"Singing Bowl","floor":48.0},{"not_picked":["EmptyFist","MentalFortress+1","BattleHymn+1"],"picked":"DeusExMachina","floor":54}],"player_experience":313882,"relics_obtained":[{"floor":6.0,"key":"Eternal Feather"},{"floor":9.0,"key":"Question Card"},{"floor":11.0,"key":"WingedGreaves"},{"floor":26.0,"key":"Darkstone Periapt"},{"floor":27.0,"key":"Anchor"},{"floor":31.0,"key":"Boot"},{"floor":34.0,"key":"Art of War"},{"floor":34.0,"key":"Singing Bowl"},{"floor":34.0,"key":"Gambling Chip"},{"floor":38.0,"key":"Old Coin"},{"floor":45.0,"key":"Happy Flower"},{"floor":54,"key":"HornCleat"}],"event_choices":[{"damage_healed":0.0,"max_hp_gain":0.0,"max_hp_loss":0.0,"gold_gain":75.0,"event_name":"World of Goop","player_choice":"Gather Gold","floor":2.0,"gold_loss":0.0,"damage_taken":11.0},{"cards_removed":["Defend_P"],"damage_healed":0.0,"max_hp_gain":0.0,"max_hp_loss":0.0,"gold_gain":0.0,"event_name":"The Cleric","player_choice":"Card Removal","floor":3.0,"gold_loss":50.0,"damage_taken":0.0},{"damage_healed":0.0,"max_hp_gain":0.0,"max_hp_loss":0.0,"gold_gain":0.0,"event_name":"Golden Idol","player_choice":"Take Damage","floor":5.0,"gold_loss":0.0,"damage_taken":18.0,"relics_obtained":["Golden Idol"]},{"cards_removed":["Strike_P"],"damage_healed":0.0,"max_hp_gain":0.0,"max_hp_loss":0.0,"gold_gain":0.0,"event_name":"Purifier","player_choice":"Purged","floor":13.0,"gold_loss":0.0,"damage_taken":0.0},{"damage_healed":0.0,"max_hp_gain":0.0,"max_hp_loss":0.0,"gold_gain":0.0,"event_name":"Tomb of Lord Red Mask","player_choice":"Paid","floor":37.0,"gold_loss":134.0,"damage_taken":0.0,"relics_obtained":["Red Mask"]},{"damage_healed":0.0,"max_hp_gain":0.0,"max_hp_loss":0.0,"gold_gain":0.0,"event_name":"MindBloom","player_choice":"Fight","floor":38.0,"gold_loss":0.0,"damage_taken":0.0},{"cards_removed":["Eruption"],"damage_healed":0.0,"max_hp_gain":0.0,"max_hp_loss":0.0,"gold_gain":0.0,"event_name":"Falling","player_choice":"Removed Attack","floor":41.0,"gold_loss":0.0,"damage_taken":0.0}],"is_beta":false,"boss_relics":[{"not_picked":["Busted Crown","Tiny House"],"picked":"VioletLotus"},{"not_picked":["Philosopher\u0027s Stone","Pandora\u0027s Box"],"picked":"Calling Bell"}],"items_purged_floors":[],"is_endless":false,"potions_floor_spawned":[4,11,18,19,21,27,31,45,46,48],"killed_by":"The Heart","ascension_level":1}}