{"host":"gl7gfqdgzaxu5sie","time":1609997612,"event":{"mods":["AchievementEnabler","BaseMod","Colored Map","DeckTracker","Minty Spire (QoL Compilation)"],"gold_per_floor":[117,129,147,159,172,198,215,215,267,267,267],"floor_reached":10,"playtime":808,"items_purged":[],"score":108,"play_id":"055058a3-db46-4d11-96ff-eefaac209744","local_time":"20210107143332","is_ascension_mode":true,"campfire_choices":[{"data":"Bash","floor":8,"key":"SMITH"}],"circlet_count":0,"master_deck":["AscendersBane","Strike_R","Strike_R","Strike_R","Strike_R","Strike_R","Defend_R","Defend_R","Defend_R","Defend_R","Bash+1","Sever Soul","Seeing Red","Evolve","Feel No Pain","Reckless Charge","Dual Wield","Wild Strike"],"relics":["Burning Blood","Orichalcum","Vajra"],"acts_visited":["Exordium"],"potions_floor_usage":[4,10],"damage_taken":[{"damage":9,"enemies":"Jaw Worm","floor":1,"turns":5},{"damage":0,"enemies":"2 Louse","floor":2,"turns":2},{"damage":10,"enemies":"Small Slimes","floor":3,"turns":2},{"damage":11,"enemies":"Exordium Thugs","floor":4,"turns":4},{"damage":28,"enemies":"3 Louse","floor":5,"turns":4},{"damage":25,"enemies":"3 Sentries","floor":6,"turns":10},{"damage":12,"enemies":"Large Slime","floor":7,"turns":5},{"damage":29,"enemies":"Lagavulin","floor":10,"turns":5}],"seed_played":"4763457549778786305","potions_obtained":[{"floor":1,"key":"PowerPotion"},{"floor":2,"key":"GamblersBrew"},{"floor":3,"key":"AttackPotion"},{"floor":6,"key":"Ancient Potion"}],"is_trial":false,"path_per_floor":["M","M","M","M","M","E","M","R","T","E"],"character_chosen":"IRONCLAD","items_purchased":[],"campfire_rested":0,"item_purchase_floors":[],"current_hp_per_floor":[77,83,79,74,52,33,27,27,27,0,0],"gold":267,"neow_bonus":"TEN_PERCENT_HP_BONUS","is_daily":false,"chose_seed":false,"campfire_upgraded":1,"win_rate":0.0,"timestamp":1609997612,"path_taken":["M","M","M","M","M","E","M","R","T","E"],"items_purchased_type":[],"build_version":"2020-12-22","purchased_purges":0,"victory":false,"max_hp_per_floor":[88,88,88,88,88,88,88,88,88,88,88],"card_choices":[{"not_picked":["Heavy Blade","Cleave"],"picked":"Sever Soul","floor":1},{"not_picked":["Heavy Blade","Havoc"],"picked":"Seeing Red","floor":2},{"not_picked":["Heavy Blade","Rampage"],"picked":"Evolve","floor":3},{"not_picked":["Bloodletting","Clothesline"],"picked":"Feel No Pain","floor":4},{"not_picked":["Feel No Pain","Perfected Strike"],"picked":"Reckless Charge","floor":5},{"not_picked":["Limit Break","Perfected Strike"],"picked":"Dual Wield","floor":6},{"not_picked":["Headbutt","Hemokinesis"],"picked":"Wild Strike","floor":7}],"player_experience":578533,"relics_obtained":[{"floor":6,"key":"Orichalcum"},{"floor":9,"key":"Vajra"}],"event_choices":[],"is_beta":false,"boss_relics":[],"items_purged_floors":[],"is_endless":false,"potions_floor_spawned":[1,2,3,6],"killed_by":"Lagavulin","ascension_level":10}}