{"host":"cbabs5wvj1yqiyjm","time":1609987464,"event":{"mods":["AchievementEnabler","Act Like it!","Bartender","BaseMod","Bestiary","Better Third Choice","BetterRewards","Colored Powertips","Downfall","Friendly Minions","Hallownest","Hermit","Infinite Spire","Marisa????????","Minty Spire (QoL Compilation)","Rare Cards Sparkle","Replay The Spire","SOS???????","Spicy Shops","StSLib","Td1madao Mod","The Bladedancer","The Bug Knight","The Cursed","The Disciple","The Forsaken","The Marked","The Necromancer","The Servant 0.9.4","Wandering Minibosses","???Mod??????Boss"],"gold_per_floor":[110,29,29,29,29,29,57,57,57,73,73,102,119,137,137,234,234,251,269,269,269,269,269,288,33,33,33,43,142,155,172,172,275,275,293,293,293,309,309,309,309,309,309,325,376,396,396,6,6,27,27,33],"floor_reached":53,"playtime":3418,"items_purged":[],"score":503,"play_id":"d03fd55b-e1ab-4def-9740-508e818a285f","local_time":"20210106214424","is_ascension_mode":true,"campfire_choices":[{"data":"OpoOpo_Form","floor":6,"key":"SMITH"},{"floor":8,"key":"REST"},{"data":"Alacrity","floor":11,"key":"SMITH"},{"floor":23,"key":"REST"},{"floor":32,"key":"REST"},{"floor":40,"key":"REST"},{"floor":47,"key":"REST"},{"floor":49,"key":"REST"}],"circlet_count":0,"master_deck":["Strike_Bartender","Strike_Bartender","Strike_Bartender","Defend_Bartender","Defend_Bartender","Defend_Bartender","Defend_Bartender","Somersault","Alacrity+1","OpoOpo_Form+1","Coeurl_Form","Perfect_Balance","Momentum","Step_Of_The_Wind","Mirage","Liquid_Armor","Rising_Crane+1","Momentum","infinitespire:Execution","Dragonkick+1","Power_Up_Punch","Step_Of_The_Wind","Surge+1","OpoOpo_Form","Sucker_Punch","Cold_Blooded","Feint+1","Well_Drinks","RockBreaker+","Rope_A_Dope+1","Raptor_Form","Wall_of_Ice","Foot_Thrust+1"],"relics":["Sneakers","HollowMod:PaleOreRelic","theForsaken:ScaryMask","Replay:Accelerometer","Letter Opener","Odd Mushroom","Sozu","MutagenicStrength","Vajra","Pet Ghost","infinitespire:WardingShard","Kunai","Replay:Bandana","Happy Flower","Vajra"],"acts_visited":["Exordium","TheCity","TheBeyond"],"potions_floor_usage":[52,52],"damage_taken":[{"damage":0,"enemies":"Jaw Worm","floor":1,"turns":4},{"damage":16,"enemies":"Lagavulin","floor":7,"turns":12},{"damage":4,"enemies":"Cultist","floor":10,"turns":4},{"damage":14,"enemies":"The Mushroom Lair","floor":12,"turns":7},{"damage":1,"enemies":"Small Slimes","floor":13,"turns":2},{"damage":0,"enemies":"Exordium Wildlife","floor":14,"turns":5},{"damage":10,"enemies":"Fading Forest","floor":16,"turns":11},{"damage":3,"enemies":"Chosen","floor":18,"turns":8},{"damage":15,"enemies":"2 Thieves","floor":19,"turns":5},{"damage":8,"enemies":"Centurion and Healer","floor":24,"turns":7},{"damage":0,"enemies":"Sentry and Sphere","floor":28,"turns":6},{"damage":4,"enemies":"3 Cultists","floor":30,"turns":5},{"damage":33,"enemies":"Snake Plant","floor":31,"turns":5},{"damage":16,"enemies":"Collector","floor":33,"turns":7},{"damage":20,"enemies":"3 Shapes","floor":35,"turns":3},{"damage":2,"enemies":"Orb Walker","floor":38,"turns":4},{"damage":21,"enemies":"Spire Growth","floor":44,"turns":4},{"damage":12,"enemies":"Maw","floor":46,"turns":7},{"damage":43,"enemies":"Transient","floor":50,"turns":5},{"damage":35,"enemies":"Replay:Hell Engine","floor":52,"turns":14}],"seed_played":"-1049837097221186717","potions_obtained":[{"floor":7,"key":"SteroidPotion"},{"floor":12,"key":"SpeedPotion"},{"floor":13,"key":"Ancient Potion"}],"is_trial":false,"path_per_floor":["M","$","?","$","T","R","E","R","T","M","R","?","M","M","R","B",null,"M","M","?","AVR","?","R","M","$","T","?","M","?","M","M","R","B",null,"M","?","AVR","M","?","R","PTL","PTL","?","M","T","M","R","$","R","M","R","B",null],"character_chosen":"BARTENDER","items_purchased":["OpoOpo_Form","Power_Up_Punch","Step_Of_The_Wind","Pet Ghost","Happy Flower","Raptor_Form","Vajra","Wall_of_Ice"],"campfire_rested":6,"item_purchase_floors":[2,25,25,25,48,48,48,48],"current_hp_per_floor":[70,70,70,70,70,70,54,70,70,66,66,52,51,51,51,51,70,67,52,52,52,52,70,62,62,62,62,62,62,58,25,46,30,70,50,50,50,48,48,69,69,69,69,48,48,36,57,57,70,27,48,13],"gold":33,"neow_bonus":"RANDOM_COMMON_RELIC","is_daily":false,"chose_seed":false,"campfire_upgraded":2,"win_rate":0.0,"timestamp":1609987464,"path_taken":["M","$","?","$","?","R","E","R","T","?","R","?","M","M","R","BOSS","M","M","?","AVR","?","R","M","$","T","?","M","?","?","M","R","BOSS","M","?","AVR","M","?","R","PTL","PTL","?","M","T","M","R","$","R","M","R","BOSS"],"items_purchased_type":["Card","Card","Card","Relic","Relic","Card","Relic","Card"],"build_version":"2020-12-22","purchased_purges":0,"victory":true,"max_hp_per_floor":[70,70,70,70,70,70,70,70,70,70,70,70,70,70,70,70,70,70,70,70,70,70,70,70,70,70,70,70,70,70,70,70,70,70,70,70,70,70,70,70,70,70,70,70,70,70,70,70,70,70,70,70],"card_choices":[{"not_picked":["Perfect_Balance","Free_Pour"],"picked":"Alacrity","floor":1},{"not_picked":["Dart","Snap_Punch"],"picked":"Coeurl_Form","floor":7},{"not_picked":["Greased_Lightning","Snap_Punch"],"picked":"Perfect_Balance","floor":10},{"not_picked":["Glare","Greased_Lightning"],"picked":"Momentum","floor":12},{"not_picked":["Axe_Heel_Kick","Scoop"],"picked":"Step_Of_The_Wind","floor":13},{"not_picked":["ThreeSidedStar","Power_Up_Punch"],"picked":"Mirage","floor":14},{"not_picked":["Windup","Spirits_Within"],"picked":"Liquid_Armor","floor":16},{"not_picked":["Pony_Shot","Bouncer"],"picked":"Rising_Crane+1","floor":18},{"not_picked":["Rising_Crane","Meditate"],"picked":"Momentum","floor":19},{"not_picked":["Scoop+1","Elbow_Slash"],"picked":"Dragonkick+1","floor":24},{"not_picked":["Sucker_Punch","Greased_Lightning+1"],"picked":"Surge+1","floor":28},{"not_picked":["Dragonkick","Alacrity+1"],"picked":"OpoOpo_Form","floor":30},{"not_picked":["Snap_Punch","Ripple"],"picked":"Sucker_Punch","floor":31},{"not_picked":["Patience","Spirits_Within"],"picked":"Cold_Blooded","floor":33},{"not_picked":["Mirage","Cross+1"],"picked":"Feint+1","floor":35},{"not_picked":["On_The_Rocks","Glare+1"],"picked":"Well_Drinks","floor":38},{"not_picked":["Hook","Glare"],"picked":"RockBreaker","floor":44},{"not_picked":["Step_Of_The_Wind+1","Wall_of_Ice"],"picked":"Rope_A_Dope+1","floor":46},{"not_picked":["Ball_Of_Ice+1","Stick_and_Move+1"],"picked":"Foot_Thrust+1","floor":50}],"player_experience":42638,"relics_obtained":[{"floor":5,"key":"theForsaken:ScaryMask"},{"floor":7,"key":"Replay:Accelerometer"},{"floor":9,"key":"Letter Opener"},{"floor":12,"key":"Odd Mushroom"},{"floor":26,"key":"infinitespire:WardingShard"},{"floor":45,"key":"Replay:Bandana"}],"event_choices":[{"cards_removed":["Strike_Bartender"],"damage_healed":0,"gold_gain":0,"player_choice":"Offered Basic","damage_taken":0,"max_hp_gain":0,"max_hp_loss":0,"event_name":"Bonfire Elementals","floor":3,"gold_loss":0},{"damage_healed":0,"gold_gain":0,"player_choice":"Fought Mushrooms","damage_taken":0,"max_hp_gain":0,"max_hp_loss":0,"event_name":"Mushrooms","floor":12,"gold_loss":0},{"damage_healed":0,"gold_gain":0,"player_choice":"Inject Mutagens","damage_taken":0,"relics_obtained":["MutagenicStrength"],"max_hp_gain":0,"max_hp_loss":0,"event_name":"Drug Dealer","floor":20,"gold_loss":0},{"damage_healed":0,"gold_gain":0,"player_choice":"Ignored","damage_taken":0,"max_hp_gain":0,"max_hp_loss":0,"event_name":"The Mausoleum","floor":22,"gold_loss":0},{"damage_healed":0,"gold_gain":99,"player_choice":"Steal","damage_taken":0,"max_hp_gain":0,"max_hp_loss":0,"event_name":"betterThird:BetterNest","floor":29,"gold_loss":0},{"damage_healed":0,"gold_gain":0,"player_choice":"Ignored","damage_taken":0,"max_hp_gain":0,"max_hp_loss":0,"event_name":"Mysterious Sphere","floor":36,"gold_loss":0},{"damage_healed":0,"gold_gain":0,"player_choice":"Ignored","damage_taken":0,"max_hp_gain":0,"max_hp_loss":0,"event_name":"Tomb of Lord Red Mask","floor":43,"gold_loss":0}],"is_beta":false,"boss_relics":[{"not_picked":["SacredBark","Coffee Dripper"],"picked":"Sozu"},{"not_picked":["Philosopher\u0027s Stone","ReplayTheSpireMod:DimensionalGlitch","Snecko Eye"]}],"items_purged_floors":[],"is_endless":false,"potions_floor_spawned":[7,12,13,18,24,30,33,35,44,50],"ascension_level":1}}