{"host":"tr12w2fixbnujl15","time":1609979218,"event":{"mods":["2.2 Compatiblity","BaseMod","Better Skull","BetterRewards","Clockwork Mod","Colored Powertips","Evolution","Hermit","Hubris","Infinite Spire","Koishi","Mad Scientist","Minty Spire (QoL Compilation)","Quick Restart","Replay The Spire","Shop Mod","StSLib","SuperFastMode","The Animator","The Bug Knight","The Construct","The Cursed","The Hierophant","The Necromancer","The Sage","The Senshi","The Servant 0.9.4","The Spell Scribe","TheFirefly","WarShipGirlsR/????R mod"],"gold_per_floor":[119,62,62,73,73,101,117,133,133,103,103,117,129,141,141,141,141],"floor_reached":16,"playtime":569,"items_purged":[],"score":129,"play_id":"d35a671c-5603-4424-a76f-80e567d05e58","local_time":"20210106192658","is_ascension_mode":false,"campfire_choices":[{"floor":15,"key":"REST"}],"circlet_count":0,"master_deck":["HollowMod:NailStrikeStart","HollowMod:NailStrikeStart","HollowMod:NailStrikeStart","HollowMod:NailStrikeStart","HollowMod:QuickDashStart","HollowMod:QuickDashStart","HollowMod:QuickDashStart","HollowMod:QuickDashStart","HollowMod:FocusHealStart","HollowMod:PogoStrike","HollowMod:SoulEater","HollowMod:BaldurShell+1","HollowMod:SlysStrikes+1","HollowMod:AbyssShriek","HollowMod:MonarchWings","HollowMod:SiblingsSouls","HollowMod:DashSlash","HollowMod:SoulMaster","HollowMod:BlackTendrils","HollowMod:MothsMistake"],"relics":["HollowMod:VesselMask","EVO:Axolotl","NeowsBlessing","hubris:Towel","Simple Rune","Question Card"],"acts_visited":["Exordium"],"potions_floor_usage":[8,16,16,16],"damage_taken":[{"damage":0,"enemies":"Jaw Worm","floor":1,"turns":1},{"damage":0,"enemies":"2 Louse","floor":4,"turns":1},{"damage":0,"enemies":"3 Sentries","floor":6,"turns":1},{"damage":13,"enemies":"Cultist","floor":7,"turns":5},{"damage":10,"enemies":"HollowMod:HuskWarrior","floor":8,"turns":11},{"damage":4,"enemies":"Looter","floor":10,"turns":4},{"damage":3,"enemies":"3 Louse","floor":12,"turns":2},{"damage":0,"enemies":"Lots of Slimes","floor":13,"turns":1},{"damage":10,"enemies":"Red Slaver","floor":14,"turns":6},{"damage":54,"enemies":"Hexaghost","floor":16,"turns":7}],"seed_played":"-1293388286894555012","potions_obtained":[{"floor":1,"key":"Dexterity Potion"},{"floor":5,"key":"sagemod:Wine"},{"floor":5,"key":"Milkshake"},{"floor":5,"key":"DuplicationPotion"},{"floor":12,"key":"Strength Potion"},{"floor":13,"key":"AttackPotion"}],"is_trial":false,"path_per_floor":["M","$","?","M","?","E","M","M","T","M","?","M","M","M","R","B"],"character_chosen":"THE_BUGKNIGHT","items_purchased":["HollowMod:BaldurShell+1"],"campfire_rested":1,"item_purchase_floors":[2],"current_hp_per_floor":[75,75,75,75,75,75,62,58,58,54,39,36,36,26,48,0,0],"gold":141,"neow_bonus":"THREE_ENEMY_KILL","is_daily":false,"chose_seed":false,"campfire_upgraded":0,"win_rate":0.0,"timestamp":1609979218,"path_taken":["M","$","?","M","?","E","?","M","T","?","?","M","M","M","R","BOSS"],"items_purchased_type":["Card"],"build_version":"2020-12-22","purchased_purges":0,"victory":false,"max_hp_per_floor":[75,75,75,75,75,75,75,75,75,75,75,75,75,75,75,75,75],"card_choices":[{"not_picked":["HollowMod:QuirrelsAssistance","HollowMod:VengefulVoid"],"picked":"HollowMod:SoulEater","floor":1},{"not_picked":["HollowMod:WraithStrike","HollowMod:DesolateDive"],"picked":"HollowMod:SlysStrikes","floor":4},{"not_picked":["HollowMod:GoodIntentions","HollowMod:InfectedAttack"],"picked":"HollowMod:AbyssShriek","floor":6},{"not_picked":["HollowMod:LifebloodCocoon","HollowMod:InfectedCysts"],"picked":"HollowMod:MonarchWings","floor":7},{"not_picked":["HollowMod:SoulStrike","HollowMod:ShadowDash"],"picked":"HollowMod:SiblingsSouls","floor":8},{"not_picked":["HollowMod:HowlingWraiths","HollowMod:LifebloodCocoon","HollowMod:MonarchWings"],"picked":"HollowMod:DashSlash","floor":10},{"not_picked":["HollowMod:SoulVessel","HollowMod:SiblingsShadow","HollowMod:SoulStrike"],"picked":"HollowMod:SoulMaster","floor":12},{"not_picked":["HollowMod:MawleksShell","HollowMod:GrimmsGift","HollowMod:SiblingsShadow"],"picked":"HollowMod:BlackTendrils","floor":13},{"not_picked":["HollowMod:SharpenedNail","HollowMod:HeavyBlow","HollowMod:NewLittleFool"],"picked":"HollowMod:MothsMistake","floor":14}],"player_experience":36218,"relics_obtained":[{"floor":6,"key":"Simple Rune"},{"floor":9,"key":"Question Card"}],"event_choices":[{"damage_healed":0,"gold_gain":0,"player_choice":"Got Potions","damage_taken":0,"max_hp_gain":0,"max_hp_loss":0,"event_name":"Lab","floor":5,"gold_loss":0},{"damage_healed":0,"gold_gain":0,"player_choice":"Entered Light","damage_taken":15,"max_hp_gain":0,"max_hp_loss":0,"event_name":"Shining Light","floor":11,"gold_loss":0,"cards_upgraded":["HollowMod:QuickDashStart","HollowMod:SlysStrikes"]}],"is_beta":false,"boss_relics":[],"items_purged_floors":[],"is_endless":false,"potions_floor_spawned":[1,12,13,14],"killed_by":"Hexaghost","ascension_level":0}}