{"host":"d2y4rmbezebiv8aj","time":1609982299,"event":{"mods":["AchievementEnabler","BaseMod","Bestiary","BetterRewards","Colored Map","Colored Powertips","Custom Start","Highlight Path","Minty Spire (QoL Compilation)","Quick Restart","Rare Cards Sparkle","Relic Sorter","Relic Stats","Shop Mod","Slay-I","StSLib","SuperFastMode"],"gold_per_floor":[114,114,114,114,125,125,125,125,125,160,178,192,209,54,54,151,151,166,23,23,33,47,47,63,77,77,77,88,88,88,1,1,99,99,113,113,125,143,0,25,25,75,75,91,125,125,125,145,145,145],"floor_reached":51,"playtime":2463,"items_purged":[],"score":1257,"play_id":"dfaadce1-e7de-463a-9546-95cb0e11862a","local_time":"20210107021819","is_ascension_mode":true,"campfire_choices":[{"floor":6.0,"key":"REST"},{"data":"Footwork","floor":7.0,"key":"SMITH"},{"data":"Sucker Punch","floor":8.0,"key":"SMITH"},{"floor":15.0,"key":"REST"},{"floor":23.0,"key":"DIG"},{"floor":27,"key":"REST"},{"floor":30,"key":"DIG"},{"floor":32,"key":"DIG"},{"floor":41,"key":"REST"},{"floor":49,"key":"REST"}],"circlet_count":0,"master_deck":["Strike_G","Strike_G+1","Strike_G","Strike_G","Strike_G","Defend_G","Defend_G+1","Defend_G","Defend_G","Defend_G","Survivor","Neutralize","Footwork+1","Cloak And Dagger+1","Dagger Throw","Flying Knee+1","Mayhem+1","Poisoned Stab","Sucker Punch+1","Outmaneuver","Dagger Spray","Backstab","Adrenaline","CurseOfTheBell","Flying Knee","Decay","Predator+1","Prepared+1","Backflip+1","PiercingWail+1","Backstab+1","Panacea+1","After Image+1","Writhe","Leg Sweep+1","PiercingWail+1","Backflip+1","Malaise+1","Good Instincts+1","Outmaneuver+1"],"relics":["Ring of the Snake","Medical Kit","WingedGreaves","Mercury Hourglass","Darkstone Periapt","Vajra","Calling Bell","Orichalcum","Toxic Egg 2","Shovel","Happy Flower","Dream Catcher","War Paint","Pear","Frozen Egg 2","Busted Crown","Red Mask","Anchor","Thread and Needle","Ginger","StoneCalendar"],"acts_visited":["Exordium","TheCity","TheBeyond"],"potions_floor_usage":[33,40,40,50,50,50],"damage_taken":[{"damage":0.0,"enemies":"Small Slimes","floor":1.0,"turns":4.0},{"damage":0.0,"enemies":"2 Louse","floor":5.0,"turns":3.0},{"damage":10.0,"enemies":"3 Sentries","floor":10.0,"turns":6.0},{"damage":0.0,"enemies":"Cultist","floor":11.0,"turns":3.0},{"damage":11.0,"enemies":"Exordium Wildlife","floor":12.0,"turns":4.0},{"damage":0.0,"enemies":"3 Louse","floor":13.0,"turns":2.0},{"damage":21.0,"enemies":"Hexaghost","floor":16.0,"turns":9.0},{"damage":3.0,"enemies":"Shell Parasite","floor":18.0,"turns":5.0},{"damage":0.0,"enemies":"3 Byrds","floor":21.0,"turns":3.0},{"damage":7.0,"enemies":"Shelled Parasite and Fungi","floor":22.0,"turns":4.0},{"damage":11.0,"enemies":"Centurion and Healer","floor":24.0,"turns":6.0},{"damage":23,"enemies":"Cultist and Chosen","floor":25,"turns":7},{"damage":1,"enemies":"Chosen and Byrds","floor":28,"turns":4},{"damage":87,"enemies":"Collector","floor":33,"turns":15},{"damage":0,"enemies":"Orb Walker","floor":35,"turns":3},{"damage":8,"enemies":"3 Darklings","floor":37,"turns":8},{"damage":38,"enemies":"Spire Growth","floor":38,"turns":7},{"damage":17,"enemies":"Nemesis","floor":40,"turns":9},{"damage":4,"enemies":"Mind Bloom Boss Battle","floor":42,"turns":9},{"damage":12,"enemies":"4 Shapes","floor":44,"turns":6},{"damage":8,"enemies":"Reptomancer","floor":45,"turns":9},{"damage":7,"enemies":"3 Darklings","floor":48,"turns":7},{"damage":17,"enemies":"Awakened One","floor":50,"turns":21}],"seed_played":"2285614567248060035","potions_obtained":[{"floor":1.0,"key":"AttackPotion"},{"floor":5.0,"key":"Regen Potion"},{"floor":16.0,"key":"DistilledChaos"},{"floor":18.0,"key":"CunningPotion"},{"floor":24.0,"key":"CunningPotion"},{"floor":33,"key":"Dexterity Potion"},{"floor":38,"key":"Strength Potion"},{"floor":42,"key":"AttackPotion"},{"floor":44,"key":"Dexterity Potion"},{"floor":48,"key":"Poison Potion"}],"is_trial":false,"path_per_floor":["M","?","?","?","M","R","R","R","T","E","M","M","M","$","R","B",null,"M","$","?","M","M","R","M","M","T","R","M","?","R","$","R","B",null,"M","?","M","M","?","E","R","?","T","M","E","?","?","M","R","B",null],"character_chosen":"THE_SILENT","items_purchased":["Footwork","Cloak And Dagger","Dagger Throw","Flying Knee","Mayhem","Medical Kit","Vajra","Happy Flower","Panacea+1"],"campfire_rested":5,"item_purchase_floors":[0,0,0,0,0,0,14,19,31],"current_hp_per_floor":[49,35,35,35,35,56,56,56,56,46,46,35,35,35,56,50,71,68,68,74,74,67,67,56,33,33,57,56,82,92,92,92,5,70,70,98,90,52,52,35,64,60,60,48,40,40,40,33,62,45],"gold":145,"neow_bonus":"","is_daily":false,"chose_seed":false,"campfire_upgraded":2,"win_rate":0.0,"timestamp":1609982299,"path_taken":["M","?","?","?","?","R","R","R","T","E","M","M","M","$","R","BOSS","M","$","?","M","M","R","M","M","T","R","M","?","R","$","R","BOSS","M","?","M","M","?","E","R","?","T","?","E","?","?","M","R","BOSS"],"items_purchased_type":["Card","Card","Card","Card","Card","Relic","Relic","Relic","Card"],"build_version":"2020-12-22","purchased_purges":0,"victory":true,"max_hp_per_floor":[70,70,70,70,70,70,70,70,70,70,70,70,70,70,70,70,76,76,76,82,82,82,82,82,82,82,82,82,82,92,92,92,92,92,92,98,98,98,98,98,98,98,98,98,98,98,98,98,98,98],"relic_stats":{"Darkstone Periapt":18,"Happy Flower":[39],"counters":[121,607],"StoneCalendar":[62],"Ginger":[1],"Orichalcum":[36],"War Paint":["Cloak And Dagger","Defend_G"],"Medical Kit":[15],"Mercury Hourglass":[584],"Dream Catcher":3,"Shovel":3,"Busted Crown":22,"obtain_stats":[{"Ice Cream":6,"HoveringKite":17,"Vajra":19,"Ginger":43,"Bottled Tornado":19,"Boot":41,"Sling":46,"Old Coin":9,"Sozu":17,"Blood Vial":46,"Centennial Puzzle":26,"Lizard Tail":13,"HornCleat":26,"Strawberry":7,"Prayer Wheel":47,"HandDrill":21,"Toxic Egg 2":12,"Pear":43,"Happy Flower":19,"Dead Branch":10,"Blue Candle":9,"Pen Nib":29,"Paper Crane":24,"War Paint":26,"Question Card":21,"Du-Vu Doll":28,"Bird Faced Urn":6,"Molten Egg 2":23,"Ring of the Serpent":34,"Darkstone Periapt":24,"Regal Pillow":6,"Lantern":12,"Mango":0,"StoneCalendar":45,"Bag of Preparation":27,"Incense Burner":46,"Cursed Key":17,"SsserpentHead":22,"Dream Catcher":29,"Matryoshka":9,"Shovel":17,"Mummified Hand":5,"Pantograph":0,"Tiny Chest":0,"WingedGreaves":4,"Red Mask":39,"InkBottle":9,"Ring of the Snake":0,"Runic Pyramid":17,"NeowsBlessing":0,"Thread and Needle":42,"The Courier":12,"Frozen Egg 2":31,"Orichalcum":17,"Medical Kit":12,"Mercury Hourglass":9,"Calling Bell":34,"Anchor":14,"Busted Crown":34,"Turnip":9,"Membership Card":0,"Bottled Lightning":24,"Toy Ornithopter":43,"FossilizedHelix":34},{"Ice Cream":17,"HoveringKite":9,"Vajra":63,"Ginger":117,"Bottled Tornado":63,"Boot":35,"Sling":77,"Old Coin":18,"Sozu":62,"Blood Vial":77,"Centennial Puzzle":26,"Lizard Tail":86,"HornCleat":66,"Strawberry":57,"Prayer Wheel":36,"HandDrill":24,"Toxic Egg 2":20,"Pear":35,"Happy Flower":106,"Dead Branch":19,"Blue Candle":57,"Pen Nib":28,"Paper Crane":26,"War Paint":51,"Question Card":24,"Du-Vu Doll":92,"Bird Faced Urn":83,"Molten Egg 2":50,"Ring of the Serpent":95,"Darkstone Periapt":66,"Regal Pillow":6,"Lantern":20,"Mango":38,"StoneCalendar":119,"Bag of Preparation":27,"Incense Burner":35,"Cursed Key":22,"SsserpentHead":49,"Dream Catcher":52,"Matryoshka":6,"Shovel":105,"Mummified Hand":56,"Pantograph":79,"Tiny Chest":38,"WingedGreaves":99,"Red Mask":115,"InkBottle":44,"Ring of the Snake":0,"Runic Pyramid":87,"NeowsBlessing":0,"Thread and Needle":117,"The Courier":85,"Frozen Egg 2":53,"Orichalcum":105,"Medical Kit":20,"Mercury Hourglass":100,"Calling Bell":71,"Anchor":21,"Busted Crown":112,"Turnip":84,"Membership Card":13,"Bottled Lightning":91,"Toy Ornithopter":35,"FossilizedHelix":71},{"Ice Cream":80,"HoveringKite":47,"Vajra":288,"Ginger":564,"Bottled Tornado":288,"Boot":143,"Sling":350,"Old Coin":81,"Sozu":284,"Blood Vial":350,"Centennial Puzzle":108,"Lizard Tail":389,"HornCleat":301,"Strawberry":262,"Prayer Wheel":147,"HandDrill":103,"Toxic Egg 2":94,"Pear":143,"Happy Flower":489,"Dead Branch":88,"Blue Candle":262,"Pen Nib":118,"Paper Crane":108,"War Paint":235,"Question Card":103,"Du-Vu Doll":421,"Bird Faced Urn":377,"Molten Egg 2":229,"Ring of the Serpent":440,"Darkstone Periapt":301,"Regal Pillow":26,"Lantern":94,"Mango":155,"StoneCalendar":579,"Bag of Preparation":113,"Incense Burner":143,"Cursed Key":101,"SsserpentHead":224,"Dream Catcher":240,"Matryoshka":26,"Shovel":484,"Mummified Hand":258,"Pantograph":360,"Tiny Chest":155,"WingedGreaves":457,"Red Mask":546,"InkBottle":195,"Ring of the Snake":0,"Runic Pyramid":396,"NeowsBlessing":0,"Thread and Needle":564,"The Courier":385,"Frozen Egg 2":245,"Orichalcum":484,"Medical Kit":94,"Mercury Hourglass":460,"Calling Bell":321,"Anchor":95,"Busted Crown":528,"Turnip":382,"Membership Card":68,"Bottled Lightning":415,"Toy Ornithopter":143,"FossilizedHelix":321}],"Ring of the Snake":[46]},"card_choices":[{"not_picked":["Setup","Distraction"],"picked":"Poisoned Stab","floor":1.0},{"not_picked":["Dagger Throw","Reflex"],"picked":"Sucker Punch","floor":5.0},{"not_picked":["Eviscerate","Quick Slash"],"picked":"Outmaneuver","floor":10.0},{"not_picked":["Grand Finale","Quick Slash"],"picked":"Dagger Spray","floor":11.0},{"not_picked":["Accuracy","Eviscerate"],"picked":"Backstab","floor":12.0},{"not_picked":["Heel Hook","Underhanded Strike"],"picked":"Blade Dance","floor":13.0},{"not_picked":["Phantasmal Killer","Burst"],"picked":"Adrenaline","floor":16.0},{"not_picked":["Skewer","Underhanded Strike+1"],"picked":"Flying Knee","floor":18.0},{"not_picked":["Outmaneuver+1","Skewer"],"picked":"Predator+1","floor":21.0},{"not_picked":["Glass Knife","Acrobatics+1"],"picked":"Prepared+1","floor":22.0},{"not_picked":["Caltrops+1","Outmaneuver+1"],"picked":"Backflip+1","floor":24.0},{"not_picked":["Catalyst+1","Poisoned Stab"],"picked":"PiercingWail+1","floor":25},{"not_picked":["Tactician+1","Prepared+1"],"picked":"Backstab+1","floor":27},{"not_picked":["Cloak And Dagger+1","Bane","Acrobatics+1"],"picked":"SKIP","floor":28},{"not_picked":["Envenom+1","Wraith Form v2+1"],"picked":"After Image+1","floor":33},{"not_picked":["Catalyst+1"],"picked":"SKIP","floor":35},{"not_picked":[],"picked":"Leg Sweep+1","floor":37},{"not_picked":["Skewer+1"],"picked":"SKIP","floor":38},{"not_picked":["Dagger Throw"],"picked":"SKIP","floor":40},{"not_picked":[],"picked":"PiercingWail+1","floor":41},{"not_picked":[],"picked":"Backflip+1","floor":44},{"not_picked":[],"picked":"Malaise+1","floor":45},{"not_picked":[],"picked":"Good Instincts+1","floor":47},{"not_picked":["Quick Slash+1"],"picked":"SKIP","floor":48},{"not_picked":[],"picked":"Outmaneuver+1","floor":49}],"player_experience":364870,"relics_obtained":[{"floor":9.0,"key":"Mercury Hourglass"},{"floor":10.0,"key":"Darkstone Periapt"},{"floor":17.0,"key":"Orichalcum"},{"floor":17.0,"key":"Toxic Egg 2"},{"floor":17.0,"key":"Shovel"},{"floor":23.0,"key":"Dream Catcher"},{"floor":26,"key":"War Paint"},{"floor":30,"key":"Pear"},{"floor":32,"key":"Frozen Egg 2"},{"floor":40,"key":"Anchor"},{"floor":42,"key":"Thread and Needle"},{"floor":43,"key":"Ginger"},{"floor":45,"key":"StoneCalendar"}],"event_choices":[{"damage_healed":0.0,"max_hp_gain":0.0,"max_hp_loss":0.0,"gold_gain":0.0,"event_name":"Shining Light","player_choice":"Entered Light","floor":2.0,"gold_loss":0.0,"damage_taken":14.0,"cards_upgraded":["Flying Knee","Strike_G"]},{"damage_healed":0.0,"max_hp_gain":0.0,"max_hp_loss":0.0,"gold_gain":0.0,"event_name":"Living Wall","player_choice":"Grow","floor":3.0,"gold_loss":0.0,"damage_taken":0.0,"cards_upgraded":["Mayhem"]},{"damage_healed":0.0,"max_hp_gain":0.0,"max_hp_loss":0.0,"gold_gain":0.0,"event_name":"WeMeetAgain","player_choice":"Gave Potion","floor":4.0,"gold_loss":0.0,"damage_taken":0.0,"relics_obtained":["WingedGreaves"]},{"damage_healed":0.0,"max_hp_gain":0.0,"max_hp_loss":0.0,"gold_gain":0.0,"event_name":"Forgotten Altar","player_choice":"Smashed Altar","floor":20.0,"gold_loss":0.0,"damage_taken":0.0,"cards_obtained":["Decay"]},{"damage_healed":27,"gold_gain":0,"player_choice":"Heal","damage_taken":0,"max_hp_gain":0,"max_hp_loss":0,"event_name":"The Library","floor":29,"gold_loss":0},{"damage_healed":23,"gold_gain":0,"player_choice":"Writhe","damage_taken":0,"max_hp_gain":0,"max_hp_loss":0,"event_name":"Winding Halls","floor":36,"gold_loss":0,"cards_obtained":["Writhe"]},{"damage_healed":0,"gold_gain":0,"player_choice":"Paid","damage_taken":0,"relics_obtained":["Red Mask"],"max_hp_gain":0,"max_hp_loss":0,"event_name":"Tomb of Lord Red Mask","floor":39,"gold_loss":143},{"damage_healed":0,"gold_gain":0,"player_choice":"Fight","damage_taken":0,"max_hp_gain":0,"max_hp_loss":0,"event_name":"MindBloom","floor":42,"gold_loss":0},{"cards_removed":["Blade Dance"],"damage_healed":0,"gold_gain":0,"player_choice":"Removed Skill","damage_taken":0,"max_hp_gain":0,"max_hp_loss":0,"event_name":"Falling","floor":46,"gold_loss":0},{"damage_healed":0,"gold_gain":0,"player_choice":"Memory 1","damage_taken":0,"max_hp_gain":0,"max_hp_loss":0,"event_name":"SensoryStone","floor":47,"gold_loss":0}],"is_beta":false,"boss_relics":[{"not_picked":["Ectoplasm","Snecko Eye"],"picked":"Calling Bell"},{"not_picked":["Runic Pyramid","Tiny House"],"picked":"Busted Crown"}],"items_purged_floors":[],"is_endless":false,"potions_floor_spawned":[1,5,16,18,24,33,38,42,44,48],"ascension_level":7}}