{"host":"vddkjx04kiwje1tk","time":1609996482,"event":{"mods":["AchievementEnabler","BaseMod","Colored Map","Minty Spire (QoL Compilation)","Quick Restart","SuperFastMode"],"gold_per_floor":[111,111,111,130,130,130,55,76,76,76,110,10,10,10],"floor_reached":13,"playtime":156,"items_purged":["Defend_R","Defend_R"],"score":109,"play_id":"eab094c9-bdb3-43da-9c0c-6be591b844c9","local_time":"20210107141442","is_ascension_mode":true,"campfire_choices":[{"data":"Berserk","floor":6,"key":"SMITH"},{"data":"Berserk","floor":10,"key":"SMITH"}],"circlet_count":0,"master_deck":["Strike_R","Strike_R","Strike_R","Defend_R","Defend_R","Bash","Sword Boomerang","Berserk+1","Berserk+1","Heavy Blade","Fire Breathing"],"relics":["Burning Blood","NeowsBlessing","Golden Idol","Ice Cream","Lizard Tail"],"acts_visited":["Exordium"],"potions_floor_usage":[],"damage_taken":[{"damage":0,"enemies":"Small Slimes","floor":1,"turns":1},{"damage":0,"enemies":"Cultist","floor":4,"turns":1},{"damage":0,"enemies":"Jaw Worm","floor":8,"turns":1},{"damage":32,"enemies":"Gremlin Nob","floor":11,"turns":4},{"damage":35,"enemies":"3 Sentries","floor":13,"turns":3}],"seed_played":"3239519767930615905","potions_obtained":[{"floor":4,"key":"SpeedPotion"}],"is_trial":false,"path_per_floor":["M","?","?","M","?","R","$","M","T","R","E","$","E"],"character_chosen":"IRONCLAD","items_purchased":[],"campfire_rested":0,"item_purchase_floors":[],"current_hp_per_floor":[78,58,58,64,64,64,64,70,70,70,44,44,9,9],"gold":10,"neow_bonus":"THREE_ENEMY_KILL","is_daily":false,"chose_seed":false,"campfire_upgraded":2,"win_rate":0.0,"timestamp":1609996482,"path_taken":["M","?","?","?","?","R","$","M","T","R","E","$","E"],"items_purchased_type":[],"build_version":"2020-12-22","purchased_purges":2,"victory":false,"max_hp_per_floor":[80,80,80,80,80,80,80,80,80,80,80,80,80,80],"card_choices":[{"not_picked":["Pommel Strike","Heavy Blade"],"picked":"Sword Boomerang","floor":1},{"not_picked":["Seeing Red","Armaments"],"picked":"Berserk","floor":4},{"not_picked":["Wild Strike","Perfected Strike"],"picked":"Heavy Blade","floor":8},{"not_picked":["Heavy Blade","Whirlwind"],"picked":"Fire Breathing","floor":11}],"player_experience":245972,"relics_obtained":[{"floor":9,"key":"Ice Cream"},{"floor":11,"key":"Lizard Tail"}],"event_choices":[{"damage_healed":0,"gold_gain":0,"player_choice":"Take Damage","damage_taken":20,"relics_obtained":["Golden Idol"],"max_hp_gain":0,"max_hp_loss":0,"event_name":"Golden Idol","floor":2,"gold_loss":0},{"cards_removed":["Strike_R"],"damage_healed":0,"gold_gain":0,"player_choice":"Offered Basic","damage_taken":0,"max_hp_gain":0,"max_hp_loss":0,"event_name":"Bonfire Elementals","floor":3,"gold_loss":0},{"damage_healed":0,"gold_gain":0,"cards_transformed":["Strike_R"],"player_choice":"Transformed","damage_taken":0,"max_hp_gain":0,"max_hp_loss":0,"event_name":"Transmorgrifier","floor":5,"gold_loss":0,"cards_obtained":["Berserk"]}],"is_beta":false,"boss_relics":[],"items_purged_floors":[7,12],"is_endless":false,"potions_floor_spawned":[4],"killed_by":"3 Sentries","ascension_level":7}}