{"host":"waq1ashgqt0tulkv","time":1609988549,"event":{"mods":["Aspiration","BaseMod","BetterRewards","Colored Powertips","Conspire","Downfall","Duelist Mod","Hermit","Hubris","Infinite Spire","Minty Spire (QoL Compilation)","Quick Restart","Rare Cards Sparkle","Replay The Spire","StSLib","SuperFastMode","The Animator","The Bug Knight","The Construct","The Cursed","The Disciple","The Hierophant","The Necromancer","The Runesmith","The Servant 0.9.4","egg"],"gold_per_floor":[99,118,118,130,145,164,187,187,204,219,230,253,266,285,304,304,304,304],"floor_reached":16,"playtime":1028,"items_purged":[],"score":100,"play_id":"1212f4a0-98ed-41bd-9919-449399b06037","local_time":"20210106200229","is_ascension_mode":false,"campfire_choices":[],"circlet_count":0,"master_deck":["hexamod:Strike","hexamod:Strike","hexamod:Strike","hexamod:Defend","hexamod:Defend","hexamod:Defend","hexamod:Defend","hexamod:Sear","hexamod:Float","hexamod:TimeWarp","hexamod:GhostLash","hexamod:BacktrackSmack","hexamod:ShieldOfDarkness","hexamod:PhantomCloak","hexamod:InspiringFlames","hexamod:DynamicBlow","hexamod:Hexaguard","hexamod:AdvancingGuard","hexamod:FastForward"],"relics":["hexamod:SpiritBrand","Bottled Flame","hubris:ToyBattleship","Lantern"],"acts_visited":["Exordium"],"potions_floor_usage":[],"damage_taken":[{"damage":1.0,"enemies":"Jaw Worm","floor":2.0,"turns":4.0},{"damage":6.0,"enemies":"conspire:RoseBush","floor":4.0,"turns":3.0},{"damage":0.0,"enemies":"Cultist","floor":5.0,"turns":3.0},{"damage":0.0,"enemies":"3 Louse","floor":6.0,"turns":3.0},{"damage":0.0,"enemies":"Red Slaver","floor":9.0,"turns":3.0},{"damage":1.0,"enemies":"Exordium Thugs","floor":10.0,"turns":4.0},{"damage":6.0,"enemies":"3 Louse","floor":11.0,"turns":3.0},{"damage":0.0,"enemies":"2 Fungi Beasts","floor":13.0,"turns":4.0},{"damage":2.0,"enemies":"Large Slime","floor":14.0,"turns":5.0},{"damage":0,"enemies":"Red Slaver","floor":15,"turns":3},{"damage":15,"enemies":"downfall:Ironclad","floor":16,"turns":6}],"seed_played":"8347401898377738785","potions_obtained":[{"floor":1.0,"key":"Swift Potion"},{"floor":1.0,"key":"Regen Potion"},{"floor":2.0,"key":"champ:CounterPotion"},{"floor":9.0,"key":"Fire Potion"},{"floor":11.0,"key":"Adrenaline Potion"}],"is_trial":false,"path_per_floor":["R","M","?","M","M","M","T","?","M","M","M","T","M","M","M","B"],"character_chosen":"THE_SPIRIT","items_purchased":[],"campfire_rested":0,"item_purchase_floors":[],"current_hp_per_floor":[70,69,69,63,63,63,63,63,63,62,56,56,56,54,54,39,39,39],"gold":304,"neow_bonus":"TRANSFORM_CARD","is_daily":false,"chose_seed":false,"campfire_upgraded":0,"win_rate":0.0,"timestamp":1609988549,"path_taken":["R","M","?","M","M","M","T","?","?","M","M","?","M","M","M","BOSS"],"items_purchased_type":[],"build_version":"2020-12-13","purchased_purges":0,"victory":false,"max_hp_per_floor":[70,70,70,70,70,70,70,70,70,70,70,70,70,70,70,70,70,70],"card_choices":[{"not_picked":["hexamod:RainOfEmbers","hexamod:HauntingEcho"],"picked":"hexamod:GhostLash","floor":2.0},{"not_picked":["hexamod:ShieldOfDarkness","hexamod:GhostLash"],"picked":"hexamod:BacktrackSmack","floor":4.0},{"not_picked":["hexamod:SkipABeat","hexamod:SecondSeal","hexamod:GiftsFromTheDead"],"picked":"SKIP","floor":5.0},{"not_picked":["hexamod:FirstSeal","hexamod:SoulSteal"],"picked":"hexamod:ShieldOfDarkness","floor":6.0},{"not_picked":["hexamod:SwordOfDarkness","hexamod:Firestarter"],"picked":"hexamod:PhantomCloak","floor":9.0},{"not_picked":["hexamod:SecondSeal","hexamod:SwordOfDarkness"],"picked":"hexamod:InspiringFlames","floor":10.0},{"not_picked":["hexamod:PhantomFireball","hexamod:PhantomCloak"],"picked":"hexamod:DynamicBlow","floor":11.0},{"not_picked":["hexamod:GhostLash","hexamod:SecondSeal"],"picked":"hexamod:Hexaguard","floor":13.0},{"not_picked":["hexamod:Hexaguard","hexamod:BacktrackSmack"],"picked":"hexamod:AdvancingGuard","floor":14},{"not_picked":["hexamod:Firestarter","hexamod:SkipABeat"],"picked":"hexamod:FastForward","floor":15}],"player_experience":53605,"relics_obtained":[{"floor":3.0,"key":"Bottled Flame"},{"floor":7.0,"key":"hubris:ToyBattleship"},{"floor":12.0,"key":"Lantern"}],"event_choices":[],"is_beta":false,"boss_relics":[],"items_purged_floors":[],"is_endless":false,"potions_floor_spawned":[2,4,9,11,13],"killed_by":"downfall:Ironclad","ascension_level":0}}