{"host":"sav7uxregyirlf69","time":1609992834,"event":{"mods":["AchievementEnabler","BaseMod","Colored Map","DeckTracker","Keyboard Shortcuts","Minty Spire (QoL Compilation)","READ ME - Guardian Mod","StSLib","SuperFastMode"],"gold_per_floor":[119,138,138,138,138,138,179,179,179,179,203,203,10,31,31,129,129,148,198,238,238,253,253,253,253],"floor_reached":24,"playtime":259,"items_purged":[],"score":434,"play_id":"b3593ddb-3270-4c0b-9e8d-423ac9f18b33","local_time":"20210107131354","is_ascension_mode":true,"campfire_choices":[{"data":"Noxious Fumes","floor":6,"key":"SMITH"},{"data":"Neutralize","floor":8,"key":"SMITH"},{"data":"Poisoned Stab","floor":10,"key":"SMITH"},{"floor":12,"key":"RECALL"},{"data":"Tactician","floor":15,"key":"SMITH"},{"floor":23,"key":"REST"}],"circlet_count":0,"master_deck":["AscendersBane","Strike_G","Strike_G","Strike_G","Strike_G","Defend_G","Defend_G","Defend_G","Defend_G","Defend_G","Survivor","Neutralize+1","Poisoned Stab+1","Noxious Fumes+1","Backstab","Tactician","Tactician+1","Corpse Explosion","Calculated Gamble"],"relics":["Ring of the Snake","NeowsBlessing","Golden Idol","The Courier","Question Card","TheAbacus","SacredBark","Red Mask"],"acts_visited":["Exordium","TheCity"],"potions_floor_usage":[16,16],"damage_taken":[{"damage":0,"enemies":"Jaw Worm","floor":1,"turns":1},{"damage":0,"enemies":"Small Slimes","floor":2,"turns":1},{"damage":0,"enemies":"3 Sentries","floor":7,"turns":2},{"damage":0,"enemies":"Cultist","floor":11,"turns":3},{"damage":3,"enemies":"2 Fungi Beasts","floor":14,"turns":3},{"damage":15,"enemies":"Hexaghost","floor":16,"turns":9},{"damage":28,"enemies":"Spheric Guardian","floor":18,"turns":7},{"damage":12,"enemies":"Masked Bandits","floor":20,"turns":2},{"damage":7,"enemies":"Chosen","floor":22,"turns":5},{"damage":31,"enemies":"Snecko","floor":24,"turns":4}],"seed_played":"2038452834686514781","potions_obtained":[{"floor":1,"key":"Strength Potion"},{"floor":14,"key":"PowerPotion"},{"floor":20,"key":"Fire Potion"},{"floor":22,"key":"Poison Potion"}],"is_trial":false,"path_per_floor":["M","M","?","?","?","R","E","R","T","R","M","R","$","M","R","B",null,"M","?","?","?","M","R","M"],"character_chosen":"THE_SILENT","items_purchased":["Tactician","TheAbacus"],"campfire_rested":1,"item_purchase_floors":[13,13],"current_hp_per_floor":[59,59,59,52,57,57,57,57,57,57,57,57,57,54,54,39,59,31,31,19,19,12,31,0,0],"gold":253,"neow_bonus":"THREE_ENEMY_KILL","is_daily":false,"chose_seed":false,"campfire_upgraded":4,"win_rate":0.0,"timestamp":1609992834,"path_taken":["M","M","?","?","?","R","E","R","T","R","M","R","$","M","R","BOSS","M","?","?","?","M","R","?"],"items_purchased_type":["Card","Relic"],"build_version":"2020-12-22","purchased_purges":0,"victory":false,"max_hp_per_floor":[66,66,60,60,65,65,65,65,65,65,65,65,65,65,65,65,65,65,65,65,65,65,65,65,65],"card_choices":[{"not_picked":["Endless Agony","Outmaneuver"],"picked":"Poisoned Stab","floor":1},{"not_picked":["Deflect","Acrobatics"],"picked":"Noxious Fumes","floor":2},{"not_picked":["Prepared","Sucker Punch","Accuracy"],"picked":"SKIP","floor":7},{"not_picked":["Flechettes","Infinite Blades","Quick Slash"],"picked":"Backstab","floor":11},{"not_picked":["Finisher","Dagger Spray","All Out Attack"],"picked":"Tactician","floor":14},{"not_picked":["Burst","Malaise","Phantasmal Killer"],"picked":"Corpse Explosion","floor":16},{"not_picked":["Deflect","Flying Knee","Underhanded Strike"],"picked":"Calculated Gamble","floor":18},{"not_picked":["Outmaneuver","Dash","Caltrops","Flying Knee"],"picked":"SKIP","floor":22}],"player_experience":1169324,"relics_obtained":[{"floor":7,"key":"The Courier"},{"floor":9,"key":"Question Card"},{"floor":20,"key":"Red Mask"}],"event_choices":[{"damage_healed":0,"gold_gain":0,"player_choice":"Lose Max HP","damage_taken":0,"relics_obtained":["Golden Idol"],"max_hp_gain":0,"max_hp_loss":6,"event_name":"Golden Idol","floor":3,"gold_loss":0},{"cards_removed":["Strike_G"],"damage_healed":0,"gold_gain":0,"player_choice":"Card Removal","damage_taken":7,"max_hp_gain":0,"max_hp_loss":0,"event_name":"Golden Wing","floor":4,"gold_loss":0},{"damage_healed":0,"gold_gain":0,"player_choice":"Donut","damage_taken":0,"max_hp_gain":5,"max_hp_loss":0,"event_name":"Big Fish","floor":5,"gold_loss":0},{"damage_healed":0,"gold_gain":50,"player_choice":"Stole From Cult","damage_taken":0,"max_hp_gain":0,"max_hp_loss":0,"event_name":"Nest","floor":19,"gold_loss":0},{"damage_healed":0,"gold_gain":0,"player_choice":"Fought Bandits","damage_taken":0,"max_hp_gain":0,"max_hp_loss":0,"event_name":"Masked Bandits","floor":20,"gold_loss":0},{"damage_healed":0,"gold_gain":0,"player_choice":"0 cards matched","damage_taken":0,"max_hp_gain":0,"max_hp_loss":0,"event_name":"Match and Keep!","floor":21,"gold_loss":0,"cards_obtained":[]}],"is_beta":false,"boss_relics":[{"not_picked":["WristBlade","Snecko Eye"],"picked":"SacredBark"}],"items_purged_floors":[],"is_endless":false,"potions_floor_spawned":[1,14,20,22],"killed_by":"Snecko","ascension_level":20}}