{"host":"qjv9b7mze4c73keh","time":1609981618,"event":{"mods":["BaseMod","Minty Spire (QoL Compilation)"],"gold_per_floor":[117,117,137,149,149,149,166,185,485,549,575,593,611,631,631,734,734,659,659,659,149,74,74,74,74,74,74,74,74,74,74,74,74,74],"floor_reached":33,"playtime":3605,"items_purged":["Strike_R"],"score":271,"play_id":"5245911e-eb17-4c30-b242-a019ec423c02","local_time":"20210107060658","is_ascension_mode":false,"campfire_choices":[{"floor":6.0,"key":"REST"},{"floor":15.0,"key":"REST"},{"data":"Flame Barrier","floor":25,"key":"SMITH"},{"floor":32,"key":"REST"}],"circlet_count":0,"master_deck":["Strike_R","Strike_R","Strike_R","Defend_R","Defend_R","Defend_R","Defend_R","Bash","Rampage+1","Shrug It Off","Armaments","Flame Barrier","Cleave","Uppercut","Headbutt","Flex","Flame Barrier+1","Pommel Strike","Bludgeon","Iron Wave","Perfected Strike","Battle Trance","Headbutt","Armaments+1","Metallicize","Seeing Red+1"],"relics":["Burning Blood","Old Coin","Kunai","Incense Burner","Ectoplasm","Lantern","Centennial Puzzle","Chemical X","Ancient Tea Set","HornCleat"],"acts_visited":["TheCity"],"potions_floor_usage":[27,27,33],"damage_taken":[{"damage":15.0,"enemies":"Jaw Worm","floor":1.0,"turns":5.0},{"damage":2.0,"enemies":"2 Louse","floor":3.0,"turns":3.0},{"damage":10.0,"enemies":"Small Slimes","floor":4.0,"turns":5.0},{"damage":8.0,"enemies":"2 Fungi Beasts","floor":7.0,"turns":5.0},{"damage":3.0,"enemies":"Red Slaver","floor":8.0,"turns":4.0},{"damage":34.0,"enemies":"Lagavulin Event","floor":10.0,"turns":8.0},{"damage":31.0,"enemies":"3 Sentries","floor":11.0,"turns":10.0},{"damage":6.0,"enemies":"Blue Slaver","floor":12.0,"turns":6.0},{"damage":5.0,"enemies":"Exordium Thugs","floor":13.0,"turns":5.0},{"damage":1.0,"enemies":"Lots of Slimes","floor":14.0,"turns":5.0},{"damage":45.0,"enemies":"Slime Boss","floor":16.0,"turns":18.0},{"damage":0,"enemies":"2 Thieves","floor":18,"turns":4},{"damage":0,"enemies":"Chosen","floor":23,"turns":5},{"damage":38,"enemies":"Slavers","floor":27,"turns":5},{"damage":23,"enemies":"Shelled Parasite and Fungi","floor":28,"turns":9},{"damage":0,"enemies":"Snecko","floor":29,"turns":4},{"damage":4,"enemies":"3 Cultists","floor":31,"turns":5},{"damage":91,"enemies":"Collector","floor":33,"turns":11}],"seed_played":"8413552205339578949","potions_obtained":[{"floor":4.0,"key":"ElixirPotion"},{"floor":7.0,"key":"Weak Potion"},{"floor":10.0,"key":"GamblersBrew"},{"floor":12.0,"key":"Fire Potion"},{"floor":16.0,"key":"LiquidBronze"},{"floor":18,"key":"Explosive Potion"},{"floor":29,"key":"HeartOfIron"}],"is_trial":false,"path_per_floor":["M","?","M","M","?","R","M","M","T","?","E","M","M","M","R","B",null,"M","?","?","$","?","M","?","R","T","E","M","M","$","M","R","B"],"character_chosen":"IRONCLAD","items_purchased":["Lantern","Centennial Puzzle","Chemical X"],"campfire_rested":3,"item_purchase_floors":[21,21,21],"current_hp_per_floor":[79,79,83,79,84,93,91,93,93,65,40,40,41,46,73,34,93,93,93,93,93,93,93,93,93,93,61,44,50,50,52,79,0,0],"gold":74,"neow_bonus":"TEN_PERCENT_HP_BONUS","is_daily":false,"chose_seed":false,"campfire_upgraded":1,"win_rate":0.0,"timestamp":1609981618,"path_taken":["M","?","M","M","?","R","M","M","T","?","E","M","M","M","R","BOSS","M","?","?","$","?","M","?","R","T","E","M","M","$","M","R","BOSS"],"items_purchased_type":["Relic","Relic","Relic"],"build_version":"2020-12-22","purchased_purges":1,"victory":false,"max_hp_per_floor":[88,88,88,88,93,93,93,93,93,93,93,93,93,93,93,93,93,93,93,93,93,93,93,93,93,93,93,93,93,93,93,93,93,93],"card_choices":[{"not_picked":["Clash","Second Wind"],"picked":"Rampage","floor":1.0},{"not_picked":["Pummel","Headbutt"],"picked":"Shrug It Off","floor":3.0},{"not_picked":["Dual Wield","Sword Boomerang"],"picked":"Armaments","floor":4.0},{"not_picked":["Rupture","Offering"],"picked":"Flame Barrier","floor":7.0},{"not_picked":["Clash","Hemokinesis"],"picked":"Cleave","floor":8.0},{"not_picked":["Pommel Strike","Warcry"],"picked":"Uppercut","floor":10.0},{"not_picked":["Offering","Pommel Strike"],"picked":"Headbutt","floor":11.0},{"not_picked":["Heavy Blade","Power Through"],"picked":"Flex","floor":12.0},{"not_picked":["Anger","Inflame"],"picked":"Flame Barrier","floor":13.0},{"not_picked":["Perfected Strike","Bloodletting"],"picked":"Pommel Strike","floor":14.0},{"not_picked":["Fiend Fire","Brutality"],"picked":"Bludgeon","floor":16.0},{"not_picked":["Bloodletting","Warcry"],"picked":"Iron Wave","floor":18},{"not_picked":["Fire Breathing+1","Armaments"],"picked":"Battle Trance","floor":23},{"not_picked":["Searing Blow","Limit Break"],"picked":"Headbutt","floor":27},{"not_picked":["Clash+1","Clothesline+1"],"picked":"Armaments+1","floor":28},{"not_picked":["Perfected Strike","Body Slam"],"picked":"Metallicize","floor":29},{"not_picked":["Burning Pact","Brutality"],"picked":"Seeing Red+1","floor":31}],"player_experience":27344,"relics_obtained":[{"floor":9.0,"key":"Old Coin"},{"floor":10.0,"key":"Kunai"},{"floor":11.0,"key":"Incense Burner"},{"floor":26,"key":"Ancient Tea Set"},{"floor":27,"key":"HornCleat"}],"event_choices":[{"damage_healed":0.0,"max_hp_gain":0.0,"max_hp_loss":0.0,"gold_gain":0.0,"event_name":"Living Wall","player_choice":"Grow","floor":2.0,"gold_loss":0.0,"damage_taken":0.0,"cards_upgraded":["Rampage"]},{"damage_healed":0.0,"max_hp_gain":5.0,"max_hp_loss":0.0,"gold_gain":0.0,"event_name":"Big Fish","player_choice":"Donut","floor":5.0,"gold_loss":0.0,"damage_taken":0.0},{"damage_healed":0.0,"max_hp_gain":0.0,"max_hp_loss":0.0,"gold_gain":0.0,"event_name":"Dead Adventurer","player_choice":"Searched \u00272\u0027 times","floor":10.0,"gold_loss":0.0,"damage_taken":0.0},{"damage_healed":0,"gold_gain":0,"player_choice":"Ignored","damage_taken":0,"max_hp_gain":0,"max_hp_loss":0,"event_name":"The Mausoleum","floor":19,"gold_loss":0},{"damage_healed":0,"gold_gain":0,"player_choice":"Read","damage_taken":0,"max_hp_gain":0,"max_hp_loss":0,"event_name":"The Library","floor":20,"gold_loss":0,"cards_obtained":["Perfected Strike"]},{"cards_removed":["Strike_R"],"damage_healed":0,"gold_gain":0,"player_choice":"Gave Gold","damage_taken":0,"max_hp_gain":0,"max_hp_loss":0,"event_name":"Beggar","floor":22,"gold_loss":75},{"damage_healed":0,"gold_gain":0,"player_choice":"Ignored","damage_taken":0,"max_hp_gain":0,"max_hp_loss":0,"event_name":"Vampires","floor":24,"gold_loss":0}],"is_beta":false,"boss_relics":[{"not_picked":["Tiny House","Velvet Choker"],"picked":"Ectoplasm"}],"items_purged_floors":[21],"is_endless":false,"potions_floor_spawned":[4,7,10,12,16,18,29],"killed_by":"Collector","ascension_level":0}}