{"host":"sav7uxregyirlf69","time":1609999115,"event":{"mods":["AchievementEnabler","BaseMod","Colored Map","DeckTracker","Keyboard Shortcuts","Minty Spire (QoL Compilation)","READ ME - Guardian Mod","StSLib","SuperFastMode"],"gold_per_floor":[112,126,126,144,144,144,178,190,202,241,253,265,297,319,331,416,428,455,467,100,100,113,145,145,145,145,157,157,157,157],"floor_reached":29,"playtime":370,"items_purged":[],"score":552,"play_id":"39d7e306-0481-45a2-ad98-c648f706d817","local_time":"20210107145835","is_ascension_mode":true,"campfire_choices":[{"data":"Bash","floor":6.0,"key":"SMITH"},{"floor":8.0,"key":"REST"},{"data":"Perfected Strike","floor":11.0,"key":"SMITH"},{"data":"Dark Embrace","floor":15.0,"key":"SMITH"},{"floor":25,"key":"REST"},{"data":"Body Slam","floor":28,"key":"SMITH"}],"circlet_count":0,"master_deck":["AscendersBane","Strike_R+1","Strike_R+1","Strike_R+1","Strike_R+1","Strike_R+1","Defend_R+1","Defend_R+1","Defend_R+1","Defend_R+1","Bash+1","Bludgeon+1","Pommel Strike","Second Wind","Dark Embrace+1","Perfected Strike+1","Shockwave+1","Evolve","Impervious+1","Body Slam+1","Fire Breathing","Armaments+1","Disarm+1","Wild Strike","Feel No Pain"],"relics":["Burning Blood","Mummified Hand","MawBank","Toxic Egg 2","Bag of Marbles","Sozu","PreservedInsect","Blue Candle","Ice Cream"],"acts_visited":["Exordium","TheCity"],"potions_floor_usage":[],"damage_taken":[{"damage":2.0,"enemies":"2 Louse","floor":1.0,"turns":3.0},{"damage":9.0,"enemies":"Jaw Worm","floor":2.0,"turns":3.0},{"damage":0.0,"enemies":"Cultist","floor":4.0,"turns":2.0},{"damage":0.0,"enemies":"Gremlin Nob","floor":7.0,"turns":3.0},{"damage":20.0,"enemies":"3 Sentries","floor":10.0,"turns":8.0},{"damage":15.0,"enemies":"3 Louse","floor":13.0,"turns":5.0},{"damage":0.0,"enemies":"Exordium Wildlife","floor":14.0,"turns":2.0},{"damage":26.0,"enemies":"Slime Boss","floor":16.0,"turns":7.0},{"damage":25.0,"enemies":"Spheric Guardian","floor":18.0,"turns":4.0},{"damage":22.0,"enemies":"2 Thieves","floor":22.0,"turns":4.0},{"damage":26.0,"enemies":"Gremlin Leader","floor":23.0,"turns":5.0},{"damage":12,"enemies":"Chosen and Byrds","floor":27,"turns":4},{"damage":34,"enemies":"Slavers","floor":29,"turns":2}],"seed_played":"2300487586912437420","potions_obtained":[{"floor":10.0,"key":"ElixirPotion"},{"floor":14.0,"key":"Swift Potion"}],"is_trial":false,"path_per_floor":["M","M","?","M","?","R","E","R","T","E","R","?","M","M","R","B",null,"M","?","$","?","M","E","?","R","T","M","R","E"],"character_chosen":"IRONCLAD","items_purchased":["PreservedInsect","Fire Breathing","Armaments+1","Disarm+1"],"campfire_rested":2,"item_purchase_floors":[20,20,20,20],"current_hp_per_floor":[54,51,51,57,31,31,37,59,59,45,45,50,41,47,47,27,67,48,48,48,48,32,12,12,36,36,30,30,0,0],"gold":157,"neow_bonus":"THREE_RARE_CARDS","is_daily":false,"chose_seed":false,"campfire_upgraded":4,"win_rate":0.0,"timestamp":1609999115,"path_taken":["M","M","?","M","?","R","E","R","T","E","R","?","?","M","R","BOSS","M","?","$","?","?","E","?","R","T","?","R","E"],"items_purchased_type":["Relic","Card","Card","Card"],"build_version":"2020-12-22","purchased_purges":0,"victory":false,"max_hp_per_floor":[75,75,75,75,75,75,75,75,75,75,75,80,80,80,80,80,80,80,80,80,80,80,80,80,80,80,80,80,80,80],"card_choices":[{"not_picked":["Demon Form","Limit Break"],"picked":"Bludgeon","floor":0.0},{"not_picked":["Flex","Twin Strike"],"picked":"Pommel Strike","floor":1.0},{"not_picked":["Flex","Heavy Blade","Body Slam"],"picked":"SKIP","floor":2.0},{"not_picked":["Spot Weakness","Reckless Charge"],"picked":"Second Wind","floor":4.0},{"not_picked":["Sword Boomerang","Clash"],"picked":"Dark Embrace","floor":7.0},{"not_picked":["Havoc+1","Metallicize"],"picked":"Perfected Strike","floor":10.0},{"not_picked":["Dropkick","Entrench+1"],"picked":"Shockwave+1","floor":13.0},{"not_picked":["Disarm+1","Pommel Strike"],"picked":"Evolve","floor":14.0},{"not_picked":["Exhume+1","Demon Form"],"picked":"Impervious+1","floor":16.0},{"not_picked":["Pommel Strike","Cleave"],"picked":"Body Slam","floor":18.0},{"not_picked":["Armaments+1","Pommel Strike","Evolve"],"picked":"SKIP","floor":22.0},{"not_picked":["Carnage","Twin Strike+1"],"picked":"Wild Strike","floor":23},{"not_picked":["Pommel Strike","Rampage"],"picked":"Feel No Pain","floor":27}],"player_experience":1172097,"relics_obtained":[{"floor":7.0,"key":"MawBank"},{"floor":9.0,"key":"Toxic Egg 2"},{"floor":10.0,"key":"Bag of Marbles"},{"floor":26,"key":"Ice Cream"}],"event_choices":[{"damage_healed":0.0,"max_hp_gain":0.0,"max_hp_loss":0.0,"gold_gain":0.0,"event_name":"Living Wall","player_choice":"Grow","floor":3.0,"gold_loss":0.0,"damage_taken":0.0,"cards_upgraded":["Bludgeon"]},{"damage_healed":0.0,"max_hp_gain":0.0,"max_hp_loss":0.0,"gold_gain":0.0,"event_name":"Scrap Ooze","player_choice":"Success","floor":5.0,"gold_loss":0.0,"damage_taken":26.0,"relics_obtained":["Mummified Hand"]},{"damage_healed":0.0,"max_hp_gain":5.0,"max_hp_loss":0.0,"gold_gain":0.0,"event_name":"Big Fish","player_choice":"Donut","floor":12.0,"gold_loss":0.0,"damage_taken":0.0},{"damage_healed":0.0,"max_hp_gain":0.0,"max_hp_loss":0.0,"gold_gain":0.0,"event_name":"Back to Basics","player_choice":"Simplicity","floor":19.0,"gold_loss":0.0,"damage_taken":0.0,"cards_upgraded":["Strike_R","Strike_R","Strike_R","Strike_R","Strike_R","Defend_R","Defend_R","Defend_R","Defend_R"]},{"damage_healed":0.0,"max_hp_gain":0.0,"max_hp_loss":0.0,"gold_gain":0.0,"event_name":"WeMeetAgain","player_choice":"Gave Potion","floor":21.0,"gold_loss":0.0,"damage_taken":0.0,"relics_obtained":["Blue Candle"]},{"damage_healed":0,"gold_gain":0,"player_choice":"Ignored","damage_taken":0,"max_hp_gain":0,"max_hp_loss":0,"event_name":"Ghosts","floor":24,"gold_loss":0}],"is_beta":false,"boss_relics":[{"not_picked":["Runic Cube","Cursed Key"],"picked":"Sozu"}],"items_purged_floors":[],"is_endless":false,"potions_floor_spawned":[10,14,16,23],"killed_by":"Slavers","ascension_level":20}}