{"host":"calynag5ibgivyo2","time":1609984741,"event":{"mods":["AchievementEnabler","BaseMod","Colored Map","DeckTracker","Minty Spire (QoL Compilation)","StSLib"],"gold_per_floor":[119,119,119,119,84,124,124,158,182,182,40,68,100,147,147,277,277,277,192,216,237,80,80,80],"floor_reached":23,"playtime":970,"items_purged":["Strike_B","Strike_B"],"score":321,"play_id":"e894fa55-2f2b-4036-8980-4a448af4e9bd","local_time":"20210106175901","is_ascension_mode":true,"campfire_choices":[{"floor":7,"key":"REST"},{"data":"Coolheaded","floor":10,"key":"SMITH"},{"data":"Machine Learning","floor":15,"key":"SMITH"}],"circlet_count":0,"master_deck":["Strike_B","Strike_B","Defend_B","Defend_B","Defend_B","Defend_B","Zap+1","Dualcast","Coolheaded+1","Steam","Machine Learning+1","Gash","Coolheaded","Glacier","Seek","Compile Driver","Redo","Rebound"],"relics":["Cracked Core","NeowsBlessing","Golden Idol","MealTicket","Lantern","Turnip","CeramicFish","Symbiotic Virus","Philosopher\u0027s Stone","Dream Catcher"],"acts_visited":["Exordium","TheCity"],"potions_floor_usage":[14,18,23,23,23],"damage_taken":[{"damage":0,"enemies":"2 Louse","floor":1,"turns":1},{"damage":0,"enemies":"Gremlin Nob","floor":6,"turns":1},{"damage":0,"enemies":"Lagavulin","floor":8,"turns":1},{"damage":0,"enemies":"Jaw Worm","floor":12,"turns":3},{"damage":0,"enemies":"Small Slimes","floor":13,"turns":4},{"damage":19,"enemies":"Gremlin Nob","floor":14,"turns":4},{"damage":32,"enemies":"Hexaghost","floor":16,"turns":15},{"damage":16,"enemies":"2 Thieves","floor":18,"turns":4},{"damage":6,"enemies":"Shell Parasite","floor":20,"turns":7},{"damage":5,"enemies":"Shelled Parasite and Fungi","floor":21,"turns":8},{"damage":55,"enemies":"Gremlin Leader","floor":23,"turns":6}],"seed_played":"6097124595847844428","potions_obtained":[{"floor":1,"key":"Swift Potion"},{"floor":12,"key":"Dexterity Potion"},{"floor":14,"key":"Energy Potion"},{"floor":16,"key":"Regen Potion"},{"floor":18,"key":"Ancient Potion"}],"is_trial":false,"path_per_floor":["M","?","?","?","?","E","R","E","T","R","$","M","M","E","R","B",null,"M","?","M","M","$","E"],"character_chosen":"DEFECT","items_purchased":["Machine Learning","Redo","Rebound"],"campfire_rested":1,"item_purchase_floors":[11,22,22],"current_hp_per_floor":[75,57,57,5,23,23,45,45,45,45,60,60,60,41,41,9,59,43,43,37,32,47,0,0],"gold":80,"neow_bonus":"THREE_ENEMY_KILL","is_daily":false,"chose_seed":false,"campfire_upgraded":2,"win_rate":0.0,"timestamp":1609984741,"path_taken":["M","?","?","?","?","E","R","E","T","R","?","?","M","E","R","BOSS","M","?","M","M","$","E"],"items_purchased_type":["Card","Card","Card"],"build_version":"2020-12-22","purchased_purges":2,"victory":false,"max_hp_per_floor":[75,75,75,75,75,75,75,75,75,75,75,75,75,75,75,75,75,75,75,75,75,75,75,75],"card_choices":[{"not_picked":["Blizzard","Ball Lightning"],"picked":"Coolheaded","floor":1},{"not_picked":["Hello World","Stack"],"picked":"Steam","floor":6},{"not_picked":["Go for the Eyes","Ball Lightning","Stack"],"picked":"SKIP","floor":8},{"not_picked":["Chill","Steam"],"picked":"Gash","floor":12},{"not_picked":["Cold Snap","Blizzard"],"picked":"Coolheaded","floor":13},{"not_picked":["Ball Lightning","Conserve Battery"],"picked":"Glacier","floor":14},{"not_picked":["Multi-Cast","Amplify"],"picked":"Seek","floor":16},{"not_picked":["Force Field","Ball Lightning"],"picked":"Compile Driver","floor":18},{"not_picked":["Melter","Go for the Eyes","Coolheaded"],"picked":"SKIP","floor":20},{"not_picked":["Consume","Sweeping Beam","Turbo"],"picked":"SKIP","floor":21}],"player_experience":441402,"relics_obtained":[{"floor":6,"key":"Lantern"},{"floor":8,"key":"Turnip"},{"floor":9,"key":"CeramicFish"},{"floor":14,"key":"Symbiotic Virus"}],"event_choices":[{"damage_healed":0,"gold_gain":0,"player_choice":"Take Damage","damage_taken":18,"relics_obtained":["Golden Idol"],"max_hp_gain":0,"max_hp_loss":0,"event_name":"Golden Idol","floor":2,"gold_loss":0},{"damage_healed":0,"gold_gain":0,"player_choice":"Grow","damage_taken":0,"max_hp_gain":0,"max_hp_loss":0,"event_name":"Living Wall","floor":3,"gold_loss":0,"cards_upgraded":["Zap"]},{"damage_healed":0,"gold_gain":0,"player_choice":"Success","damage_taken":52,"relics_obtained":["MealTicket"],"max_hp_gain":0,"max_hp_loss":0,"event_name":"Scrap Ooze","floor":4,"gold_loss":0},{"damage_healed":18,"gold_gain":0,"player_choice":"Healed","damage_taken":0,"max_hp_gain":0,"max_hp_loss":0,"event_name":"The Cleric","floor":5,"gold_loss":35},{"damage_healed":0,"gold_gain":0,"player_choice":"Obtained Relic","damage_taken":0,"relics_obtained":["Dream Catcher"],"max_hp_gain":0,"max_hp_loss":0,"event_name":"Addict","floor":19,"gold_loss":85}],"is_beta":false,"boss_relics":[{"not_picked":["Cursed Key","Snecko Eye"],"picked":"Philosopher\u0027s Stone"}],"items_purged_floors":[11,22],"is_endless":false,"potions_floor_spawned":[1,12,14,16,18],"killed_by":"Gremlin Leader","ascension_level":5}}