{"host":"nsxzlb359hv0da5z","time":1609989866,"event":{"mods":["BaseMod","Bestiary","Colored Map","Minty Spire (QoL Compilation)","Permanent Neow","Relic Stats","Slay the Relics Exporter","ojb\u0027s Info Mod"],"gold_per_floor":[11,30,30,30,44,44,72,72,72,89,117,143,143,293,293,370,370,384,384,409,424,128,128,160,160,160,192,192,207,307,307,307,379,379,391,410,134,152,152,178,178,178,233,250,269,304,356,370,370,370,370,370,370,34,67,67],"floor_reached":57,"playtime":7637,"items_purged":["Strike_R","Strike_R"],"score":2787,"play_id":"1027237e-1200-430c-8e2c-cc7a5f0474db","local_time":"20210106192426","is_ascension_mode":true,"campfire_choices":[{"data":"Bash","floor":6.0,"key":"SMITH"},{"data":"Cleave","floor":8.0,"key":"SMITH"},{"floor":15.0,"key":"REST"},{"data":"Fiend Fire","floor":23.0,"key":"SMITH"},{"data":"Havoc","floor":25.0,"key":"SMITH"},{"data":"Feed","floor":28.0,"key":"SMITH"},{"data":"Body Slam","floor":32.0,"key":"SMITH"},{"floor":42,"key":"RECALL"},{"floor":49,"key":"REST"},{"floor":53,"key":"REST"}],"circlet_count":0,"master_deck":["AscendersBane","Strike_R","Strike_R","Defend_R","Defend_R","Defend_R","Bash+1","Havoc+1","Shrug It Off","Cleave+1","Pommel Strike","Bludgeon","Barricade","Fiend Fire+1","Shrug It Off","Flame Barrier","True Grit+1","Body Slam+1","Spot Weakness+1","Shrug It Off","Feed+1","J.A.X.","Corruption+1","Feel No Pain+1","Feel No Pain+1","PanicButton","Ghostly Armor+1","Feel No Pain+1","Ghostly Armor+1","Demon Form+1"],"relics":["Burning Blood","CaptainsWheel","Singing Bowl","White Beast Statue","InkBottle","Letter Opener","Omamori","Odd Mushroom","Runic Dome","Orrery","Mercury Hourglass","Frozen Egg 2","Incense Burner","Mango","Shuriken","Cursed Key","TungstenRod","Art of War","MealTicket","Ice Cream","Pen Nib","Medical Kit","Lantern"],"acts_visited":["Exordium","TheCity","TheBeyond","TheEnding"],"potions_floor_usage":[38,40,45,46,50,56,56],"damage_taken":[{"damage":1.0,"enemies":"Cultist","floor":1.0,"turns":4.0},{"damage":9.0,"enemies":"Jaw Worm","floor":2.0,"turns":4.0},{"damage":3.0,"enemies":"2 Louse","floor":5.0,"turns":4.0},{"damage":12.0,"enemies":"Lagavulin","floor":7.0,"turns":6.0},{"damage":2.0,"enemies":"2 Fungi Beasts","floor":10.0,"turns":3.0},{"damage":31.0,"enemies":"3 Sentries","floor":11.0,"turns":7.0},{"damage":12.0,"enemies":"The Mushroom Lair","floor":12.0,"turns":3.0},{"damage":29.0,"enemies":"The Guardian","floor":16.0,"turns":12.0},{"damage":9.0,"enemies":"2 Thieves","floor":18.0,"turns":3.0},{"damage":0.0,"enemies":"3 Byrds","floor":21.0,"turns":4.0},{"damage":12.0,"enemies":"Slavers","floor":24.0,"turns":3.0},{"damage":12.0,"enemies":"Book of Stabbing","floor":27.0,"turns":3.0},{"damage":3.0,"enemies":"3 Cultists","floor":29.0,"turns":4.0},{"damage":17.0,"enemies":"Colosseum Slavers","floor":30.0,"turns":5.0},{"damage":13.0,"enemies":"Colosseum Nobs","floor":30.0,"turns":4.0},{"damage":16.0,"enemies":"Champ","floor":33.0,"turns":11.0},{"damage":21.0,"enemies":"Orb Walker","floor":35.0,"turns":4.0},{"damage":0.0,"enemies":"3 Darklings","floor":36.0,"turns":4.0},{"damage":18.0,"enemies":"4 Shapes","floor":38.0,"turns":8.0},{"damage":31,"enemies":"Giant Head","floor":40,"turns":9},{"damage":0,"enemies":"Maw","floor":44,"turns":6},{"damage":12,"enemies":"Jaw Worm Horde","floor":45,"turns":6},{"damage":5,"enemies":"Nemesis","floor":46,"turns":15},{"damage":0,"enemies":"2 Orb Walkers","floor":47,"turns":6},{"damage":0,"enemies":"Spire Growth","floor":48,"turns":5},{"damage":99,"enemies":"Awakened One","floor":50,"turns":18},{"damage":27,"enemies":"Time Eater","floor":51,"turns":13},{"damage":2,"enemies":"Shield and Spear","floor":55,"turns":12},{"damage":63,"enemies":"The Heart","floor":56,"turns":10}],"seed_played":"3345742093441868974","potions_obtained":[{"floor":1.0,"key":"DistilledChaos"},{"floor":5.0,"key":"LiquidMemories"},{"floor":7.0,"key":"Block Potion"},{"floor":10.0,"key":"Weak Potion"},{"floor":11.0,"key":"SkillPotion"},{"floor":12.0,"key":"AttackPotion"},{"floor":16.0,"key":"Fire Potion"},{"floor":18.0,"key":"ColorlessPotion"},{"floor":21.0,"key":"BlessingOfTheForge"},{"floor":24.0,"key":"Energy Potion"},{"floor":27.0,"key":"SmokeBomb"},{"floor":29.0,"key":"SpeedPotion"},{"floor":30.0,"key":"SpeedPotion"},{"floor":33.0,"key":"Energy Potion"},{"floor":35.0,"key":"Dexterity Potion"},{"floor":36.0,"key":"Fruit Juice"},{"floor":38,"key":"Dexterity Potion"},{"floor":40,"key":"EssenceOfSteel"},{"floor":45,"key":"Block Potion"},{"floor":46,"key":"SteroidPotion"},{"floor":55,"key":"BlessingOfTheForge"}],"is_trial":false,"path_per_floor":["M","M","T","?","M","R","E","R","T","M","E","?","?","?","R","B",null,"M","?","T","M","$","R","E","R","T","E","R","M","?","?","R","B",null,"M","M","$","M","?","E","?","R","T","M","M","E","?","M","R","B","B",null,"R","$","E","B",null],"character_chosen":"IRONCLAD","items_purchased":["Orrery","Shrug It Off","Feel No Pain+1","PanicButton","Pen Nib","Medical Kit"],"campfire_rested":3,"item_purchase_floors":[22,22,37,37,54,54],"current_hp_per_floor":[73,70,70,44,49,49,43,43,43,47,22,18,18,18,41,18,64,61,61,61,67,73,73,69,69,69,63,63,72,78,78,78,68,105,94,106,106,105,105,84,84,84,84,96,96,103,113,123,168,79,58,144,172,172,172,115],"gold":67,"neow_bonus":"ONE_RARE_RELIC","is_daily":false,"chose_seed":false,"campfire_upgraded":6,"win_rate":0.0,"timestamp":1609989866,"path_taken":["M","M","?","?","M","R","E","R","T","M","E","?","?","?","R","BOSS","M","?","?","M","$","R","E","R","T","E","R","M","?","?","R","BOSS","M","M","$","M","?","E","?","R","T","M","M","E","?","M","R","BOSS","BOSS","R","$","E","BOSS"],"items_purchased_type":["Relic","Card","Card","Card","Relic","Relic"],"build_version":"2020-12-22","purchased_purges":2,"victory":true,"max_hp_per_floor":[75,75,75,75,77,77,77,77,77,77,77,79,79,79,79,79,79,79,79,79,79,85,85,87,87,87,87,87,93,117,117,117,117,117,121,127,127,138,138,142,142,142,142,148,154,160,164,168,168,172,172,172,172,172,172,172],"relic_stats":{"Singing Bowl":26,"counters":[29,196],"Pen Nib":[2],"Letter Opener":[439],"Cursed Key":1,"Medical Kit":[9],"Burning Blood":170,"Mercury Hourglass":[501],"Shuriken":[7],"MealTicket":0,"Art of War":[25],"obtain_stats":[{"Ice Cream":47,"Lantern":55,"Singing Bowl":3,"Mango":30,"Pen Nib":54,"Omamori":11,"Incense Burner":27,"Letter Opener":9,"Odd Mushroom":12,"Frozen Egg 2":26,"Cursed Key":34,"Medical Kit":54,"Burning Blood":0,"White Beast Statue":4,"Mercury Hourglass":24,"Runic Dome":17,"CaptainsWheel":0,"Shuriken":30,"Orrery":22,"MealTicket":46,"Art of War":43,"InkBottle":7,"TungstenRod":40},{"Ice Cream":24,"Lantern":28,"Singing Bowl":2,"Mango":15,"Pen Nib":27,"Omamori":6,"Incense Burner":12,"Letter Opener":4,"Odd Mushroom":7,"Frozen Egg 2":11,"Cursed Key":16,"Medical Kit":27,"Burning Blood":0,"White Beast Statue":2,"Mercury Hourglass":11,"Runic Dome":8,"CaptainsWheel":0,"Shuriken":15,"Orrery":10,"MealTicket":23,"Art of War":20,"InkBottle":4,"TungstenRod":20},{"Ice Cream":138,"Lantern":186,"Singing Bowl":8,"Mango":69,"Pen Nib":174,"Omamori":28,"Incense Burner":56,"Letter Opener":18,"Odd Mushroom":31,"Frozen Egg 2":53,"Cursed Key":80,"Medical Kit":174,"Burning Blood":0,"White Beast Statue":8,"Mercury Hourglass":53,"Runic Dome":43,"CaptainsWheel":0,"Shuriken":69,"Orrery":50,"MealTicket":132,"Art of War":105,"InkBottle":18,"TungstenRod":105}],"InkBottle":[62],"TungstenRod":40},"card_choices":[{"not_picked":["Bloodletting","Heavy Blade"],"picked":"Havoc","floor":1.0},{"not_picked":["Bloodletting","Armaments"],"picked":"Shrug It Off","floor":2.0},{"not_picked":["Dual Wield","Warcry","Armaments"],"picked":"Singing Bowl","floor":5.0},{"not_picked":["Dual Wield","Clash"],"picked":"Cleave","floor":7.0},{"not_picked":["Clash","Shrug It Off"],"picked":"Pommel Strike","floor":10.0},{"not_picked":["Second Wind","Rage"],"picked":"Bludgeon","floor":11.0},{"not_picked":["Thunderclap","Dual Wield","Havoc"],"picked":"Singing Bowl","floor":12.0},{"not_picked":["Berserk","Juggernaut"],"picked":"Fiend Fire","floor":16.0},{"not_picked":["Cleave","Headbutt"],"picked":"Shrug It Off","floor":18.0},{"not_picked":["Wild Strike","Hemokinesis"],"picked":"True Grit+1","floor":21.0},{"not_picked":["Rampage","Armaments"],"picked":"Body Slam","floor":22.0},{"not_picked":["Armaments","Seeing Red+1"],"picked":"Spot Weakness+1","floor":22.0},{"not_picked":["Armaments","Blood for Blood","Clothesline"],"picked":"Singing Bowl","floor":22.0},{"not_picked":["Clothesline","Sword Boomerang","Twin Strike"],"picked":"Singing Bowl","floor":22.0},{"not_picked":["Reckless Charge","Thunderclap","Dropkick"],"picked":"Singing Bowl","floor":22.0},{"not_picked":["Intimidate","Flex","Anger"],"picked":"Singing Bowl","floor":24.0},{"not_picked":["Fire Breathing+1","Iron Wave"],"picked":"Feed","floor":27.0},{"not_picked":["Perfected Strike","Iron Wave+1","Heavy Blade"],"picked":"Singing Bowl","floor":29.0},{"not_picked":["Cleave","Combust+1","Anger"],"picked":"Singing Bowl","floor":30.0},{"not_picked":["Brutality+1","Bludgeon"],"picked":"Corruption+1","floor":33.0},{"not_picked":["Ghostly Armor","Sword Boomerang+1"],"picked":"Feel No Pain+1","floor":35.0},{"not_picked":["Bloodletting","Wild Strike","Intimidate"],"picked":"Singing Bowl","floor":36.0},{"not_picked":["Twin Strike+1","Dual Wield","Havoc"],"picked":"Singing Bowl","floor":38},{"not_picked":["Clothesline","Burning Pact"],"picked":"Ghostly Armor+1","floor":40},{"not_picked":["Bloodletting+1","Havoc+1","Clothesline"],"picked":"Singing Bowl","floor":44},{"not_picked":["Body Slam","Headbutt","Anger"],"picked":"Singing Bowl","floor":45},{"not_picked":["Carnage","Intimidate","Rupture+1"],"picked":"Singing Bowl","floor":46},{"not_picked":["Combust+1","Anger"],"picked":"Feel No Pain+1","floor":47},{"not_picked":["Armaments","Havoc+1"],"picked":"Ghostly Armor+1","floor":48},{"not_picked":["Blood for Blood","Ghostly Armor"],"picked":"Demon Form+1","floor":55}],"player_experience":1929675,"relics_obtained":[{"floor":3.0,"key":"Singing Bowl"},{"floor":7.0,"key":"InkBottle"},{"floor":9.0,"key":"Letter Opener"},{"floor":11.0,"key":"Omamori"},{"floor":12.0,"key":"Odd Mushroom"},{"floor":24.0,"key":"Mercury Hourglass"},{"floor":26.0,"key":"Frozen Egg 2"},{"floor":27.0,"key":"Incense Burner"},{"floor":30.0,"key":"Mango"},{"floor":30.0,"key":"Shuriken"},{"floor":40,"key":"TungstenRod"},{"floor":43,"key":"Art of War"},{"floor":46,"key":"MealTicket"},{"floor":47,"key":"Ice Cream"},{"floor":55,"key":"Lantern"}],"event_choices":[{"damage_healed":0.0,"max_hp_gain":0.0,"max_hp_loss":0.0,"gold_gain":0.0,"event_name":"Scrap Ooze","player_choice":"Success","floor":4.0,"gold_loss":0.0,"damage_taken":26.0,"relics_obtained":["White Beast Statue"]},{"damage_healed":0.0,"max_hp_gain":0.0,"max_hp_loss":0.0,"gold_gain":0.0,"event_name":"Mushrooms","player_choice":"Fought Mushrooms","floor":12.0,"gold_loss":0.0,"damage_taken":0.0},{"damage_healed":0.0,"max_hp_gain":0.0,"max_hp_loss":0.0,"gold_gain":0.0,"cards_transformed":["Strike_R"],"event_name":"Living Wall","player_choice":"Change","floor":13.0,"gold_loss":0.0,"damage_taken":0.0,"cards_obtained":["Barricade"]},{"damage_healed":0.0,"max_hp_gain":0.0,"max_hp_loss":0.0,"gold_gain":150.0,"event_name":"Liars Game","player_choice":"AGREE","floor":14.0,"gold_loss":0.0,"damage_taken":0.0,"cards_obtained":["Doubt"]},{"damage_healed":0.0,"max_hp_gain":0.0,"max_hp_loss":0.0,"gold_gain":0.0,"event_name":"The Library","player_choice":"Read","floor":19.0,"gold_loss":0.0,"damage_taken":0.0,"cards_obtained":["Flame Barrier"]},{"damage_healed":0.0,"max_hp_gain":0.0,"max_hp_loss":0.0,"gold_gain":0.0,"event_name":"Colosseum","player_choice":"Fight","floor":30.0,"gold_loss":0.0,"damage_taken":0.0},{"damage_healed":0.0,"max_hp_gain":0.0,"max_hp_loss":0.0,"gold_gain":0.0,"event_name":"Colosseum","player_choice":"Fought Nobs","floor":30.0,"gold_loss":0.0,"damage_taken":0.0},{"damage_healed":0.0,"max_hp_gain":0.0,"max_hp_loss":0.0,"gold_gain":0.0,"event_name":"Drug Dealer","player_choice":"Obtain J.A.X.","floor":31.0,"gold_loss":0.0,"damage_taken":0.0,"cards_obtained":["J.A.X."]},{"cards_removed":["Defend_R"],"damage_healed":0,"gold_gain":0,"player_choice":"Removed Skill","damage_taken":0,"max_hp_gain":0,"max_hp_loss":0,"event_name":"Falling","floor":39,"gold_loss":0},{"damage_healed":0,"gold_gain":0,"player_choice":"Ignored","damage_taken":0,"max_hp_gain":0,"max_hp_loss":0,"event_name":"Tomb of Lord Red Mask","floor":41,"gold_loss":0},{"damage_healed":0,"gold_gain":0,"player_choice":"Fight","damage_taken":0,"max_hp_gain":0,"max_hp_loss":0,"event_name":"Mysterious Sphere","floor":47,"gold_loss":0}],"is_beta":false,"boss_relics":[{"not_picked":["SlaversCollar","Tiny House"],"picked":"Runic Dome"},{"not_picked":["Astrolabe","Philosopher\u0027s Stone"],"picked":"Cursed Key"}],"items_purged_floors":[22,37],"is_endless":false,"potions_floor_spawned":[1,5,7,10,11,12,16,18,21,24,27,29,30,30,33,35,36,38,40,44,45,46,47,48,55],"ascension_level":20}}