{"host":"zksvs3x2ysy9npnz","time":1609994154,"event":{"mods":["Aspiration","BaseMod","Beaked The Cultist","BetterRewards","Clockwork Mod","Colored Map","Conspire","Downfall","Duelist Mod","Ekko","Halation","Highlight Path","Hubris","Hunter ??","Infinite Spire","Jedi Mod","JesterMod","Minty Spire (QoL Compilation)","Permanent Neow","Quick Restart","Relic Stats","Replay The Spire","Retaliation","Shade Mod","Shop Mod","StSLib"],"gold_per_floor":[113,113,127,147,163,173,206,206,206,206,206,220,234,248,248,350,350,320,340,387,402,412,437,455,455,481,481,496,510,39,70,70,177,177,200,54,54,83,83,116,151,151,151,151,189,222,222,264,264,276,276,276,9,65,159,159],"floor_reached":55,"playtime":4667,"items_purged":["ekkoTheBoyWhoShatteredTime:SpHit","ekkoTheBoyWhoShatteredTime:Strike"],"score":1518,"play_id":"75dc8437-7f7f-499f-bca7-309c122bdcb4","local_time":"20210107053554","is_ascension_mode":true,"campfire_choices":[{"data":"ekkoTheBoyWhoShatteredTime:HauntingGuise","floor":8,"key":"SMITH"},{"data":"ekkoTheBoyWhoShatteredTime:IcebornGauntlet","floor":11,"key":"SMITH"},{"data":"ekkoTheBoyWhoShatteredTime:IcebornGauntlet","floor":15,"key":"SMITH"},{"data":"ekkoTheBoyWhoShatteredTime:KeepingMomentum","floor":25,"key":"SMITH"},{"data":"ekkoTheBoyWhoShatteredTime:MicCheck","floor":27,"key":"SMITH"},{"data":"ekkoTheBoyWhoShatteredTime:TrinityForce","floor":32,"key":"SMITH"},{"floor":47,"key":"RECALL"},{"data":"ekkoTheBoyWhoShatteredTime:Strike","floor":49,"key":"PURGE"},{"data":"ekkoTheBoyWhoShatteredTime:Dash","floor":52,"key":"SMITH"}],"circlet_count":0,"master_deck":["ekkoTheBoyWhoShatteredTime:Strike","ekkoTheBoyWhoShatteredTime:Defend","ekkoTheBoyWhoShatteredTime:Defend","ekkoTheBoyWhoShatteredTime:Defend","ekkoTheBoyWhoShatteredTime:Defend","ekkoTheBoyWhoShatteredTime:TimeMaster+1","ekkoTheBoyWhoShatteredTime:IcebornGauntlet+1","ekkoTheBoyWhoShatteredTime:DelayedWork","ekkoTheBoyWhoShatteredTime:IcebornGauntlet+1","ekkoTheBoyWhoShatteredTime:HauntingGuise+1","ekkoTheBoyWhoShatteredTime:Periocharge+1","ekkoTheBoyWhoShatteredTime:Leap+1","ekkoTheBoyWhoShatteredTime:KeepingMomentum+1","ekkoTheBoyWhoShatteredTime:PulsefirePooling+1","ekkoTheBoyWhoShatteredTime:WaitForKeyTiming","ekkoTheBoyWhoShatteredTime:MicCheck+1","ekkoTheBoyWhoShatteredTime:TrinityForce+1","ekkoTheBoyWhoShatteredTime:Dash+1","ekkoTheBoyWhoShatteredTime:Dash","ekkoTheBoyWhoShatteredTime:Unleashed+1","ekkoTheBoyWhoShatteredTime:Backtrack","ekkoTheBoyWhoShatteredTime:MicCheck+1","ekkoTheBoyWhoShatteredTime:KneeNSwordCombo+1","Enlightenment","ekkoTheBoyWhoShatteredTime:IcebornGauntlet"],"relics":["ekkoTheBoyWhoShatteredTime:zDriveResonance","Pen Nib","hubris:FunFungus","jedi:paperlyon","hubris:BundleOfHerbs","halation:KoshaPiece","Guide Book","Snack Pack","halation:PrussianBluePaint","infinitespire:EvilPickle","conspire:SeveredTorchhead","halation:IllGainedPizza","Guardian:PocketSentry","Replay:Multitool","conspire:Dentures","HornCleat"],"acts_visited":["Exordium","TheCity","TheBeyond","TheEnding"],"potions_floor_usage":[6,7,7,13,21,23,29,46,54,55,55],"damage_taken":[{"damage":4,"enemies":"Cultist","floor":1,"turns":4},{"damage":3,"enemies":"Jaw Worm","floor":3,"turns":6},{"damage":1,"enemies":"Small Slimes","floor":4,"turns":5},{"damage":7,"enemies":"2 Fungi Beasts","floor":5,"turns":5},{"damage":1,"enemies":"Large Slime","floor":6,"turns":10},{"damage":19,"enemies":"3 Sentries","floor":7,"turns":19},{"damage":9,"enemies":"Looter","floor":12,"turns":4},{"damage":5,"enemies":"Exordium Thugs","floor":13,"turns":6},{"damage":0,"enemies":"Large Slime","floor":14,"turns":23},{"damage":14,"enemies":"Fading Forest","floor":16,"turns":11},{"damage":17,"enemies":"2 Thieves","floor":18,"turns":5},{"damage":0,"enemies":"Shell Parasite","floor":19,"turns":5},{"damage":24,"enemies":"conspire:MimicChest","floor":20,"turns":8},{"damage":16,"enemies":"Centurion and Healer","floor":21,"turns":18},{"damage":18,"enemies":"Shelled Parasite and Fungi","floor":22,"turns":6},{"damage":6,"enemies":"Book of Stabbing","floor":23,"turns":6},{"damage":11,"enemies":"Sentry and Sphere","floor":24,"turns":5},{"damage":6,"enemies":"3 Cultists","floor":28,"turns":6},{"damage":6,"enemies":"Shelled Parasite and Fungi","floor":29,"turns":9},{"damage":0,"enemies":"Nightmare","floor":31,"turns":8},{"damage":0,"enemies":"Pondfish","floor":33,"turns":8},{"damage":0,"enemies":"Orb Walker","floor":35,"turns":5},{"damage":11,"enemies":"3 Darklings","floor":38,"turns":4},{"damage":38,"enemies":"Sphere and 2 Shapes","floor":40,"turns":5},{"damage":0,"enemies":"Jaw Worm Horde","floor":41,"turns":6},{"damage":0,"enemies":"Giant Head","floor":45,"turns":6},{"damage":3,"enemies":"Transient","floor":46,"turns":5},{"damage":14,"enemies":"4 Shapes","floor":48,"turns":5},{"damage":0,"enemies":"conspire:OrnateMirror","floor":50,"turns":8},{"damage":13,"enemies":"Shield and Spear","floor":54,"turns":8},{"damage":103,"enemies":"The Heart","floor":55,"turns":8}],"seed_played":"2853283616355763504","potions_obtained":[{"floor":4,"key":"FearPotion"},{"floor":5,"key":"SkillPotion"},{"floor":6,"key":"EssenceOfSteel"},{"floor":12,"key":"DDmod:CleansePotion"},{"floor":13,"key":"Languid Potion"},{"floor":18,"key":"Milkshake"},{"floor":19,"key":"DDmod:CleansePotion"},{"floor":21,"key":"jedi:tentaclejuice"},{"floor":24,"key":"EssenceOfSteel"},{"floor":38,"key":"Elixir"},{"floor":45,"key":"Explosive Potion"},{"floor":48,"key":"Explosive Potion"}],"is_trial":false,"path_per_floor":["M","?","M","M","M","M","E","R","T","?","R","M","M","M","R","B",null,"M","M","?","M","M","E","M","R","T","R","M","M","$","NM","R","B",null,"M","$","?","M","?","M","M","?","T","R","E","M","R","M","R","B",null,"R","$","E","B"],"character_chosen":"EKKO_THE_BOY_WHO_SHATTERED_TIME","items_purchased":["Guide Book","Snack Pack","halation:IllGainedPizza","Enlightenment","ekkoTheBoyWhoShatteredTime:IcebornGauntlet"],"campfire_rested":0,"item_purchase_floors":[30,30,36,53,53],"current_hp_per_floor":[74,74,71,70,63,62,43,43,43,43,43,34,29,78,78,64,78,66,66,45,75,60,56,46,46,46,46,42,52,52,62,62,73,78,78,78,78,70,70,36,47,47,47,70,78,77,77,65,65,68,78,78,78,70,0,0],"gold":159,"neow_bonus":"UPGRADE_CARD","is_daily":false,"chose_seed":false,"campfire_upgraded":7,"win_rate":0.0,"timestamp":1609994154,"path_taken":["M","?","M","?","M","M","E","R","T","?","R","?","M","M","R","BOSS","M","M","?","M","M","E","M","R","T","R","M","M","$","NM","R","BOSS","M","$","?","M","?","?","M","?","T","R","E","M","R","M","R","BOSS","R","$","E","BOSS"],"items_purchased_type":["Relic","Relic","Relic","Card","Card"],"build_version":"2020-12-22","purchased_purges":2,"victory":false,"max_hp_per_floor":[78,78,78,78,78,78,78,78,78,78,78,78,78,78,78,78,78,78,78,78,78,78,78,78,78,78,78,78,78,78,78,78,78,78,78,78,78,78,78,78,78,78,78,78,78,78,78,78,78,78,78,78,78,78,78,78],"relic_stats":{"counters":[31,237],"Pen Nib":[24],"obtain_stats":[{"conspire:Dentures":45,"Guide Book":30,"halation:IllGainedPizza":36,"Pen Nib":7,"Guardian:PocketSentry":42,"Replay:Multitool":43,"infinitespire:EvilPickle":33,"conspire:SeveredTorchhead":34,"HornCleat":54,"jedi:paperlyon":17,"halation:PrussianBluePaint":31,"hubris:FunFungus":9,"hubris:BundleOfHerbs":20,"halation:KoshaPiece":23,"Snack Pack":30,"ekkoTheBoyWhoShatteredTime:zDriveResonance":0},{"conspire:Dentures":26,"Guide Book":19,"halation:IllGainedPizza":22,"Pen Nib":6,"Guardian:PocketSentry":25,"Replay:Multitool":25,"infinitespire:EvilPickle":21,"conspire:SeveredTorchhead":21,"HornCleat":30,"jedi:paperlyon":10,"halation:PrussianBluePaint":20,"hubris:FunFungus":6,"hubris:BundleOfHerbs":13,"halation:KoshaPiece":16,"Snack Pack":19,"ekkoTheBoyWhoShatteredTime:zDriveResonance":0},{"conspire:Dentures":203,"Guide Book":161,"halation:IllGainedPizza":182,"Pen Nib":49,"Guardian:PocketSentry":197,"Replay:Multitool":197,"infinitespire:EvilPickle":177,"conspire:SeveredTorchhead":177,"HornCleat":229,"jedi:paperlyon":93,"halation:PrussianBluePaint":169,"hubris:FunFungus":49,"hubris:BundleOfHerbs":111,"halation:KoshaPiece":141,"Snack Pack":161,"ekkoTheBoyWhoShatteredTime:zDriveResonance":0}]},"card_choices":[{"not_picked":["ekkoTheBoyWhoShatteredTime:ItemsAfterimage","ekkoTheBoyWhoShatteredTime:CommittedStrike"],"picked":"ekkoTheBoyWhoShatteredTime:IcebornGauntlet","floor":1},{"not_picked":["ekkoTheBoyWhoShatteredTime:Greed","ekkoTheBoyWhoShatteredTime:Knowledge"],"picked":"ekkoTheBoyWhoShatteredTime:DelayedWork","floor":3},{"not_picked":["ekkoTheBoyWhoShatteredTime:Resocharge","ekkoTheBoyWhoShatteredTime:CommittedStrike"],"picked":"ekkoTheBoyWhoShatteredTime:IcebornGauntlet","floor":4},{"not_picked":["ekkoTheBoyWhoShatteredTime:TimeRecall","ekkoTheBoyWhoShatteredTime:Greed","ekkoTheBoyWhoShatteredTime:Confident"],"picked":"SKIP","floor":5},{"not_picked":["ekkoTheBoyWhoShatteredTime:QuickBreak","ekkoTheBoyWhoShatteredTime:AfterimageTease"],"picked":"ekkoTheBoyWhoShatteredTime:HauntingGuise","floor":6},{"not_picked":["ekkoTheBoyWhoShatteredTime:ZhonyasHourglass","ekkoTheBoyWhoShatteredTime:Backtrack"],"picked":"ekkoTheBoyWhoShatteredTime:Periocharge","floor":7},{"not_picked":["ekkoTheBoyWhoShatteredTime:DodgeTraining","ekkoTheBoyWhoShatteredTime:VelocityConsuming"],"picked":"ekkoTheBoyWhoShatteredTime:Leap","floor":12},{"not_picked":["ekkoTheBoyWhoShatteredTime:TimeRecall","ekkoTheBoyWhoShatteredTime:NeedlesslyLargeRod"],"picked":"ekkoTheBoyWhoShatteredTime:SpHit","floor":13},{"not_picked":["ekkoTheBoyWhoShatteredTime:TimeRecall","ekkoTheBoyWhoShatteredTime:AfterimageBait"],"picked":"ekkoTheBoyWhoShatteredTime:KeepingMomentum","floor":14},{"not_picked":["ekkoTheBoyWhoShatteredTime:OverloadingWeapon","ekkoTheBoyWhoShatteredTime:SktSynergy"],"picked":"ekkoTheBoyWhoShatteredTime:PulsefirePooling","floor":16},{"not_picked":["ekkoTheBoyWhoShatteredTime:Leap","ekkoTheBoyWhoShatteredTime:AfterimageBait","ekkoTheBoyWhoShatteredTime:FeelIt"],"picked":"SKIP","floor":18},{"not_picked":["ekkoTheBoyWhoShatteredTime:WideSlice","ekkoTheBoyWhoShatteredTime:Vibin"],"picked":"ekkoTheBoyWhoShatteredTime:WaitForKeyTiming","floor":19},{"not_picked":["ekkoTheBoyWhoShatteredTime:Process+1","ekkoTheBoyWhoShatteredTime:NeedlesslyLargeRod+1"],"picked":"ekkoTheBoyWhoShatteredTime:MicCheck","floor":21},{"not_picked":["ekkoTheBoyWhoShatteredTime:NaggingBlow","ekkoTheBoyWhoShatteredTime:NeedlesslyLargeRod"],"picked":"ekkoTheBoyWhoShatteredTime:TrinityForce","floor":22},{"not_picked":["ekkoTheBoyWhoShatteredTime:HauntedAfterimage","ekkoTheBoyWhoShatteredTime:AfterimageHit+1"],"picked":"ekkoTheBoyWhoShatteredTime:Dash","floor":23},{"not_picked":["ekkoTheBoyWhoShatteredTime:ItemsAfterimage","ekkoTheBoyWhoShatteredTime:Backtrack+1","ekkoTheBoyWhoShatteredTime:Dash"],"picked":"SKIP","floor":24},{"not_picked":["ekkoTheBoyWhoShatteredTime:CalmingWaves+1","ekkoTheBoyWhoShatteredTime:PhaseDive","ekkoTheBoyWhoShatteredTime:ItemsAfterimage"],"picked":"SKIP","floor":28},{"not_picked":["ekkoTheBoyWhoShatteredTime:HauntingGuise","ekkoTheBoyWhoShatteredTime:WideSlice+1","ekkoTheBoyWhoShatteredTime:SpHit"],"picked":"SKIP","floor":29},{"not_picked":["ekkoTheBoyWhoShatteredTime:Overflow","ekkoTheBoyWhoShatteredTime:Resocharge+1"],"picked":"ekkoTheBoyWhoShatteredTime:Dash","floor":31},{"not_picked":["ekkoTheBoyWhoShatteredTime:SandstormSympathy","ekkoTheBoyWhoShatteredTime:Periocharge"],"picked":"ekkoTheBoyWhoShatteredTime:Unleashed","floor":33},{"not_picked":["ekkoTheBoyWhoShatteredTime:PhaseDive","ekkoTheBoyWhoShatteredTime:Leap+1","ekkoTheBoyWhoShatteredTime:FeelIt+1"],"picked":"SKIP","floor":35},{"not_picked":["ekkoTheBoyWhoShatteredTime:DelayedWork","ekkoTheBoyWhoShatteredTime:SpHit","ekkoTheBoyWhoShatteredTime:NeedlesslyLargeRod"],"picked":"SKIP","floor":38},{"not_picked":["ekkoTheBoyWhoShatteredTime:KneeNSwordCombo+1","ekkoTheBoyWhoShatteredTime:Greed"],"picked":"ekkoTheBoyWhoShatteredTime:MicCheck+1","floor":40},{"not_picked":["ekkoTheBoyWhoShatteredTime:Vibin","ekkoTheBoyWhoShatteredTime:LevelUp","ekkoTheBoyWhoShatteredTime:Backtrack"],"picked":"SKIP","floor":41},{"not_picked":["ekkoTheBoyWhoShatteredTime:Leap+1","ekkoTheBoyWhoShatteredTime:HauntingGuise+1","ekkoTheBoyWhoShatteredTime:Greed+1"],"picked":"SKIP","floor":45},{"not_picked":["ekkoTheBoyWhoShatteredTime:BansheesVeil","ekkoTheBoyWhoShatteredTime:PhaseDive+1"],"picked":"ekkoTheBoyWhoShatteredTime:KneeNSwordCombo+1","floor":46},{"not_picked":["ekkoTheBoyWhoShatteredTime:HauntingGuise","ekkoTheBoyWhoShatteredTime:AfterimageBait+1","ekkoTheBoyWhoShatteredTime:QuickBreak"],"picked":"SKIP","floor":48},{"not_picked":["ekkoTheBoyWhoShatteredTime:Vibin+1","ekkoTheBoyWhoShatteredTime:CommittedStrike","ekkoTheBoyWhoShatteredTime:TimeRecall+1"],"picked":"SKIP","floor":54},{"not_picked":["ekkoTheBoyWhoShatteredTime:Vibin+1","ekkoTheBoyWhoShatteredTime:CommittedStrike","ekkoTheBoyWhoShatteredTime:TimeRecall+1"],"picked":"SKIP","floor":54}],"player_experience":1801117,"relics_obtained":[{"floor":7,"key":"Pen Nib"},{"floor":9,"key":"hubris:FunFungus"},{"floor":20,"key":"hubris:BundleOfHerbs"},{"floor":23,"key":"halation:KoshaPiece"},{"floor":31,"key":"halation:PrussianBluePaint"},{"floor":43,"key":"Replay:Multitool"},{"floor":45,"key":"conspire:Dentures"},{"floor":54,"key":"HornCleat"}],"event_choices":[{"cards_removed":["ekkoTheBoyWhoShatteredTime:Strike"],"damage_healed":0,"gold_gain":0,"player_choice":"Offered Basic","damage_taken":0,"max_hp_gain":0,"max_hp_loss":0,"event_name":"Bonfire Elementals","floor":2,"gold_loss":0},{"damage_healed":0,"gold_gain":0,"player_choice":"0 cards matched","damage_taken":0,"max_hp_gain":0,"max_hp_loss":0,"event_name":"Match and Keep!","floor":10,"gold_loss":0,"cards_obtained":[]},{"damage_healed":0,"gold_gain":0,"cards_transformed":["ekkoTheBoyWhoShatteredTime:Strike"],"player_choice":"Transformed","damage_taken":0,"max_hp_gain":0,"max_hp_loss":0,"event_name":"Transmorgrifier","floor":39,"gold_loss":0,"cards_obtained":["ekkoTheBoyWhoShatteredTime:Backtrack"]},{"damage_healed":0,"gold_gain":0,"player_choice":"Gave Potion","damage_taken":0,"relics_obtained":["Guardian:PocketSentry"],"max_hp_gain":0,"max_hp_loss":0,"event_name":"WeMeetAgain","floor":42,"gold_loss":0}],"is_beta":false,"boss_relics":[{"not_picked":["halation:PinkAlligatorPlush","jesterMod:MachoBrace"],"picked":"jedi:paperlyon"},{"not_picked":["aspiration:RunicSpoon","halation:PlatinumPhoenix"],"picked":"conspire:SeveredTorchhead"}],"items_purged_floors":[30,53],"is_endless":false,"potions_floor_spawned":[4,5,6,12,13,18,19,21,24,28,38,41,45,48],"killed_by":"The Heart","ascension_level":1}}