{"host":"jx3f6ezc0g3s9edc","time":1609986737,"event":{"mods":["AchievementEnabler","BaseMod","Bestiary","Colored Map","Highlight Path","Minty Spire (QoL Compilation)","StSLib"],"gold_per_floor":[112,62,75,86,7,7,25,25,25,39,39,72,72,72,72,198,198,216,141,240,140,154,154,178,178,205,223,223,223,223],"floor_reached":29,"playtime":2270,"items_purged":["Strike_R","Strike_R"],"score":462,"play_id":"e0ccddd3-99bf-423a-8d11-20a16d4f1746","local_time":"20210106213217","is_ascension_mode":true,"campfire_choices":[{"data":"Bash","floor":6.0,"key":"SMITH"},{"data":"Rampage","floor":15.0,"key":"SMITH"},{"data":"Limit Break","floor":23,"key":"SMITH"},{"data":"Whirlwind","floor":28,"key":"SMITH"}],"circlet_count":0,"master_deck":["AscendersBane","Strike_R","Defend_R","Defend_R","Defend_R","Defend_R","Bash+1","Pommel Strike","Rampage+1","Evolve","Ghostly Armor","Parasite","Shrug It Off","Limit Break+1","Demon Form","Thunderclap","Heavy Blade","Whirlwind+1"],"relics":["Burning Blood","Incense Burner","Mango","Golden Idol","Philosopher\u0027s Stone","MutagenicStrength","Omamori"],"acts_visited":["Exordium","TheCity"],"potions_floor_usage":[22,22,27],"damage_taken":[{"damage":5.0,"enemies":"2 Louse","floor":1.0,"turns":3.0},{"damage":3.0,"enemies":"Jaw Worm","floor":3.0,"turns":5.0},{"damage":10.0,"enemies":"Small Slimes","floor":4.0,"turns":4.0},{"damage":20.0,"enemies":"3 Louse","floor":7.0,"turns":4.0},{"damage":2.0,"enemies":"Looter","floor":10.0,"turns":4.0},{"damage":9.0,"enemies":"Gremlin Nob","floor":12.0,"turns":4.0},{"damage":0.0,"enemies":"The Guardian","floor":16.0,"turns":13.0},{"damage":2.0,"enemies":"Spheric Guardian","floor":18.0,"turns":4.0},{"damage":29,"enemies":"2 Thieves","floor":22,"turns":5},{"damage":44,"enemies":"Snake Plant","floor":24,"turns":5},{"damage":13,"enemies":"Centurion and Healer","floor":27,"turns":7},{"damage":51,"enemies":"Slavers","floor":29,"turns":2}],"seed_played":"-6953163652956835963","potions_obtained":[{"floor":3.0,"key":"Strength Potion"},{"floor":10.0,"key":"Weak Potion"},{"floor":12.0,"key":"PowerPotion"},{"floor":16.0,"key":"AttackPotion"},{"floor":18.0,"key":"Energy Potion"},{"floor":24,"key":"BloodPotion"}],"is_trial":false,"path_per_floor":["M","?","M","M","$","R","M","?","T","M","?","E","?","?","R","B",null,"M","$","?","$","M","R","M","?","T","M","R","E"],"character_chosen":"IRONCLAD","items_purchased":["Evolve"],"campfire_rested":0,"item_purchase_floors":[5],"current_hp_per_floor":[81,81,84,80,80,80,66,88,88,88,88,99,94,94,94,94,94,94,94,94,94,71,71,33,33,33,44,44,0,0],"gold":223,"neow_bonus":"TEN_PERCENT_HP_BONUS","is_daily":false,"chose_seed":false,"campfire_upgraded":4,"win_rate":0.0,"timestamp":1609986737,"path_taken":["M","?","M","M","$","R","M","?","T","M","?","E","?","?","R","BOSS","M","$","?","$","M","R","M","?","T","M","R","E"],"items_purchased_type":["Card"],"build_version":"2020-12-22","purchased_purges":2,"victory":false,"max_hp_per_floor":[88,88,88,88,88,88,88,88,88,88,88,102,94,94,94,94,94,94,94,94,94,94,94,94,94,94,94,94,94,94],"card_choices":[{"not_picked":["Shrug It Off","Havoc"],"picked":"Pommel Strike","floor":1.0},{"not_picked":["Havoc","Reckless Charge","Anger"],"picked":"SKIP","floor":3.0},{"not_picked":["Warcry","Evolve"],"picked":"Rampage","floor":4.0},{"not_picked":["Iron Wave","Flex"],"picked":"Ghostly Armor","floor":7.0},{"not_picked":["Perfected Strike","Burning Pact"],"picked":"Shrug It Off","floor":10.0},{"not_picked":["Dark Embrace","Anger"],"picked":"Limit Break","floor":12.0},{"not_picked":["Reaper","Immolate"],"picked":"Demon Form","floor":16.0},{"not_picked":["Anger+1","Power Through"],"picked":"Thunderclap","floor":18.0},{"not_picked":["Sword Boomerang","Headbutt"],"picked":"Heavy Blade","floor":22},{"not_picked":["Havoc","Reckless Charge","Twin Strike"],"picked":"SKIP","floor":24},{"not_picked":["Body Slam","Armaments+1"],"picked":"Whirlwind","floor":27}],"player_experience":730426,"relics_obtained":[{"floor":9.0,"key":"Incense Burner"},{"floor":12.0,"key":"Mango"},{"floor":26,"key":"Omamori"}],"event_choices":[{"cards_removed":["Strike_R"],"damage_healed":0.0,"max_hp_gain":0.0,"max_hp_loss":0.0,"gold_gain":0.0,"event_name":"The Cleric","player_choice":"Card Removal","floor":2.0,"gold_loss":50.0,"damage_taken":0.0},{"damage_healed":22.0,"max_hp_gain":0.0,"max_hp_loss":0.0,"gold_gain":0.0,"event_name":"Mushrooms","player_choice":"Healed and dodged fight","floor":8.0,"gold_loss":0.0,"damage_taken":0.0,"cards_obtained":["Parasite"]},{"damage_healed":0.0,"max_hp_gain":0.0,"max_hp_loss":0.0,"gold_gain":0.0,"event_name":"Liars Game","player_choice":"Ignored","floor":11.0,"gold_loss":0.0,"damage_taken":0.0},{"damage_healed":0.0,"max_hp_gain":0.0,"max_hp_loss":8.0,"gold_gain":0.0,"event_name":"Golden Idol","player_choice":"Lose Max HP","floor":13.0,"gold_loss":0.0,"damage_taken":0.0,"relics_obtained":["Golden Idol"]},{"cards_removed":["Strike_R"],"damage_healed":0.0,"max_hp_gain":0.0,"max_hp_loss":0.0,"gold_gain":0.0,"event_name":"Living Wall","player_choice":"Forget","floor":14.0,"gold_loss":0.0,"damage_taken":0.0},{"damage_healed":0.0,"max_hp_gain":0.0,"max_hp_loss":0.0,"gold_gain":99.0,"event_name":"Nest","player_choice":"Stole From Cult","floor":20.0,"gold_loss":0.0,"damage_taken":0.0},{"damage_healed":0,"gold_gain":0,"player_choice":"Inject Mutagens","damage_taken":0,"relics_obtained":["MutagenicStrength"],"max_hp_gain":0,"max_hp_loss":0,"event_name":"Drug Dealer","floor":25,"gold_loss":0}],"is_beta":false,"boss_relics":[{"not_picked":["Runic Cube","Tiny House"],"picked":"Philosopher\u0027s Stone"}],"items_purged_floors":[19,21],"is_endless":false,"potions_floor_spawned":[3,10,12,16,18,24],"killed_by":"Slavers","ascension_level":11}}