{"host":"684z1xpuwaoqmmh1","time":1609988735,"event":{"mods":["BaseMod","Downfall","Hermit","Jorbs\u0027s Wanderer Trilogy","Marisa????????","Minty Spire (QoL Compilation)","StSLib","The Hierophant","The Mystic"],"gold_per_floor":[118,137,162,178,128,128,160,160,187,205,205,205,205,237,237,339,339,332,339,339],"floor_reached":19,"playtime":1131,"items_purged":[],"score":274,"play_id":"c3476e39-c503-401f-b286-cb8f9159e274","local_time":"20210107050535","is_ascension_mode":true,"campfire_choices":[{"data":"hermit:Scavenge","floor":6,"key":"SMITH"},{"data":"hermit:TakeAim","floor":8,"key":"SMITH"},{"floor":11,"key":"REST"},{"data":"hermit:HeroicBravado","floor":15,"key":"SMITH"}],"circlet_count":0,"master_deck":["AscendersBane","hermit:Strike_Hermit","hermit:Strike_Hermit","hermit:Strike_Hermit","hermit:Defend_Hermit","hermit:Defend_Hermit","hermit:Defend_Hermit","hermit:Snapshot","hermit:Covet","hermit:HeroicBravado+1","hermit:Scavenge+1","hermit:TakeAim+1","hermit:GhostlyPresence","hermit:Spite","hermit:Dive","hermit:GhostlyPresence","hermit:HeroicBravado","hermit:Misfire"],"relics":["hermit:Momento","Juzu Bracelet","Art of War","Nunchaku","SlaversCollar"],"acts_visited":["Exordium","TheCity"],"potions_floor_usage":[7,16,18],"damage_taken":[{"damage":0,"enemies":"Small Slimes","floor":1,"turns":3},{"damage":2,"enemies":"Cultist","floor":2,"turns":6},{"damage":2,"enemies":"Jaw Worm","floor":3,"turns":6},{"damage":1,"enemies":"Red Slaver","floor":4,"turns":6},{"damage":33,"enemies":"Gremlin Nob","floor":7,"turns":5},{"damage":1,"enemies":"Looter","floor":10,"turns":3},{"damage":8,"enemies":"Lagavulin","floor":14,"turns":13},{"damage":14,"enemies":"Slime Boss","floor":16,"turns":28},{"damage":15,"enemies":"2 Thieves","floor":18,"turns":4},{"damage":29,"enemies":"3 Byrds","floor":19,"turns":4}],"seed_played":"-8779000878756035963","potions_obtained":[{"floor":3,"key":"SteroidPotion"},{"floor":4,"key":"Dexterity Potion"},{"floor":7,"key":"hermit:Tonic"},{"floor":16,"key":"AttackPotion"}],"is_trial":false,"path_per_floor":["M","M","M","M","?","R","E","R","T","M","R","?","?","E","R","B",null,"M","M"],"character_chosen":"HERMIT","items_purchased":[],"campfire_rested":1,"item_purchase_floors":[],"current_hp_per_floor":[68,66,64,63,63,63,30,30,30,29,51,51,44,36,36,22,62,47,18,18],"gold":339,"neow_bonus":"THREE_RARE_CARDS","is_daily":false,"chose_seed":false,"campfire_upgraded":3,"win_rate":0.0,"timestamp":1609988735,"path_taken":["M","M","M","M","?","R","E","R","T","M","R","?","?","E","R","BOSS","M","M"],"items_purchased_type":[],"build_version":"2020-12-22","purchased_purges":0,"victory":false,"max_hp_per_floor":[75,75,75,75,75,75,75,75,75,75,75,75,75,75,75,75,75,75,75,75],"card_choices":[{"not_picked":["hermit:EternalForm","hermit:RoundhouseKick"],"picked":"hermit:HeroicBravado","floor":0},{"not_picked":["hermit:Desperado","hermit:Glare"],"picked":"hermit:Scavenge","floor":1},{"not_picked":["hermit:Vantage","hermit:Maintenance"],"picked":"hermit:TakeAim","floor":2},{"not_picked":["hermit:LuckOfTheDraw","hermit:Ricochet"],"picked":"hermit:GhostlyPresence","floor":3},{"not_picked":["hermit:ItchyTrigger","hermit:CalledShot"],"picked":"hermit:Spite","floor":4},{"not_picked":["hermit:DeadMansHand","hermit:TakeAim","hermit:TrackingShot"],"picked":"SKIP","floor":7},{"not_picked":["hermit:Quickdraw","hermit:Snipe"],"picked":"hermit:Dive","floor":10},{"not_picked":["hermit:LowProfile","hermit:Spite"],"picked":"hermit:GhostlyPresence","floor":14},{"not_picked":["hermit:Purgatory","hermit:EternalForm"],"picked":"hermit:HeroicBravado","floor":16},{"not_picked":["hermit:Roulette+1","hermit:Grudge"],"picked":"hermit:Misfire","floor":18}],"player_experience":2402074,"relics_obtained":[{"floor":7,"key":"Juzu Bracelet"},{"floor":9,"key":"Art of War"},{"floor":14,"key":"Nunchaku"}],"event_choices":[{"cards_removed":["hermit:Defend_Hermit"],"damage_healed":0,"gold_gain":0,"player_choice":"Card Removal","damage_taken":0,"max_hp_gain":0,"max_hp_loss":0,"event_name":"The Cleric","floor":5,"gold_loss":50},{"cards_removed":["hermit:Strike_Hermit"],"damage_healed":0,"gold_gain":0,"player_choice":"Purged","damage_taken":0,"max_hp_gain":0,"max_hp_loss":0,"event_name":"Purifier","floor":12,"gold_loss":0},{"cards_removed":["Shame"],"damage_healed":0,"gold_gain":0,"player_choice":"Card Removal","damage_taken":7,"max_hp_gain":0,"max_hp_loss":0,"event_name":"Golden Wing","floor":13,"gold_loss":0}],"is_beta":false,"boss_relics":[{"not_picked":["hermit:DentedPlate","hermit:ClaspedLocket"],"picked":"SlaversCollar"}],"items_purged_floors":[],"is_endless":false,"potions_floor_spawned":[3,4,7,16],"killed_by":"3 Byrds","ascension_level":11}}