{"host":"7k7fhzlbqzyu5ijh","time":1609983860,"event":{"mods":["AchievementEnabler","BaseMod","Bestiary","Colored Powertips","Filter the Spire","Highlight Path","Minty Spire (QoL Compilation)","Potion Indicator Mod","RNG Fix","Relic Stats"],"gold_per_floor":[119,135,154,229,4,21,21,49,49,61,72,72,72],"floor_reached":12,"playtime":562,"items_purged":["Strike_B"],"score":103,"play_id":"1c2f040a-e3b5-4272-9dfe-97682a1ff3f5","local_time":"20210106204420","is_ascension_mode":true,"campfire_choices":[{"data":"Zap","floor":7.0,"key":"SMITH"}],"circlet_count":0,"master_deck":["Strike_B","Strike_B","Strike_B","Defend_B","Defend_B","Defend_B","Defend_B","Zap+1","Dualcast","Gash","Rip and Tear","Darkness","Rebound","Cold Snap","Creative AI","Leap"],"relics":["Cracked Core","Bag of Preparation","Mummified Hand","Symbiotic Virus"],"acts_visited":["Exordium"],"potions_floor_usage":[12],"damage_taken":[{"damage":2.0,"enemies":"Jaw Worm","floor":1.0,"turns":3.0},{"damage":7.0,"enemies":"Small Slimes","floor":2.0,"turns":3.0},{"damage":0.0,"enemies":"Cultist","floor":3.0,"turns":2.0},{"damage":6.0,"enemies":"3 Louse","floor":6.0,"turns":3.0},{"damage":17.0,"enemies":"Gremlin Nob","floor":8.0,"turns":4.0},{"damage":4.0,"enemies":"Red Slaver","floor":10.0,"turns":2.0},{"damage":14.0,"enemies":"Exordium Thugs","floor":11.0,"turns":4.0},{"damage":27,"enemies":"3 Sentries","floor":12,"turns":5}],"seed_played":"-2503308110171726031","potions_obtained":[{"floor":0.0,"key":"PotionOfCapacity"},{"floor":0.0,"key":"Regen Potion"},{"floor":0.0,"key":"FearPotion"},{"floor":10.0,"key":"Strength Potion"}],"is_trial":false,"path_per_floor":["M","M","M","?","$","M","R","E","T","M","M","E"],"character_chosen":"DEFECT","items_purchased":["Bag of Preparation"],"campfire_rested":0,"item_purchase_floors":[5],"current_hp_per_floor":[73,66,66,55,55,49,49,44,44,40,26,0,0],"gold":72,"neow_bonus":"THREE_SMALL_POTIONS","is_daily":false,"chose_seed":false,"campfire_upgraded":1,"win_rate":0.0,"timestamp":1609983860,"path_taken":["M","M","M","?","$","M","R","E","T","M","M","E"],"items_purchased_type":["Relic"],"build_version":"2020-12-22","purchased_purges":1,"victory":false,"max_hp_per_floor":[75,75,75,75,75,75,75,75,75,75,75,75,75],"relic_stats":{"counters":[8,26],"Mummified Hand":[4],"Bag of Preparation":[10],"obtain_stats":[{"Mummified Hand":8,"Bag of Preparation":5,"Cracked Core":0,"Symbiotic Virus":9},{"Mummified Hand":5,"Bag of Preparation":3,"Cracked Core":0,"Symbiotic Virus":5},{"Mummified Hand":15,"Bag of Preparation":8,"Cracked Core":0,"Symbiotic Virus":15}]},"card_choices":[{"not_picked":["Compile Driver","Turbo"],"picked":"Gash","floor":1.0},{"not_picked":["Turbo","Chill"],"picked":"Rip and Tear","floor":2.0},{"not_picked":["Meteor Strike","Turbo"],"picked":"Darkness","floor":3.0},{"not_picked":["Steam","Stack"],"picked":"Rebound","floor":6.0},{"not_picked":["Leap","Go for the Eyes"],"picked":"Cold Snap","floor":8.0},{"not_picked":["Beam Cell","Coolheaded"],"picked":"Creative AI","floor":10.0},{"not_picked":["Cold Snap","Recycle"],"picked":"Leap","floor":11.0}],"player_experience":380294,"relics_obtained":[{"floor":8.0,"key":"Mummified Hand"},{"floor":9.0,"key":"Symbiotic Virus"}],"event_choices":[{"damage_healed":0.0,"max_hp_gain":0.0,"max_hp_loss":0.0,"gold_gain":75.0,"event_name":"World of Goop","player_choice":"Gather Gold","floor":4.0,"gold_loss":0.0,"damage_taken":11.0}],"is_beta":false,"boss_relics":[],"items_purged_floors":[5],"is_endless":false,"potions_floor_spawned":[1,6,10],"killed_by":"3 Sentries","ascension_level":5}}