{"host":"ig7tc0uedzltt2sr","time":1609991098,"event":{"mods":["BaseMod","Better Twitch Integration","Block Reminder","Colored Map","Colored Powertips","Communication Mod","Current Relic Mod","GifTheSpireLib","HexUI Lib","Minty Spire (QoL Compilation)","Quick Restart","Random Character Button","Rare Cards Sparkle","Relic Sorter","Relic Stats","Slay the Relics Exporter","StSLib","SuperFastMode","Synergy Search","Twitch Decklist","Twitch Utils","everything is the same but u backflip on backflip","slay the spire mod where everything is the same but ironclad has a cowboy hat"],"gold_per_floor":[113,113,132,144,160,174,187,187,187],"floor_reached":8,"playtime":59,"items_purged":[],"score":52,"play_id":"2a331423-a3ca-4bda-a59a-382906a2c831","local_time":"20210106194458","is_ascension_mode":false,"campfire_choices":[],"circlet_count":0,"master_deck":["Strike_R","Strike_R","Strike_R","Strike_R","Strike_R","Defend_R","Defend_R","Defend_R","Defend_R","Bash","Rampage","Armaments","Sever Soul","Reckless Charge","Rampage","Carnage"],"relics":["Burning Blood","NeowsBlessing"],"acts_visited":["Exordium"],"potions_floor_usage":[],"damage_taken":[{"damage":0,"enemies":"2 Louse","floor":1,"turns":2},{"damage":0,"enemies":"Jaw Worm","floor":3,"turns":1},{"damage":0,"enemies":"Cultist","floor":4,"turns":1},{"damage":17,"enemies":"2 Fungi Beasts","floor":5,"turns":6},{"damage":45,"enemies":"Exordium Thugs","floor":6,"turns":9},{"damage":8,"enemies":"Exordium Wildlife","floor":7,"turns":5},{"damage":49,"enemies":"Gremlin Nob","floor":8,"turns":4}],"seed_played":"6104822691944404403","potions_obtained":[{"floor":3,"key":"SpeedPotion"},{"floor":4,"key":"SteroidPotion"},{"floor":7,"key":"SkillPotion"}],"is_trial":false,"path_per_floor":["M","?","M","M","M","M","M","E"],"character_chosen":"IRONCLAD","items_purchased":[],"campfire_rested":0,"item_purchase_floors":[],"current_hp_per_floor":[80,80,80,80,69,30,28,0,0],"gold":187,"neow_bonus":"THREE_ENEMY_KILL","is_daily":false,"chose_seed":false,"campfire_upgraded":0,"win_rate":0.0,"timestamp":1609991098,"path_taken":["M","?","M","M","M","M","M","E"],"items_purchased_type":[],"build_version":"2020-12-22","purchased_purges":0,"victory":false,"max_hp_per_floor":[80,80,80,80,80,80,80,80,80],"relic_stats":{"counters":[7,28],"obtain_stats":[{"NeowsBlessing":0,"Burning Blood":0},{"NeowsBlessing":0,"Burning Blood":0},{"NeowsBlessing":0,"Burning Blood":0}],"Burning Blood":18},"card_choices":[{"not_picked":["Shrug It Off","Battle Trance"],"picked":"Rampage","floor":1},{"not_picked":["Flame Barrier","Thunderclap"],"picked":"Armaments","floor":3},{"not_picked":["Burning Pact","Flame Barrier"],"picked":"Sever Soul","floor":4},{"not_picked":["Spot Weakness","Perfected Strike"],"picked":"Reckless Charge","floor":5},{"not_picked":["Flex","Warcry"],"picked":"Rampage","floor":6},{"not_picked":["Power Through","Clash"],"picked":"Carnage","floor":7}],"player_experience":1443754,"relics_obtained":[],"event_choices":[{"damage_healed":26,"gold_gain":0,"player_choice":"Banana","damage_taken":0,"max_hp_gain":0,"max_hp_loss":0,"event_name":"Big Fish","floor":2,"gold_loss":0}],"is_beta":false,"boss_relics":[],"items_purged_floors":[],"is_endless":false,"potions_floor_spawned":[3,4,7],"killed_by":"Gremlin Nob","ascension_level":0}}