{"host":"bg0cyinkrjnqf173","time":1609985448,"event":{"mods":["Aspiration","BaseMod","Beaked The Cultist","Better Third Choice","BetterRewards","Colored Map","Conspire","Custom Start","Defuse TimeMaze Blight","Displayed Cursed Tome","Googly Eyes","Halation","Hermit","Hubris","Infinite Spire","Jedi Mod","Minty Spire (QoL Compilation)","Permanent Neow","Quick Restart","Rare Cards Sparkle","Relic Sorter","Replay The Spire","Shop Mod","Spicy Shops","Spikes Relics","StSLib","The Bladedancer","The Construct","The Valiant","Uncapped"],"gold_per_floor":[112,112,127,140,153,180,196,211,211,211,211,13,13,48,48,144,144,159,132,132,151,151,176,176,210,260,281,281,281,304,320,320,424,424,450,459,478,478,20,60,60,105,130,130,157,182,224,224,224,324,324,341,341,364,373,397,421,444,444,490,565,587,587,537,576,576,672,672,684,375,397,397,412,412,448,457,457,457,478,491,507,507,507,611,620,629,629,629,629,639,680,680,684,684,684,684,705,714,733,733,818,818,835,835,849,858,875,901,914,914,937,951,951,951,971,663,663,753,753,771,792,761,761,761,792,543,568,568,605,616,625,476,513,522,617,617,644,644,641,650,647,647,684,706,706,710,752,274,283,291,291,379,379,379,86,104,196],"floor_reached":158,"playtime":9814,"items_purged":["Strike_R"],"score":4874,"play_id":"cba1dda1-c280-4711-bac0-4b795e9a7d2f","local_time":"20210106211048","is_ascension_mode":true,"campfire_choices":[{"data":"Heavy Blade","floor":13.0,"key":"SMITH"},{"data":"jedi:strikingstrike","floor":15.0,"key":"SMITH"},{"data":"Spot Weakness","floor":24.0,"key":"SMITH"},{"data":"Massacre","floor":29.0,"key":"SMITH"},{"data":"Hemogenesis","floor":32.0,"key":"SMITH"},{"data":"Demon Form","floor":41.0,"key":"SMITH"},{"floor":44.0,"key":"REST"},{"data":"hubris:Fate","floor":49.0,"key":"SMITH"},{"data":"Replay:Fractal Strike","floor":59.0,"key":"SMITH"},{"data":"jedi:fear","floor":63.0,"key":"SMITH"},{"data":"jedi:fear","floor":66.0,"key":"SMITH"},{"data":"Whirlwind","floor":74.0,"key":"SMITH"},{"data":"jedi:MakeshiftSword","floor":78.0,"key":"SMITH"},{"data":"Whirlwind","floor":83.0,"key":"SMITH"},{"data":"ReplayTheSpireMod:Haul","floor":92.0,"key":"SMITH"},{"data":"jedi:strikingstrike","floor":96.0,"key":"SMITH"},{"data":"Anger","floor":100.0,"key":"SMITH"},{"data":"Heavy Blade","floor":110.0,"key":"SMITH"},{"data":"Invigoration","floor":117.0,"key":"SMITH"},{"data":"jedi:strikingstrike","floor":154.0,"key":"SMITH"}],"circlet_count":0,"master_deck":["Strike_R+2","Defend_R","Defend_R","Defend_R+1","Defend_R","Bash+1","ReplayTheSpireMod:Stacked","Anger+1","Dropkick","Replay:Undeath\u0027s Touch","Spot Weakness+1","Sword Boomerang","Shrug It Off","Parasite","Heavy Blade+1","jedi:strikingstrike+1","jedi:strikingstrike+1","hubris:ReadiedAction","Shrug It Off+1","Twin Strike","jedi:fear+1","Massacre+1","Demon Form+1","Heavy Blade+1","Dark Embrace","jedi:fear+1","hubris:Fate+1","Heavy Blade+1","Shrug It Off+1","infinitespire:OneForAll+1","Flame Barrier+1","Heavy Blade","Replay:Undeath\u0027s Touch","Replay:Fractal Strike+1","Flame Barrier","conspire:Charge","jedi:fear+1","Clothesline","jedi:harder","jedi:fear","Whirlwind+1","Run Through+1","Whirlwind+1","Offering","jedi:MakeshiftSword+1","jedi:strikingstrike","ReplayTheSpireMod:Haul+1","ReplayTheSpireMod:Limb From Limb+1","Pommel Strike","infinitespire:Punishment","jedi:fear+1","Offering","Shrug It Off","jedi:MakeshiftSword","Invigoration+1","Heavy Blade+1","Shrug It Off+1","Flex","ReplayTheSpireMod:Prepare the Ceremony","Crescendo","Intimidate","beaked:MimicMachine","beaked:Caw","beaked:Flinch","infinitespire:OneForAll","Flex","Inflame+1","hubris:SharpeningStone+1","Heavy Blade","Replay:Fractal Strike","hubris:Fate","jedi:strikingstrike+1","Havoc","BarbarianYell","jedi:hate+1","Pommel Strike","Life Link","Life Link","Ghostly Armor+1","Limit Break"],"relics":["Burning Blood","hubris:Icosahedron","Question Card","halation:PromiseList","Whetstone","Replay:Baseball","SpikesRelics:ToyHorsey","Philosopher\u0027s Stone","jedi:cryingmask","Potion Belt","CeramicFish","Gremlin Horn","ChewingGum","Brimstone","Pen Nib","Bag of Marbles","Nunchaku","ReplayTheSpireMod:Spearhead","halation:LettersToHer","Dream Catcher","SlaversCollar","Bag of Preparation","Toy Ornithopter","Omamori","MerchantsRug","infinitespire:Lucky Rock","Blue Candle","Replay:Bottled Steam","hubris:64BitClover","jedi:purplefairy","Mark of Pain","halation:EternalFortune","Incense Burner","halation:BottledLove","Juzu Bracelet","halation:PinkAlligatorPlush","hubris:Backtick","Chemical X","Strawberry","PreservedInsect","hubris:DisguiseKit","Odd Mushroom","infinitespire:CursedDice","Blue Doll","hubris:HollowSoul","MutagenicStrength","Simple Rune","Lantern","jedi:archwizardhat","ShockBauble","conspire:Dentures","BrokenLever","Anchor","Red Mask","aspiration:RitualDagger","ReplayTheSpireMod:Ring of Collecting","Ring of Searing","aspiration:ArtOfWarUpgrade","jedi:kaleidoscope","Ring of Peace","ReplayTheSpireMod:Shallot","conspire:BottledYoYo","Sandwich","BargainBundle","hubris:SlimyHat","Red Skull"],"acts_visited":["Exordium","TheCity","TheBeyond","Exordium","TheCity","TheBeyond","Exordium","TheCity","TheBeyond","TheEnding"],"potions_floor_usage":[157,157,157,157,157],"damage_taken":[{"damage":10.0,"enemies":"Small Slimes","floor":1.0,"turns":4.0},{"damage":10.0,"enemies":"infinitespire:Voidling","floor":3.0,"turns":4.0},{"damage":6.0,"enemies":"Jaw Worm","floor":4.0,"turns":4.0},{"damage":9.0,"enemies":"2 Fungi Beasts","floor":5.0,"turns":3.0},{"damage":40.0,"enemies":"Lagavulin","floor":6.0,"turns":7.0},{"damage":10.0,"enemies":"Looter","floor":7.0,"turns":3.0},{"damage":9.0,"enemies":"Gremlin Gang","floor":8.0,"turns":3.0},{"damage":9.0,"enemies":"3 Sentries","floor":14.0,"turns":3.0},{"damage":17.0,"enemies":"Hexaghost","floor":16.0,"turns":5.0},{"damage":15.0,"enemies":"3 Byrds","floor":18.0,"turns":4.0},{"damage":7.0,"enemies":"conspire:FuzzyDice","floor":21.0,"turns":3.0},{"damage":0.0,"enemies":"Replay:Snechameleon","floor":23.0,"turns":2.0},{"damage":19.0,"enemies":"Gremlin Leader","floor":25.0,"turns":4.0},{"damage":0.0,"enemies":"Snecko","floor":27.0,"turns":2.0},{"damage":8.0,"enemies":"Snake Plant","floor":30.0,"turns":2.0},{"damage":5.0,"enemies":"conspire:HollyBat","floor":31.0,"turns":7.0},{"damage":35.0,"enemies":"Champ","floor":33.0,"turns":7.0},{"damage":13.0,"enemies":"3 Darklings","floor":35.0,"turns":3.0},{"damage":0.0,"enemies":"Orb Walker","floor":37.0,"turns":2.0},{"damage":24.0,"enemies":"Nemesis","floor":40.0,"turns":3.0},{"damage":46.0,"enemies":"Nightmare","floor":42.0,"turns":4.0},{"damage":0.0,"enemies":"Transient","floor":45.0,"turns":5.0},{"damage":0.0,"enemies":"Spire Growth","floor":46.0,"turns":2.0},{"damage":0.0,"enemies":"R_Hoarder","floor":47.0,"turns":2.0},{"damage":37.0,"enemies":"conspire:OrnateMirror","floor":50.0,"turns":4.0},{"damage":0.0,"enemies":"Cultist","floor":52.0,"turns":1.0},{"damage":0.0,"enemies":"2 Louse","floor":54.0,"turns":1.0},{"damage":0.0,"enemies":"Small Slimes","floor":56.0,"turns":1.0},{"damage":0.0,"enemies":"Lagavulin","floor":57.0,"turns":1.0},{"damage":0.0,"enemies":"Blue Slaver","floor":58.0,"turns":1.0},{"damage":0.0,"enemies":"3 Louse","floor":62.0,"turns":1.0},{"damage":0.0,"enemies":"Gremlin Nob","floor":65.0,"turns":1.0},{"damage":0.0,"enemies":"Hexaghost","floor":67.0,"turns":2.0},{"damage":0.0,"enemies":"2 Thieves","floor":69.0,"turns":1.0},{"damage":0.0,"enemies":"Shell Parasite","floor":71.0,"turns":1.0},{"damage":0.0,"enemies":"Shelled Parasite and Fungi","floor":73.0,"turns":2.0},{"damage":0.0,"enemies":"Book of Stabbing","floor":75.0,"turns":1.0},{"damage":0.0,"enemies":"Gremlin Leader","floor":79.0,"turns":1.0},{"damage":0.0,"enemies":"Snake Plant","floor":80.0,"turns":1.0},{"damage":0.0,"enemies":"conspire:Head Lice","floor":81.0,"turns":2.0},{"damage":0.0,"enemies":"hubris:MusketHawk","floor":84.0,"turns":1.0},{"damage":0.0,"enemies":"Orb Walker","floor":86.0,"turns":1.0},{"damage":37.0,"enemies":"3 Shapes","floor":90.0,"turns":2.0},{"damage":0.0,"enemies":"Nemesis","floor":91.0,"turns":1.0},{"damage":45.0,"enemies":"Maw","floor":93.0,"turns":3.0},{"damage":6.0,"enemies":"Writhing Mass","floor":97.0,"turns":2.0},{"damage":0.0,"enemies":"4 Shapes","floor":99.0,"turns":1.0},{"damage":67.0,"enemies":"Donu and Deca","floor":101.0,"turns":3.0},{"damage":2.0,"enemies":"Cultist","floor":103.0,"turns":1.0},{"damage":2.0,"enemies":"Small Slimes","floor":105.0,"turns":1.0},{"damage":2.0,"enemies":"2 Louse","floor":107.0,"turns":1.0},{"damage":4.0,"enemies":"Replay:BlueRogue","floor":108.0,"turns":2.0},{"damage":2.0,"enemies":"Looter","floor":109.0,"turns":1.0},{"damage":2.0,"enemies":"3 Louse","floor":112.0,"turns":1.0},{"damage":2.0,"enemies":"The Mushroom Lair","floor":115.0,"turns":1.0},{"damage":3.0,"enemies":"The Guardian","floor":118.0,"turns":2.0},{"damage":2.0,"enemies":"Chosen","floor":120.0,"turns":1.0},{"damage":8.0,"enemies":"conspire:FuzzyDice","floor":121.0,"turns":1.0},{"damage":92.0,"enemies":"conspire:HollyBat","floor":122.0,"turns":5.0},{"damage":0.0,"enemies":"conspire:SneckoGhost","floor":125.0,"turns":1.0},{"damage":0.0,"enemies":"Book of Stabbing","floor":127.0,"turns":1.0},{"damage":0.0,"enemies":"Slavers","floor":129.0,"turns":1.0},{"damage":1.0,"enemies":"Centurion and Healer","floor":130.0,"turns":1.0},{"damage":0.0,"enemies":"Masked Bandits","floor":133.0,"turns":1.0},{"damage":0.0,"enemies":"hubris:MusketHawk","floor":135.0,"turns":1.0},{"damage":3.0,"enemies":"3 Shapes","floor":137.0,"turns":1.0},{"damage":9.0,"enemies":"3 Darklings","floor":139.0,"turns":1.0},{"damage":21.0,"enemies":"Transient","floor":141.0,"turns":5.0},{"damage":3.0,"enemies":"Reptomancer","floor":143.0,"turns":1.0},{"damage":3.0,"enemies":"Sphere and 2 Shapes","floor":144.0,"turns":1.0},{"damage":1.0,"enemies":"Writhing Mass","floor":146.0,"turns":1.0},{"damage":0.0,"enemies":"Nemesis","floor":147.0,"turns":1.0},{"damage":0.0,"enemies":"Maw","floor":150.0,"turns":1.0},{"damage":22.0,"enemies":"hubris:GrandSnecko","floor":152.0,"turns":3.0},{"damage":14.0,"enemies":"Shield and Spear","floor":156.0,"turns":2.0},{"damage":157,"enemies":"The Heart","floor":157,"turns":3}],"seed_played":"1907669493714503102","potions_obtained":[{"floor":6.0,"key":"GamblersBrew"},{"floor":8.0,"key":"Elixir"},{"floor":16.0,"key":"SkillPotion"},{"floor":30.0,"key":"Energy Potion"},{"floor":31.0,"key":"Block Potion"},{"floor":35.0,"key":"Ancient Potion"},{"floor":40.0,"key":"DuplicationPotion"},{"floor":50.0,"key":"Reflective Coating"},{"floor":101.0,"key":"Elixir"}],"is_trial":false,"path_per_floor":["M","?","M","M","M","E","M","M","T","?","?","$","R","E","R","B",null,"M","$","?","M","?","E","R","E","T","M","T","R","M","M","R","B",null,"M","?","M","?","$","E","R","NM","T","R","M","M","E","$","R","B",null,"M","?","M","AVR","M","E","M","R","T","?","M","R","?","E","R","B",null,"M","$","M","?","M","R","E","?","T","R","E","M","E","$","R","B",null,"M","?","?","?","M","E","R","M","T","?","R","M","AVR","M","R","B",null,"M","AVR","M","?","M","E","M","R","T","M","?","T","?","$","R","B",null,"M","M","M","?","AVR","E","$","E","T","E","M","?","$","?","R_BF","B",null,"M","?","M","?","M","R","E","M","T","M","E","?","AVR","M","R_BF","B",null,"R","$","E","B",null],"character_chosen":"IRONCLAD","items_purchased":["Replay:Baseball","Heavy Blade","Shrug It Off","Brimstone","Pen Nib","Bag of Marbles","MerchantsRug","infinitespire:Lucky Rock","Whirlwind","infinitespire:CursedDice","jedi:archwizardhat","Anchor","BargainBundle","Havoc","BarbarianYell","jedi:hate+1","Pommel Strike","Life Link","hubris:SlimyHat"],"campfire_rested":1,"item_purchase_floors":[12,12,19,39,39,39,70,70,70,116,126,132,155,155,155,155,155,155,155],"current_hp_per_floor":[76,76,72,72,69,35,31,28,28,28,48,48,48,45,45,34,80,71,71,65,64,72,78,78,65,65,71,71,71,69,70,70,49,80,73,73,79,76,76,66,66,26,26,48,54,60,66,66,66,35,76,76,69,75,75,76,76,76,76,76,65,71,71,71,76,76,76,76,76,76,76,76,76,76,76,76,76,76,76,76,76,76,76,76,76,76,79,79,79,48,54,64,25,25,69,69,69,69,69,69,9,69,69,69,69,69,69,76,76,76,76,76,76,76,76,76,76,76,76,76,74,76,76,76,76,76,76,76,76,76,76,76,76,76,76,76,79,79,79,79,64,64,67,70,70,75,84,84,84,85,85,69,85,85,85,77,85],"gold":196,"neow_bonus":"RANDOM_COLORLESS","is_daily":false,"chose_seed":false,"campfire_upgraded":19,"win_rate":0.0,"timestamp":1609985448,"path_taken":["M","?","M","M","M","E","?","M","T","?","?","$","R","E","R","BOSS","M","$","?","?","?","E","R","E","T","M","?","R","?","?","R","BOSS","M","?","?","?","?","E","R","NM","T","R","M","M","E","$","R","BOSS","M","?","M","AVR","M","E","M","R","T","?","M","R","?","E","R","BOSS","M","$","M","?","M","R","E","?","T","R","E","?","E","$","R","BOSS","M","?","?","?","?","E","R","M","T","?","R","M","AVR","M","R","BOSS","M","AVR","M","?","M","E","M","R","T","M","?","?","?","$","R","BOSS","M","M","M","?","AVR","E","$","E","T","E","M","?","?","?","R_BF","BOSS","M","?","M","?","M","R","E","M","T","M","E","?","AVR","M","R_BF","BOSS","R","$","E","BOSS"],"items_purchased_type":["Relic","Card","Card","Relic","Relic","Relic","Relic","Relic","Card","Relic","Relic","Relic","Relic","Card","Card","Card","Card","Card","Relic"],"build_version":"2020-12-22","purchased_purges":1,"victory":true,"max_hp_per_floor":[80,80,80,80,80,80,80,80,80,80,80,80,80,80,80,80,80,80,80,80,80,80,80,80,80,80,80,80,80,80,80,80,80,80,80,80,80,76,76,76,76,76,76,76,76,76,76,76,76,76,76,76,76,76,76,76,76,76,76,76,76,76,76,76,76,76,76,76,76,76,76,76,76,76,76,76,76,76,76,76,76,76,76,76,76,76,79,79,79,79,79,79,79,79,69,69,69,69,69,69,69,69,69,69,69,69,69,76,76,76,76,76,76,76,76,76,76,76,76,76,76,76,76,76,76,76,76,76,76,76,76,76,76,76,76,76,79,79,82,82,82,82,82,82,82,82,85,85,85,85,85,85,85,85,85,85,85],"card_choices":[{"not_picked":["Good Instincts","Trip"],"picked":"jedi:forcepush","floor":0.0},{"not_picked":["Anger","ReplayReversal"],"picked":"ReplayTheSpireMod:Stacked","floor":1.0},{"not_picked":["ReplayTheSpireMod:LeadingStrike","Seeing Red","Rupture"],"picked":"Anger","floor":3.0},{"not_picked":["Armaments","Iron Wave","Pommel Strike"],"picked":"Dropkick","floor":4.0},{"not_picked":["Run Through","ReplayTheSpireMod:Corrosion Curse","Dual Wield"],"picked":"Replay:Undeath\u0027s Touch","floor":5.0},{"not_picked":["Havoc","Heavy Blade","hubris:CleavingFinish"],"picked":"Spot Weakness","floor":6.0},{"not_picked":["Body Slam","Shockwave","True Grit"],"picked":"Sword Boomerang","floor":7.0},{"not_picked":["ReplayTheSpireMod:Muscle Training","Entrench","Clash"],"picked":"Shrug It Off","floor":8.0},{"not_picked":["Twin Strike","Invigoration","ReplayTheSpireMod:Corrosion Curse"],"picked":"jedi:strikingstrike","floor":14.0},{"not_picked":["Fiend Fire","jedi:bloodyhammer","Berserk"],"picked":"jedi:strikingstrike","floor":16.0},{"not_picked":["Headbutt","Uppercut","Abandon"],"picked":"hubris:ReadiedAction","floor":18.0},{"not_picked":["Run Through","Massacre","Power Through"],"picked":"Twin Strike","floor":21.0},{"not_picked":["Abandon+1","Body Slam","Havoc"],"picked":"jedi:fear","floor":23.0},{"not_picked":["Intimidate","Body Slam+1","hubris:ReadiedAction","Rupture"],"picked":"SKIP","floor":25.0},{"not_picked":["Headbutt","Sword Boomerang","Havoc+1"],"picked":"Massacre","floor":27.0},{"not_picked":["Replay:Undeath\u0027s Touch","Armaments","Clash"],"picked":"Hemogenesis","floor":30.0},{"not_picked":["Clash+1","Headbutt","Armaments","Sword Boomerang+1"],"picked":"SKIP","floor":31.0},{"not_picked":["Hemogenesis","Corruption","Barricade"],"picked":"Demon Form","floor":33.0},{"not_picked":["jedi:MakeshiftSword","Dark Embrace+1","Replay:Undeath\u0027s Touch"],"picked":"Heavy Blade+1","floor":35.0},{"not_picked":["Clash","True Grit","Dark Embrace+1","Armaments"],"picked":"SKIP","floor":37.0},{"not_picked":["Clash","True Grit","Dark Embrace+1","Armaments"],"picked":"SKIP","floor":37.0},{"not_picked":["Perfected Strike","Shrug It Off+1","Flex"],"picked":"jedi:fear+1","floor":40.0},{"not_picked":["ReplayTheSpireMod:Echoes of Time","infinitespire:FinalStrike"],"picked":"hubris:Fate","floor":42.0},{"not_picked":["Sever Soul+1","Sword Boomerang","Warcry"],"picked":"Heavy Blade+1","floor":42.0},{"not_picked":["Headbutt","Sword Boomerang","Uppercut"],"picked":"Shrug It Off+1","floor":45.0},{"not_picked":["hubris:ReadiedAction","ReplayTheSpireMod:Strike From Hell+1","Headbutt+1"],"picked":"infinitespire:OneForAll+1","floor":46.0},{"not_picked":["Entrench","conspire:ExplosiveBarrier+1","Defy Death+1"],"picked":"Flame Barrier+1","floor":47.0},{"not_picked":["Pommel Strike","Shrug It Off","Dual Wield"],"picked":"Heavy Blade","floor":52.0},{"not_picked":["Seeing Red","Clothesline","Sword Boomerang"],"picked":"Replay:Undeath\u0027s Touch","floor":54.0},{"not_picked":["Seeing Red","Rampage","Sword Boomerang"],"picked":"Flame Barrier","floor":56.0},{"not_picked":["Warcry","Sever Soul","Run Through","Body Slam"],"picked":"SKIP","floor":57.0},{"not_picked":["Run Through","Perfected Strike","Power Through"],"picked":"conspire:Charge","floor":58.0},{"not_picked":["True Grit","Ghostly Armor","ReplayTheSpireMod:Limb From Limb"],"picked":"jedi:fear","floor":62.0},{"not_picked":["Seeing Red","Entrench","Blood for Blood"],"picked":"Clothesline","floor":65.0},{"not_picked":["conspire:HitWhereItHurts","Exhume","jedi:strikingstrike"],"picked":"jedi:harder","floor":67.0},{"not_picked":["Havoc","Body Slam","Run Through+1"],"picked":"jedi:fear","floor":69.0},{"not_picked":["Iron Wave","Reckless Charge+1","Intimidate+1"],"picked":"Run Through+1","floor":71.0},{"not_picked":["Replay:Undeath\u0027s Touch+1","Uppercut","Rupture"],"picked":"Whirlwind","floor":73.0},{"not_picked":["Combust+1","Cleave","ReplayReversal"],"picked":"Offering","floor":75.0},{"not_picked":["Thunderclap","hubris:ReadiedAction","Iron Wave+1","Replay:Undeath\u0027s Touch"],"picked":"SKIP","floor":79.0},{"not_picked":["jedi:hate","Iron Wave","ReplayTheSpireMod:Strike From Hell+1","Pommel Strike+1"],"picked":"SKIP","floor":80.0},{"not_picked":["Perfected Strike","Absolvement","Iron Wave+1","ReplayTheSpireMod:LeadingStrike"],"picked":"SKIP","floor":81.0},{"not_picked":["Corruption","conspire:Purge","Hemogenesis"],"picked":"jedi:strikingstrike","floor":84.0},{"not_picked":["ReplayTheSpireMod:Black Plague","infinitespire:DeathsTouch"],"picked":"ReplayTheSpireMod:Haul","floor":85.0},{"not_picked":["Searing Blow+1","Sentinel+1","Metallicize+1","Twin Strike+1"],"picked":"SKIP","floor":86.0},{"not_picked":["Spot Weakness","Sword Boomerang+1","Wild Strike","Twin Strike+1"],"picked":"SKIP","floor":90.0},{"not_picked":["Cleave","ReplayTheSpireMod:Corrosion Curse+1","Combust+1"],"picked":"ReplayTheSpireMod:Limb From Limb+1","floor":91.0},{"not_picked":["Havoc+1","Flex+1","Warcry","Feel No Pain"],"picked":"SKIP","floor":93.0},{"not_picked":["Havoc+1","Thunderclap+1","Abandon"],"picked":"Pommel Strike","floor":97.0},{"not_picked":["Headbutt+1","Run Through","jedi:bloodyhammer"],"picked":"jedi:fear+1","floor":99.0},{"not_picked":["conspire:Purge","Immolate","Eclipse"],"picked":"Offering","floor":101.0},{"not_picked":["Run Through","Anger","Burning Pact"],"picked":"Shrug It Off","floor":103.0},{"not_picked":["hubris:SharpeningStone","Perfected Strike","Life Link","Headbutt"],"picked":"SKIP","floor":105.0},{"not_picked":["Thunderclap","Hemogenesis","jedi:fear"],"picked":"Invigoration","floor":107.0},{"not_picked":["Sword Boomerang","Pommel Strike","ReplayTheSpireMod:Strike From Hell"],"picked":"Heavy Blade","floor":108.0},{"not_picked":["Battle Trance","Sentinel","Twin Strike","jedi:collectorstrike"],"picked":"SKIP","floor":109.0},{"not_picked":["conspire:Purge","hubris:ReadiedAction","Cleave","Sword Boomerang"],"picked":"SKIP","floor":112.0},{"not_picked":["Cleave+1","Body Slam","Sword Boomerang","beaked:FeelMyPain"],"picked":"Shrug It Off+1","floor":120.0},{"not_picked":["hubris:ReadiedAction","Armaments","Intimidate","beaked:RuinSticks"],"picked":"Flex","floor":121.0},{"not_picked":["Carnage","jedi:fear","Flame Barrier","ReplayTheSpireMod:Strike From Hell","beaked:SurvivalInstinct"],"picked":"SKIP","floor":122.0},{"not_picked":["jedi:hate","jedi:suffering","Warcry+1","Pummel","ReplayTheSpireMod:Owlgaze"],"picked":"SKIP","floor":125.0},{"not_picked":["Pommel Strike+1","Pummel","jedi:collectorstrike","Anger","beaked:Brace"],"picked":"SKIP","floor":127.0},{"not_picked":["Rampage","ReplayTheSpireMod:Corrosion Curse","Havoc","Heavy Blade"],"picked":"ReplayTheSpireMod:Prepare the Ceremony","floor":129.0},{"not_picked":["Pommel Strike","Run Through","Armaments","Pummel","beaked:DigDeeper"],"picked":"SKIP","floor":130.0},{"not_picked":["Anger","Perfected Strike","Headbutt","beaked:WarriorEssence"],"picked":"Intimidate","floor":133.0},{"not_picked":["Cleave","Pommel Strike+1","jedi:MakeshiftSword+1","Defy Death+1"],"picked":"beaked:MimicMachine","floor":134.0},{"not_picked":["Feed","Offering","Hemogenesis","Juggernaut"],"picked":"beaked:Caw","floor":135.0},{"not_picked":["hubris:ReadiedAction+1","Infernal Blade","Thunderclap","jedi:fear"],"picked":"beaked:Flinch","floor":137.0},{"not_picked":["Searing Blow+1","Headbutt+1","Intimidate","Pommel Strike+1","beaked:WindBringer"],"picked":"SKIP","floor":139.0},{"not_picked":["Seeing Red+1","ReplayTheSpireMod:Strike From Hell+1","Anger+1","beaked:Molting"],"picked":"Flex","floor":141.0},{"not_picked":["Havoc+1","Offering","Dark Embrace","beaked:Tradeoff"],"picked":"Inflame+1","floor":143.0},{"not_picked":["Clothesline+1","Body Slam","Armaments+1","beaked:FeelMyPain"],"picked":"hubris:SharpeningStone+1","floor":144.0},{"not_picked":["Havoc","Cleave","Body Slam","jedi:bloodyhammer","beaked:Poke"],"picked":"SKIP","floor":146.0},{"not_picked":["Immolate","Uppercut","Flex","beaked:Flinch"],"picked":"Heavy Blade","floor":147.0},{"not_picked":["infinitespire:Starlight","infinitespire:Oblivion"],"picked":"Replay:Fractal Strike","floor":148.0},{"not_picked":["Havoc","Pummel+1","Feel No Pain","Shrug It Off+1","beaked:Foresight"],"picked":"SKIP","floor":150.0},{"not_picked":["Eclipse","Berserk","Offering","beaked:ShadowFade"],"picked":"jedi:strikingstrike","floor":152.0},{"not_picked":["Searing Blow","Pommel Strike+1","Burning Pact+1","beaked:Tradeoff"],"picked":"Ghostly Armor+1","floor":156.0},{"not_picked":["Demonic Infusion","Demon Form","conspire:Purge","ReplayTheSpireMod:Owlgaze"],"picked":"Limit Break","floor":157}],"player_experience":751711,"relics_obtained":[{"floor":6.0,"key":"halation:PromiseList"},{"floor":9.0,"key":"Whetstone"},{"floor":14.0,"key":"SpikesRelics:ToyHorsey"},{"floor":23.0,"key":"jedi:cryingmask"},{"floor":25.0,"key":"Potion Belt"},{"floor":26.0,"key":"CeramicFish"},{"floor":28.0,"key":"Gremlin Horn"},{"floor":40.0,"key":"Nunchaku"},{"floor":42.0,"key":"ReplayTheSpireMod:Spearhead"},{"floor":43.0,"key":"halation:LettersToHer"},{"floor":47.0,"key":"Dream Catcher"},{"floor":57.0,"key":"Bag of Preparation"},{"floor":60.0,"key":"halation:LettersToHer"},{"floor":60.0,"key":"Toy Ornithopter"},{"floor":65.0,"key":"Omamori"},{"floor":75.0,"key":"Blue Candle"},{"floor":77.0,"key":"halation:LettersToHer"},{"floor":77.0,"key":"Replay:Bottled Steam"},{"floor":79.0,"key":"hubris:64BitClover"},{"floor":81.0,"key":"jedi:purplefairy"},{"floor":91.0,"key":"Incense Burner"},{"floor":94.0,"key":"halation:LettersToHer"},{"floor":94.0,"key":"halation:BottledLove"},{"floor":99.0,"key":"Juzu Bracelet"},{"floor":108.0,"key":"Strawberry"},{"floor":111.0,"key":"halation:LettersToHer"},{"floor":111.0,"key":"PreservedInsect"},{"floor":114.0,"key":"halation:LettersToHer"},{"floor":114.0,"key":"hubris:DisguiseKit"},{"floor":115.0,"key":"Odd Mushroom"},{"floor":118.0,"key":"Blue Doll"},{"floor":125.0,"key":"Lantern"},{"floor":127.0,"key":"ShockBauble"},{"floor":128.0,"key":"halation:LettersToHer"},{"floor":128.0,"key":"conspire:Dentures"},{"floor":129.0,"key":"BrokenLever"},{"floor":133.0,"key":"Red Mask"},{"floor":137.0,"key":"halation:EternalFortune"},{"floor":138.0,"key":"ReplayTheSpireMod:Ring of Collecting"},{"floor":138.0,"key":"Ring of Searing"},{"floor":139.0,"key":"halation:EternalFortune"},{"floor":139.0,"key":"Art of War"},{"floor":143.0,"key":"jedi:kaleidoscope"},{"floor":145.0,"key":"halation:LettersToHer"},{"floor":145.0,"key":"Ring of Peace"},{"floor":145.0,"key":"ReplayTheSpireMod:Shallot"},{"floor":147.0,"key":"halation:EternalFortune"},{"floor":147.0,"key":"conspire:BottledYoYo"},{"floor":156.0,"key":"Red Skull"}],"event_choices":[{"cards_removed":["jedi:forcepush"],"damage_healed":0.0,"max_hp_gain":0.0,"max_hp_loss":0.0,"gold_gain":0.0,"event_name":"WeMeetAgain","player_choice":"Gave Card","floor":2.0,"gold_loss":0.0,"damage_taken":0.0,"relics_obtained":["Question Card"]},{"damage_healed":20.0,"max_hp_gain":0.0,"max_hp_loss":0.0,"gold_gain":0.0,"event_name":"Mushrooms","player_choice":"Healed and dodged fight","floor":11.0,"gold_loss":0.0,"damage_taken":0.0,"cards_obtained":["Parasite"]},{"damage_healed":0.0,"max_hp_gain":0.0,"max_hp_loss":0.0,"gold_gain":0.0,"event_name":"Knowing Skull","player_choice":"","floor":20.0,"potions_obtained":[],"gold_loss":0.0,"damage_taken":6.0,"cards_obtained":[]},{"damage_healed":0.0,"max_hp_gain":0.0,"max_hp_loss":0.0,"gold_gain":0.0,"cards_transformed":["Strike_R"],"event_name":"Transmorgrifier","player_choice":"Transformed","floor":36.0,"gold_loss":0.0,"damage_taken":0.0,"cards_obtained":["Dark Embrace"]},{"damage_healed":0.0,"max_hp_gain":0.0,"max_hp_loss":4.0,"gold_gain":0.0,"event_name":"Winding Halls","player_choice":"Max HP","floor":38.0,"gold_loss":0.0,"damage_taken":0.0},{"cards_removed":["Strike_R"],"damage_healed":0.0,"max_hp_gain":0.0,"max_hp_loss":0.0,"gold_gain":0.0,"event_name":"Golden Wing","player_choice":"Card Removal","floor":53.0,"gold_loss":0.0,"damage_taken":7.0},{"damage_healed":0.0,"max_hp_gain":1.0,"max_hp_loss":0.0,"gold_gain":75.0,"event_name":"betterThird:BetterGoop","player_choice":"Gold","floor":61.0,"gold_loss":0.0,"damage_taken":11.0},{"cards_removed":["Strike_R"],"damage_healed":0.0,"max_hp_gain":0.0,"max_hp_loss":0.0,"gold_gain":0.0,"event_name":"The Cleric","player_choice":"Card Removal","floor":64.0,"gold_loss":50.0,"damage_taken":0.0},{"damage_healed":0.0,"max_hp_gain":0.0,"max_hp_loss":0.0,"gold_gain":0.0,"event_name":"Ghosts","player_choice":"Ignored","floor":72.0,"gold_loss":0.0,"damage_taken":0.0},{"damage_healed":0.0,"max_hp_gain":0.0,"max_hp_loss":0.0,"gold_gain":0.0,"event_name":"The Library","player_choice":"Read","floor":76.0,"gold_loss":0.0,"damage_taken":0.0,"cards_obtained":["jedi:MakeshiftSword"]},{"damage_healed":69.0,"max_hp_gain":0.0,"max_hp_loss":10.0,"gold_gain":0.0,"event_name":"The Moai Head","player_choice":"Heal","floor":95.0,"gold_loss":0.0,"damage_taken":0.0},{"damage_healed":0.0,"max_hp_gain":0.0,"max_hp_loss":0.0,"gold_gain":0.0,"event_name":"Mushrooms","player_choice":"Fought Mushrooms","floor":115.0,"gold_loss":0.0,"damage_taken":0.0},{"damage_healed":0.0,"max_hp_gain":0.0,"max_hp_loss":0.0,"gold_gain":0.0,"event_name":"Drug Dealer","player_choice":"Inject Mutagens","floor":123.0,"gold_loss":0.0,"damage_taken":0.0,"relics_obtained":["MutagenicStrength"]},{"damage_healed":0.0,"max_hp_gain":0.0,"max_hp_loss":0.0,"gold_gain":0.0,"event_name":"The Library","player_choice":"Read","floor":131.0,"gold_loss":0.0,"damage_taken":0.0,"cards_obtained":["Crescendo"]},{"damage_healed":0.0,"max_hp_gain":0.0,"max_hp_loss":0.0,"gold_gain":0.0,"event_name":"Masked Bandits","player_choice":"Fought Bandits","floor":133.0,"gold_loss":0.0,"damage_taken":0.0},{"damage_healed":0.0,"max_hp_gain":0.0,"max_hp_loss":0.0,"gold_gain":0.0,"cards_transformed":["Hemogenesis"],"event_name":"Transmorgrifier","player_choice":"Transformed","floor":140.0,"gold_loss":0.0,"damage_taken":0.0,"cards_obtained":["infinitespire:OneForAll"]}],"is_beta":false,"boss_relics":[{"not_picked":["Astrolabe","halation:Risk"],"picked":"Philosopher\u0027s Stone"},{"not_picked":["Replay:Drink Me","hubris:TerracottaHorce"],"picked":"ChewingGum"},{"not_picked":["halation:HeavySnake","hubris:BlackHole"],"picked":"SlaversCollar"},{"not_picked":["Kintsugi","hubris:BlackHole"],"picked":"hubris:GrandSneckoEye"},{"not_picked":["hubris:VirtuousBlindfold","Ooze Armor"],"picked":"Mark of Pain"},{"not_picked":["ReplayTheSpireMod:SealedPack","Pandora\u0027s Box"],"picked":"halation:PinkAlligatorPlush"},{"not_picked":["hubris:CrackedHourglass","SacredBark"],"picked":"hubris:HollowSoul"},{"not_picked":["halation:LoveArrow","ReplayTheSpireMod:SealedPack"],"picked":"aspiration:RitualDagger"},{"not_picked":["aspiration:SecretTechniqueScroll","Empty Cage"],"picked":"Sandwich"}],"items_purged_floors":[70],"is_endless":true,"potions_floor_spawned":[6,8,16,18,21,30,31,35,40,50,58,65,67,73,79,86,91,101,105,108,112,125,127,130,135,137,146,147,152],"ascension_level":1}}