{"host":"u21q392b5xaj11fl","time":1609979004,"event":{"mods":["2.2 Compatiblity","Bard","BaseMod","Better Note","Colored Map","Colored Powertips","Conspire","Custom Start","Downfall","Faster Ascension Climbing","GifTheSpireLib","Glutton Mod","Gremlin Skip","Highlight Path","Hubris","Infinite Spire","Mad Scientist","Marisa????????","Mimic Mod","Minty Spire (QoL Compilation)","Permanent Neow","Potionbrewer","Quick Restart","READ ME - Guardian Mod","Relic Sorter","Replay The Spire","Shop Mod","Somnambulant","StSLib","Stuff the Spire","SuperFastMode","The Construct","The Disciple","The Mystic","The Servant 0.9.4","vexMod"],"gold_per_floor":[117,137,137,172,192,192,224,224,224,224,240,273,52,2,2,73,73,114,14,66,1,1,51,51,131,131,156,190,229,34,34,34,139,139,175,175,1174,943,943,943,943,976,1000,1035,1035,1035,1035,1083,1083,1105,1105,1105,544,596,601],"floor_reached":56,"playtime":6372,"items_purged":["construct:Strike_Gold","construct:Strike_Gold","construct:Strike_Gold","construct:Strike_Gold","construct:Strike_Gold"],"score":1859,"play_id":"c1d4e7ec-701a-40bc-bbd5-b657eb4d642e","local_time":"20210106182324","is_ascension_mode":true,"campfire_choices":[{"data":"construct:LaserCore","floor":6.0,"key":"SMITH"},{"data":"construct:LaserCore+1","floor":8.0,"key":"SMITH"},{"data":"construct:MetalShell","floor":10.0,"key":"SMITH"},{"data":"construct:MetalShell+1","floor":15.0,"key":"SMITH"},{"data":"construct:Forcefield+1","floor":24.0,"key":"SMITH"},{"floor":32.0,"key":"REST"},{"data":"construct:ClockworkEgg","floor":40.0,"key":"SMITH"},{"data":"construct:ClockworkEgg+1","floor":45.0,"key":"SMITH"},{"floor":47.0,"key":"RECALL"},{"data":"construct:Stasis+1","floor":49.0,"key":"SMITH"},{"data":"construct:Hazardproof+1","floor":52.0,"key":"SMITH"}],"circlet_count":0,"master_deck":["AscendersBane","construct:Defend_Gold","construct:Defend_Gold","construct:AttackMode","construct:Isolate","construct:MetalShell+2","construct:Accumulate","construct:LaserCore+2","construct:SweepLaser","construct:SyphonStrike","conspire:SpireCoStock","construct:ClockworkEgg","construct:OmegaCannon+1","construct:Hazardproof+2","construct:Forcefield+2","construct:Tumble","construct:ClockworkEgg+2","construct:Chainstrike+1","construct:GatlingGun","construct:Stasis+2","construct:Reserves","construct:Accumulate","construct:FlameCore+1","construct:HeavyBolt","ReplayUltimateDefense","construct:SpinDrive"],"relics":["construct:ClockworkPhoenix","Chameleon Ring","Bag of Preparation","PreservedInsect","vexMod:TanglingVine","infinitespire:Bottled Soul","hubris:MysteriousPyramids","Toy Ornithopter","Anchor","MerchantsRug","hubris:PeanutButter","conspire:GlowingRock","Honey Jar","vexMod:MemoryStick","Smiling Mask","StuffTheSpire:OldFever","Replay:Accelerometer","Snack Pack"],"acts_visited":["Exordium","TheCity","TheBeyond","TheEnding"],"potions_floor_usage":[55,55],"damage_taken":[{"damage":3.0,"enemies":"Small Slimes","floor":1.0,"turns":5.0},{"damage":6.0,"enemies":"2 Louse","floor":2.0,"turns":4.0},{"damage":8.0,"enemies":"Jaw Worm","floor":5.0,"turns":5.0},{"damage":37.0,"enemies":"Gremlin Nob","floor":7.0,"turns":4.0},{"damage":2.0,"enemies":"3 Louse","floor":11.0,"turns":3.0},{"damage":17.0,"enemies":"3 Sentries","floor":12.0,"turns":7.0},{"damage":28.0,"enemies":"Fading Forest","floor":16.0,"turns":11.0},{"damage":16.0,"enemies":"conspire:FuzzyDice","floor":18.0,"turns":7.0},{"damage":23.0,"enemies":"Spheric Guardian","floor":20.0,"turns":6.0},{"damage":20.0,"enemies":"Gremlin Leader","floor":23.0,"turns":5.0},{"damage":9.0,"enemies":"Slavers","floor":25.0,"turns":16.0},{"damage":0.0,"enemies":"Snake Plant","floor":28.0,"turns":10.0},{"damage":4.0,"enemies":"Chosen and Byrds","floor":29.0,"turns":10.0},{"damage":9.0,"enemies":"Champ","floor":33.0,"turns":14.0},{"damage":0.0,"enemies":"3 Shapes","floor":35.0,"turns":11.0},{"damage":14.0,"enemies":"3 Darklings","floor":42.0,"turns":4.0},{"damage":5.0,"enemies":"R_Hoarder","floor":44.0,"turns":8.0},{"damage":0.0,"enemies":"Nemesis","floor":48.0,"turns":7.0},{"damage":17.0,"enemies":"Donu and Deca","floor":50.0,"turns":8.0},{"damage":19.0,"enemies":"Shield and Spear","floor":54.0,"turns":6.0},{"damage":27,"enemies":"The Heart","floor":55,"turns":8}],"seed_played":"4827241272992738935","potions_obtained":[{"floor":4.0,"key":"FairyPotion"},{"floor":4.0,"key":"Regen Potion"},{"floor":11.0,"key":"LifebloodPotion"},{"floor":12.0,"key":"Dexterity Potion"},{"floor":16.0,"key":"ColorlessPotion"},{"floor":23.0,"key":"Swift Potion"},{"floor":25.0,"key":"hexamod:EctoCoolerPotion"},{"floor":29.0,"key":"Ancient Potion"},{"floor":33.0,"key":"potionbrewer:CleansingPotion"},{"floor":44.0,"key":"potionbrewer:StunPotion"},{"floor":48.0,"key":"Elixir"},{"floor":54.0,"key":"sneckomod:MuddlingPotion"}],"is_trial":false,"path_per_floor":["M","M","?","?","M","R","E","R","T","R","M","E","$","?","R","B",null,"M","$","M","?","?","E","R","E","T","T","M","M","$","?","R","B",null,"M","AVR","?","$","?","R","?","M","T","E","R","?","R","E","R","B",null,"R","$","E","B",null],"character_chosen":"THE_CONSTRUCT_MOD","items_purchased":["PreservedInsect","MerchantsRug","Regen Potion","hubris:PeanutButter","construct:Reserves","StuffTheSpire:OldFever","Replay:Accelerometer","ReplayUltimateDefense"],"campfire_rested":1,"item_purchase_floors":[13,30,30,30,38,53,53,53],"current_hp_per_floor":[74,68,73,73,65,65,40,40,40,40,38,21,21,21,21,39,77,61,61,38,38,38,18,18,9,9,9,14,10,10,10,37,66,84,89,89,89,89,89,89,89,75,75,70,70,70,70,70,70,53,81,81,81,62,59],"gold":601,"neow_bonus":"REMOVE_CARD","is_daily":false,"chose_seed":false,"campfire_upgraded":9,"win_rate":0.0,"timestamp":1609979004,"path_taken":["M","M","?","?","M","R","E","R","T","R","M","E","$","?","R","BOSS","M","$","M","?","?","E","R","E","T","?","?","M","$","?","R","BOSS","M","AVR","?","$","?","R","?","?","T","E","R","?","R","E","R","BOSS","R","$","E","BOSS"],"items_purchased_type":["Relic","Relic","Potion","Relic","Card","Relic","Relic","Card"],"build_version":"2020-12-22","purchased_purges":5,"victory":true,"max_hp_per_floor":[85,85,90,90,90,90,90,90,90,90,90,90,90,90,90,90,90,90,90,90,90,90,90,90,90,90,90,90,90,90,90,90,90,90,90,90,90,90,90,90,90,90,90,90,90,90,90,90,90,90,90,90,90,90,90],"card_choices":[{"not_picked":["construct:Antimatter","construct:Reinforce"],"picked":"construct:Isolate","floor":1.0},{"not_picked":["construct:Isolate","construct:Backup"],"picked":"construct:MetalShell","floor":2.0},{"not_picked":["construct:Zapper","construct:Analyze"],"picked":"construct:Accumulate","floor":4.0},{"not_picked":["construct:ModeShift","construct:ScrapCannon"],"picked":"construct:LaserCore","floor":5.0},{"not_picked":["construct:ScrapCannon","construct:Autoturret"],"picked":"construct:SweepLaser","floor":7.0},{"not_picked":["construct:Forcefield","construct:Electrocute","construct:SweepLaser"],"picked":"SKIP","floor":11.0},{"not_picked":["construct:HastyRepair","construct:OmegaCannon"],"picked":"construct:SyphonStrike","floor":12.0},{"not_picked":["construct:HastyRepair","construct:PanicFire"],"picked":"construct:ClockworkEgg","floor":16.0},{"not_picked":["construct:Disrupt","construct:Forcefield","construct:ScrapCannon"],"picked":"SKIP","floor":18.0},{"not_picked":["construct:Boost","construct:SaveState"],"picked":"construct:Tumble","floor":20.0},{"not_picked":["construct:HeavyBolt","construct:LongRangeLance","construct:ChargeShot"],"picked":"SKIP","floor":23.0},{"not_picked":["construct:ShiftGuard","construct:Overcharge"],"picked":"construct:Chainstrike+1","floor":25.0},{"not_picked":["construct:ShiftStrike","construct:Hazardproof","construct:Anticipate"],"picked":"SKIP","floor":28.0},{"not_picked":["construct:HeavyBolt","construct:Construct_Overclock+1","construct:MemoryTap"],"picked":"SKIP","floor":29.0},{"not_picked":["construct:ShiftingStance","construct:GoldenBullet"],"picked":"construct:GatlingGun","floor":33.0},{"not_picked":["construct:ModeShift","construct:ElectricArmor"],"picked":"construct:Stasis+1","floor":35.0},{"not_picked":["construct:ClusterMines+1","construct:Stasis+1"],"picked":"construct:Accumulate","floor":42.0},{"not_picked":["construct:ModeShift","construct:Anticipate"],"picked":"construct:FlameCore+1","floor":44.0},{"not_picked":["construct:ModeShift","construct:GatlingGun"],"picked":"construct:HeavyBolt","floor":48.0},{"not_picked":["construct:HeavyBolt+1","construct:Isolate"],"picked":"construct:SpinDrive","floor":54.0}],"player_experience":154143,"relics_obtained":[{"floor":7.0,"key":"Chameleon Ring"},{"floor":9.0,"key":"Bag of Preparation"},{"floor":12.0,"key":"Girya"},{"floor":23.0,"key":"Omamori"},{"floor":25.0,"key":"hubris:MysteriousPyramids"},{"floor":26.0,"key":"Toy Ornithopter"},{"floor":27.0,"key":"Anchor"},{"floor":44.0,"key":"vexMod:MemoryStick"},{"floor":48.0,"key":"Smiling Mask"},{"floor":54.0,"key":"Snack Pack"}],"event_choices":[{"damage_healed":0.0,"max_hp_gain":5.0,"max_hp_loss":0.0,"gold_gain":0.0,"event_name":"Big Fish","player_choice":"Donut","floor":3.0,"gold_loss":0.0,"damage_taken":0.0},{"damage_healed":0.0,"max_hp_gain":0.0,"max_hp_loss":0.0,"gold_gain":0.0,"event_name":"conspire:Investor","player_choice":"Invest 1","floor":14.0,"gold_loss":0.0,"damage_taken":0.0},{"damage_healed":0.0,"max_hp_gain":0.0,"max_hp_loss":0.0,"gold_gain":0.0,"event_name":"WeMeetAgain","player_choice":"Paid Gold","floor":21.0,"gold_loss":65.0,"damage_taken":0.0,"relics_obtained":["infinitespire:Bottled Soul"]},{"cards_removed":["construct:ClockworkEgg"],"damage_healed":0.0,"max_hp_gain":0.0,"max_hp_loss":0.0,"gold_gain":0.0,"event_name":"betterNote:BetterNote","player_choice":"Take \u0026 Give","floor":22.0,"gold_loss":0.0,"damage_taken":0.0,"cards_obtained":["construct:ClockworkEgg"]},{"damage_healed":0.0,"max_hp_gain":0.0,"max_hp_loss":0.0,"gold_gain":0.0,"event_name":"The Mausoleum","player_choice":"Opened","floor":31.0,"gold_loss":0.0,"damage_taken":0.0,"relics_obtained":["conspire:GlowingRock"]},{"damage_healed":0.0,"max_hp_gain":0.0,"max_hp_loss":0.0,"gold_gain":999.0,"event_name":"MindBloom","player_choice":"Gold","floor":37.0,"gold_loss":0.0,"damage_taken":0.0,"cards_obtained":["Normality","Normality"]}],"is_beta":false,"boss_relics":[{"not_picked":["conspire:SpecialSausage","construct:WeddingRing"],"picked":"Replay:Grab Bag"},{"not_picked":["Fusion Hammer","Replay:Wanted Poster"],"picked":"vexMod:TanglingVine"},{"not_picked":["Replay:Cursed D8","hubris:TerracottaHorce"],"picked":"Coffee Dripper"},{"not_picked":["hubris:BlackHole","Kintsugi"],"picked":"Astrolabe"},{"not_picked":["Ring of Chaos","Black Star"],"picked":"Honey Jar"}],"items_purged_floors":[13,19,36,38,53],"is_endless":false,"potions_floor_spawned":[11,12,16,23,25,29,33,44,48,54],"ascension_level":13}}