{"host":"98ajcw3do3zsggh8","time":1609985038,"event":{"mods":["BaseMod","Minty Spire (QoL Compilation)","Replay The Spire","StSLib","The Marked"],"gold_per_floor":[19,37,48,48,223,251,251,251,251],"floor_reached":8,"playtime":275,"items_purged":[],"score":64,"play_id":"6ed403d4-1b9a-4029-8896-ca53c54f89d8","local_time":"20210107030358","is_ascension_mode":true,"campfire_choices":[],"circlet_count":0,"master_deck":["Strike_R","Strike_R","Strike_R","Strike_R","Defend_R","Defend_R","Bash","Clash","Seeing Red","Flex","Doubt"],"relics":["Burning Blood","Onion Ring","Letter Opener"],"acts_visited":["Exordium"],"potions_floor_usage":[6],"damage_taken":[{"damage":6,"enemies":"Cultist","floor":1,"turns":3},{"damage":7,"enemies":"Jaw Worm","floor":2,"turns":2},{"damage":0,"enemies":"2 Louse","floor":3,"turns":2},{"damage":70,"enemies":"3 Sentries","floor":6,"turns":14},{"damage":30,"enemies":"Lagavulin","floor":8,"turns":3}],"seed_played":"6283450207978522718","potions_obtained":[{"floor":2,"key":"Toxic Potion"}],"is_trial":false,"path_per_floor":["M","M","M","?","?","E","T","E"],"character_chosen":"IRONCLAD","items_purchased":[],"campfire_rested":0,"item_purchase_floors":[],"current_hp_per_floor":[80,79,80,80,80,16,16,0,0],"gold":251,"neow_bonus":"REMOVE_TWO","is_daily":false,"chose_seed":false,"campfire_upgraded":0,"win_rate":0.0,"timestamp":1609985038,"path_taken":["M","?","M","?","?","E","?","E"],"items_purchased_type":[],"build_version":"2020-12-22","purchased_purges":0,"victory":false,"max_hp_per_floor":[80,80,80,80,80,80,80,80,80],"card_choices":[{"not_picked":["Havoc","Shrug It Off"],"picked":"Clash","floor":1},{"not_picked":["Sentinel","Havoc"],"picked":"Seeing Red","floor":2},{"not_picked":["ReplayTheSpireMod:Muscle Training","Rage"],"picked":"Flex","floor":3},{"not_picked":["Corruption","Pommel Strike","Thunderclap"],"picked":"SKIP","floor":6}],"player_experience":321807,"relics_obtained":[{"floor":6,"key":"Onion Ring"},{"floor":7,"key":"Letter Opener"}],"event_choices":[{"cards_removed":["Strike_R"],"damage_healed":0,"gold_gain":0,"player_choice":"Forget","damage_taken":0,"max_hp_gain":0,"max_hp_loss":0,"event_name":"Living Wall","floor":4,"gold_loss":0},{"damage_healed":0,"gold_gain":175,"player_choice":"AGREE","damage_taken":0,"max_hp_gain":0,"max_hp_loss":0,"event_name":"Liars Game","floor":5,"gold_loss":0,"cards_obtained":["Doubt"]}],"is_beta":false,"boss_relics":[],"items_purged_floors":[],"is_endless":false,"potions_floor_spawned":[2],"killed_by":"Lagavulin","ascension_level":3}}