{"host":"sup1rd0ujr5jgopq","time":1609977934,"event":{"mods":["BaseMod","Colored Map","Downfall","Minty Spire (QoL Compilation)","StSLib"],"gold_per_floor":[99,99,199,30,30,30,54,74,92,111,211,224,224,242,257,359,359,359,379,43,43,53,53,77,92,109,109,129,141,41,57,74,74,74,74],"floor_reached":33,"playtime":3287,"items_purged":["champ:Defend"],"score":193,"play_id":"9a3c90ed-12b0-40ca-bb3e-0efd3fb5f463","local_time":"20210106190534","is_ascension_mode":false,"campfire_choices":[{"data":"champ:HoldFirm","floor":1.0,"key":"SMITH"},{"data":"champ:ShieldSlam","floor":6.0,"key":"SMITH"},{"data":"champ:UltimateStance","floor":18.0,"key":"SMITH"},{"data":"champ:Taunt","floor":30,"key":"SMITH"}],"circlet_count":0,"master_deck":["champ:Strike","champ:Strike","champ:Defend","champ:Defend","champ:Execute","champ:Taunt+1","champ:HoldFirm+1","champ:ArenaPreparation","champ:ShieldSlam+1","champ:BerserkersShout","champ:IronFortress","champ:PreciseThrust","champ:GutPunch","champ:VampiricStrike","champ:BringItOn","champ:FocusedBerserking","champ:FlashCut","champ:ShieldWall","champ:UltimateStance+1","champ:Improvising+1","champ:CrookedStrike+1","champ:RapidStrikes+1","champ:Circumvent","champ:StanceDance+1","champ:DefensiveShout","champ:GladiatorStyle","champ:Endure","champ:CalledShot","Pride","champ:Improvising","champ:PreemptiveStrike","champ:GutPunch","champ:EnragedBash"],"relics":["champ:ChampionCrown","CloakClasp","Lantern","Astrolabe","Strange Spoon","Calipers","downfall:HeartBlessingBlue"],"acts_visited":["Exordium","TheCity"],"potions_floor_usage":[29,33],"damage_taken":[{"damage":20.0,"enemies":"downfall:NeowBoss","floor":3.0,"turns":13.0},{"damage":30.0,"enemies":"downfall:FleeingMerchant","floor":4.0,"turns":4.0},{"damage":17.0,"enemies":"Jaw Worm","floor":8.0,"turns":3.0},{"damage":0.0,"enemies":"2 Louse","floor":9.0,"turns":2.0},{"damage":20.0,"enemies":"Small Slimes","floor":10.0,"turns":3.0},{"damage":30.0,"enemies":"3 Louse","floor":12.0,"turns":2.0},{"damage":21.0,"enemies":"Exordium Thugs","floor":14.0,"turns":4.0},{"damage":0.0,"enemies":"3 Louse","floor":15.0,"turns":2.0},{"damage":40.0,"enemies":"downfall:Defect","floor":16.0,"turns":10.0},{"damage":9,"enemies":"Shell Parasite","floor":19,"turns":3},{"damage":18,"enemies":"downfall:FleeingMerchant","floor":20,"turns":4},{"damage":20,"enemies":"3 Byrds","floor":22,"turns":5},{"damage":49,"enemies":"3 Cultists","floor":25,"turns":7},{"damage":17,"enemies":"Snecko","floor":26,"turns":4},{"damage":44,"enemies":"Cultist and Chosen","floor":28,"turns":8},{"damage":40,"enemies":"3 Cultists","floor":29,"turns":7},{"damage":18,"enemies":"Snecko","floor":31,"turns":5},{"damage":37,"enemies":"Snake Plant","floor":32,"turns":5},{"damage":37,"enemies":"ArchetypeAct2MushroomsNewAge","floor":33,"turns":8}],"seed_played":"-8551193969866128682","potions_obtained":[{"floor":3.0,"key":"sneckomod:MuddlingPotion"},{"floor":8.0,"key":"Ancient Potion"},{"floor":9.0,"key":"Explosive Potion"},{"floor":26,"key":"LiquidMemories"},{"floor":32,"key":"Weak Potion"}],"is_trial":false,"path_per_floor":["R","?","?","$","?","R","T","M","M","M","?","M","?","M","M","B",null,"R","M","$","?","M","?","T","M","M","?","M","M","R","M","M","B"],"character_chosen":"THE_CHAMP","items_purchased":["champ:BerserkersShout","champ:IronFortress","champ:PreciseThrust","champ:DefensiveShout","Strange Spoon","champ:GladiatorStyle"],"campfire_rested":0,"item_purchase_floors":[4,4,4,20,20,20],"current_hp_per_floor":[81,81,81,81,81,81,81,81,81,81,81,81,81,81,81,70,81,81,81,81,81,79,79,79,65,65,65,57,26,36,36,20,0,0,0],"gold":74,"neow_bonus":"THREE_RARE_CARDS","is_daily":false,"chose_seed":false,"campfire_upgraded":4,"win_rate":0.0,"timestamp":1609977934,"path_taken":["R","?","?","?","?","R","T","M","M","M","?","M","?","M","M","BOSS","R","M","$","?","M","?","T","M","M","?","M","M","R","M","M","BOSS"],"items_purchased_type":["Card","Card","Card","Card","Relic","Card"],"build_version":"2020-12-13","purchased_purges":1,"victory":false,"max_hp_per_floor":[81,81,81,81,81,81,81,81,81,81,81,81,81,81,81,81,81,81,81,81,81,81,81,81,81,81,81,81,81,91,91,91,91,91,91],"card_choices":[{"not_picked":["champ:DancingMaster","champ:LastStand"],"picked":"champ:HoldFirm","floor":0.0},{"not_picked":["champ:Circumvent","champ:PreciseThrust"],"picked":"champ:ArenaPreparation","floor":3.0},{"not_picked":["champ:FocusedBerserking","champ:ShieldWall"],"picked":"champ:ShieldSlam","floor":4.0},{"not_picked":["champ:SkillfulDodge","champ:CrookedStrike"],"picked":"champ:GutPunch","floor":8.0},{"not_picked":["champ:PerfectedStrike","champ:CrownThrow"],"picked":"champ:VampiricStrike","floor":9.0},{"not_picked":["champ:FaceSlap","champ:PreciseThrust"],"picked":"champ:BringItOn","floor":10.0},{"not_picked":["champ:BladeFlurry","champ:FlashCut"],"picked":"champ:FocusedBerserking","floor":12.0},{"not_picked":["champ:RisingSlash","champ:Haymaker"],"picked":"champ:FlashCut","floor":14.0},{"not_picked":["champ:FanOfKnives","champ:RapidStrikes"],"picked":"champ:ShieldWall","floor":15.0},{"not_picked":["champ:VampiricStrike","champ:ShieldThrow"],"picked":"champ:UltimateStance","floor":16.0},{"not_picked":["champ:DeathBlow","champ:EnGarde"],"picked":"champ:Circumvent","floor":19},{"not_picked":["champ:FocusedDefense+1","champ:Endure"],"picked":"champ:StanceDance+1","floor":20},{"not_picked":["champ:Shatter+1","champ:FlashCut"],"picked":"champ:Endure","floor":22},{"not_picked":["champ:PreciseThrust","champ:GladiatorStyle","champ:Shatter"],"picked":"SKIP","floor":25},{"not_picked":["champ:Shatter","champ:Parry","champ:TornadoPunch"],"picked":"SKIP","floor":26},{"not_picked":["champ:IronFortress","champ:Endure"],"picked":"champ:Improvising","floor":28},{"not_picked":["champ:Parry","champ:Circumvent"],"picked":"champ:PreemptiveStrike","floor":29},{"not_picked":["champ:CrownThrow+1","champ:ShieldSlam"],"picked":"champ:GutPunch","floor":31},{"not_picked":["champ:BladeFlurry","champ:PreemptiveStrike"],"picked":"champ:EnragedBash","floor":32}],"player_experience":63763,"relics_obtained":[{"floor":3.0,"key":"CloakClasp"},{"floor":7.0,"key":"Lantern"}],"event_choices":[{"damage_healed":0.0,"max_hp_gain":0.0,"max_hp_loss":0.0,"gold_gain":0.0,"event_name":"NoteForYourself","player_choice":"Ignored","floor":13.0,"gold_loss":0.0,"damage_taken":0.0},{"damage_healed":0,"gold_gain":0,"player_choice":"Read","damage_taken":0,"max_hp_gain":0,"max_hp_loss":0,"event_name":"The Library","floor":23,"gold_loss":0,"cards_obtained":["champ:CalledShot"]},{"damage_healed":0,"gold_gain":0,"player_choice":"Stole Relic","damage_taken":0,"relics_obtained":["Calipers"],"max_hp_gain":0,"max_hp_loss":0,"event_name":"Addict","floor":27,"gold_loss":0,"cards_obtained":["Pride"]}],"is_beta":false,"boss_relics":[{"not_picked":["Velvet Choker","champ:ChampionCrownUpgraded"],"picked":"Astrolabe"}],"items_purged_floors":[20],"is_endless":false,"potions_floor_spawned":[3,8,9,12,25,26,28,32],"killed_by":"ArchetypeAct2MushroomsNewAge","ascension_level":0}}