{"host":"dt8tt9y5uobrbn6j","time":1609992911,"event":{"mods":["Act Like it!","Aspiration","BaseMod","Better Third Choice","BetterRewards","Card Forge","Colored Powertips","Conspire","Hubris","Infinite Spire","Minty Spire (QoL Compilation)","Quick Restart","Relic Stats","Replay The Spire","Retaliation","Shop Mod","StSLib","vexMod","óô»ðÖ¸ÄÏ"],"gold_per_floor":[113,29,29,125,151,163,210,222,257,304,332,344,369,409,421,511,523,552,570,601,629,657,669,712,724,736,767,529,546,572,587,358,429,429,445,245,30,81,195,284,359,434,434,501,501,625,664,717,717,745,752,752,752,350,381,381],"floor_reached":57,"playtime":4094,"items_purged":["Strike_R"],"score":4529,"play_id":"c0ce0368-07f4-4db0-bcc2-8a745e939f8c","local_time":"20210107121511","is_ascension_mode":true,"campfire_choices":[{"data":"Barricade","floor":6.0,"key":"SMITH"},{"data":"Eclipse","floor":8.0,"key":"SMITH"},{"data":"Armaments","floor":12.0,"key":"SMITH"},{"data":"ReplayReversal","floor":15.0,"key":"SMITH"},{"data":"Offering","floor":23.0,"key":"SMITH"},{"data":"Limit Break","floor":25.0,"key":"SMITH"},{"floor":49.0,"key":"RECALL"},{"data":"Shockwave","floor":53.0,"key":"SMITH"},{"data":"Burning Pact","floor":53.0,"key":"SMITH"}],"circlet_count":0,"master_deck":["AscendersBane","Feed+1","Barricade+1","Entrench","ReplayReversal+1","Abandon","Body Slam","conspire:Purge+1","Offering+1","Shrug It Off","Burning Pact+1","Shockwave+1","Power Through+1","Dark Embrace","DDmod:AllInSkill+1","ReplayTheSpireMod:Brewmster+1","Seeing Red+1"],"relics":["Burning Blood","Hammer of Thor","Seething Fire","Anvil of the Gods","Replay:PocketPolymizer","Brimstone","Iron Hammer","aspiration:HatOfInfinitePower","Lantern","vexMod:MemoryStick","hubris:ChampionShield","TheAbacus","Gremlin Horn","hubris:SlimyHat","MawBank","Pen Nib","Juzu Bracelet","Anchor","Eternal Feather","vexMod:DeviousBotling","Replay:WaspNest","Counterbalance","Turnip","ReplayFunnel","Toxic Egg 2","MerchantsRug","Replay:Arrowhead","Replay:Mystery Machine","Toy Ornithopter","aspiration:TomeofQuesting","Letter Opener","Happy Flower","Vajra","Guide Book","Nunchaku"],"acts_visited":["Exordium","TheCity","TheBeyond","TheEnding"],"potions_floor_usage":[56,56,56,56],"damage_taken":[{"damage":0.0,"enemies":"Jaw Worm","floor":1.0,"turns":5.0},{"damage":10.0,"enemies":"conspire:RoseBush","floor":5.0,"turns":9.0},{"damage":28.0,"enemies":"3 Sentries","floor":7.0,"turns":15.0},{"damage":5.0,"enemies":"Replay:BlueRogue","floor":10.0,"turns":6.0},{"damage":8.0,"enemies":"Small Slimes","floor":11.0,"turns":6.0},{"damage":17.0,"enemies":"conspire:2 RoseBushes","floor":13.0,"turns":5.0},{"damage":47.0,"enemies":"Gremlin Nob","floor":14.0,"turns":4.0},{"damage":5.0,"enemies":"Fading Forest","floor":16.0,"turns":11.0},{"damage":11.0,"enemies":"3 Byrds","floor":18.0,"turns":2.0},{"damage":11.0,"enemies":"Shell Parasite","floor":19.0,"turns":6.0},{"damage":20.0,"enemies":"Snake Plant","floor":20.0,"turns":5.0},{"damage":11.0,"enemies":"Shelled Parasite and Fungi","floor":21.0,"turns":4.0},{"damage":58.0,"enemies":"Sentry and Sphere","floor":22.0,"turns":8.0},{"damage":11.0,"enemies":"conspire:Head Lice","floor":24.0,"turns":4.0},{"damage":0.0,"enemies":"Slavers","floor":27.0,"turns":3.0},{"damage":8.0,"enemies":"3 Cultists","floor":29.0,"turns":3.0},{"damage":11.0,"enemies":"Replay:Snechameleon","floor":30.0,"turns":4.0},{"damage":11.0,"enemies":"conspire:HollyBat","floor":31.0,"turns":5.0},{"damage":11.0,"enemies":"hubris:MusketHawk","floor":33.0,"turns":2.0},{"damage":11.0,"enemies":"3 Darklings","floor":35.0,"turns":4.0},{"damage":11.0,"enemies":"3 Shapes","floor":38.0,"turns":4.0},{"damage":11.0,"enemies":"Maw","floor":39.0,"turns":2.0},{"damage":6.0,"enemies":"Reptomancer","floor":40.0,"turns":4.0},{"damage":6.0,"enemies":"3 Darklings","floor":41.0,"turns":1.0},{"damage":6.0,"enemies":"Giant Head","floor":42.0,"turns":4.0},{"damage":6.0,"enemies":"Nightmare","floor":44.0,"turns":2.0},{"damage":11.0,"enemies":"conspire:MimicChest","floor":46.0,"turns":1.0},{"damage":6.0,"enemies":"4 Shapes","floor":47.0,"turns":3.0},{"damage":16.0,"enemies":"R_Hoarder","floor":48.0,"turns":5.0},{"damage":0.0,"enemies":"Time Eater","floor":50.0,"turns":6.0},{"damage":11.0,"enemies":"conspire:OrnateMirror","floor":51.0,"turns":3.0},{"damage":11.0,"enemies":"Shield and Spear","floor":55.0,"turns":1.0},{"damage":11,"enemies":"The Heart","floor":56,"turns":5}],"seed_played":"-8453536907140814484","potions_obtained":[{"floor":1.0,"key":"Cursed Concoction"},{"floor":10.0,"key":"CultistPotion"},{"floor":16.0,"key":"CultistPotion"},{"floor":30.0,"key":"LifebloodPotion"}],"is_trial":false,"path_per_floor":["M","$","?","?","M","R","E","R","T","E","M","R","M","E","R","B",null,"M","M","M","M","M","R","E","R","T","E","$","M","E","M","R","B",null,"M","?","$","M","M","E","M","E","T","NM","?","?","M","E","R","B","B",null,"R","$","E","B",null],"character_chosen":"IRONCLAD","items_purchased":["Replay:PocketPolymizer","Brimstone","Iron Hammer","aspiration:HatOfInfinitePower","Lantern","vexMod:MemoryStick","Feed+1","hubris:ChampionShield","TheAbacus","Barricade","Entrench","Gremlin Horn","DDmod:EasePowerCard","True Grit","hubris:SlimyHat","ReplayReversal","Abandon","Dark Embrace","ReplayFunnel","hubris:ReadiedAction+1","MerchantsRug","Replay:Arrowhead","Vajra","Guide Book","Reflective Coating"],"campfire_rested":0,"item_purchase_floors":[0,0,0,0,0,0,0,0,0,0,0,0,0,0,0,0,2,28,28,32,32,37,54,54,54],"current_hp_per_floor":[33,33,33,7,13,13,69,69,69,83,95,95,88,61,73,103,103,105,111,111,119,97,106,101,110,110,120,120,122,121,116,125,124,165,160,160,160,159,158,158,158,158,158,158,158,153,157,147,156,167,172,179,181,181,176,181],"gold":381,"neow_bonus":"","is_daily":false,"chose_seed":false,"campfire_upgraded":8,"win_rate":0.0,"timestamp":1609992911,"path_taken":["M","$","?","?","M","R","E","R","T","E","M","R","M","E","R","BOSS","M","M","M","M","M","R","E","R","T","E","$","M","E","M","R","BOSS","M","?","$","M","M","E","M","E","T","NM","?","?","M","E","R","BOSS","BOSS","R","$","E","BOSS"],"items_purchased_type":["Relic","Relic","Relic","Relic","Relic","Relic","Card","Relic","Relic","Card","Card","Relic","Card","Card","Relic","Card","Card","Card","Relic","Card","Relic","Relic","Relic","Relic","Potion"],"build_version":"2020-12-22","purchased_purges":1,"victory":true,"max_hp_per_floor":[79,79,79,79,83,83,87,87,87,91,95,95,99,103,103,103,103,107,111,115,119,123,123,123,123,123,127,127,131,135,135,135,139,169,169,169,169,173,177,177,177,177,177,177,177,177,181,181,181,181,181,181,181,181,181,181],"relic_stats":{"Gremlin Horn":[37,37],"Happy Flower":[5],"counters":[33,152],"Eternal Feather":50,"Pen Nib":[14],"Juzu Bracelet":1,"Letter Opener":[223],"MawBank":300,"Burning Blood":174,"Nunchaku":[0],"TheAbacus":[816],"Turnip":[13],"obtain_stats":[{"ReplayFunnel":28,"Lantern":0,"vexMod:MemoryStick":0,"Replay:PocketPolymizer":0,"Gremlin Horn":0,"Vajra":54,"aspiration:TomeofQuesting":44,"Hammer of Thor":0,"hubris:SlimyHat":0,"Juzu Bracelet":9,"Replay:Mystery Machine":40,"Burning Blood":0,"Nunchaku":55,"TheAbacus":0,"Iron Hammer":0,"vexMod:DeviousBotling":17,"hubris:ChampionShield":0,"Toxic Egg 2":30,"MerchantsRug":32,"Happy Flower":48,"Counterbalance":26,"Guide Book":54,"Eternal Feather":14,"Pen Nib":7,"Replay:WaspNest":24,"Seething Fire":0,"Letter Opener":46,"MawBank":3,"Replay:Arrowhead":37,"Anchor":10,"Anvil of the Gods":0,"Brimstone":0,"Turnip":27,"aspiration:HatOfInfinitePower":0,"Toy Ornithopter":42,"vexMod:BigBerry":34},{"ReplayFunnel":15,"Lantern":0,"vexMod:MemoryStick":0,"Replay:PocketPolymizer":0,"Gremlin Horn":0,"Vajra":31,"aspiration:TomeofQuesting":26,"Hammer of Thor":0,"hubris:SlimyHat":0,"Juzu Bracelet":3,"Replay:Mystery Machine":23,"Burning Blood":0,"Nunchaku":32,"TheAbacus":0,"Iron Hammer":0,"vexMod:DeviousBotling":8,"hubris:ChampionShield":0,"Toxic Egg 2":17,"MerchantsRug":18,"Happy Flower":29,"Counterbalance":14,"Guide Book":31,"Eternal Feather":7,"Pen Nib":3,"Replay:WaspNest":14,"Seething Fire":0,"Letter Opener":27,"MawBank":1,"Replay:Arrowhead":20,"Anchor":4,"Anvil of the Gods":0,"Brimstone":0,"Turnip":15,"aspiration:HatOfInfinitePower":0,"Toy Ornithopter":25,"vexMod:BigBerry":19},{"ReplayFunnel":93,"Lantern":0,"vexMod:MemoryStick":0,"Replay:PocketPolymizer":0,"Gremlin Horn":0,"Vajra":146,"aspiration:TomeofQuesting":128,"Hammer of Thor":0,"hubris:SlimyHat":0,"Juzu Bracelet":29,"Replay:Mystery Machine":121,"Burning Blood":0,"Nunchaku":147,"TheAbacus":0,"Iron Hammer":0,"vexMod:DeviousBotling":61,"hubris:ChampionShield":0,"Toxic Egg 2":100,"MerchantsRug":105,"Happy Flower":137,"Counterbalance":90,"Guide Book":146,"Eternal Feather":50,"Pen Nib":29,"Replay:WaspNest":90,"Seething Fire":0,"Letter Opener":129,"MawBank":5,"Replay:Arrowhead":111,"Anchor":35,"Anvil of the Gods":0,"Brimstone":0,"Turnip":93,"aspiration:HatOfInfinitePower":0,"Toy Ornithopter":126,"vexMod:BigBerry":107}],"Toy Ornithopter":30},"card_choices":[{"not_picked":["True Grit","Anger","ReplayTheSpireMod:Corrosion Curse"],"picked":"SKIP","floor":1.0},{"not_picked":["DDmod:SpikedSkill","DDmod:UnstoppableAttack"],"picked":"Carnage","floor":4.0},{"not_picked":["Sword Boomerang","True Grit"],"picked":"Sentinel","floor":4.0},{"not_picked":["Thunderclap","Body Slam","infinitespire:OneForAll"],"picked":"SKIP","floor":5.0},{"not_picked":["Thunderclap","infinitespire:OneForAll"],"picked":"Body Slam","floor":5.0},{"not_picked":["Massacre","DDmod:UnstoppableAttack","DDmod:CallousedSkill"],"picked":"SKIP","floor":7.0},{"not_picked":["Infernal Blade","Armaments","Clothesline"],"picked":"SKIP","floor":10.0},{"not_picked":["Infernal Blade","Clothesline"],"picked":"Armaments","floor":10.0},{"not_picked":["Twin Strike","conspire:ExplosiveBarrier"],"picked":"conspire:Purge","floor":11.0},{"not_picked":["DDmod:SpikedSkill","Headbutt","Iron Wave"],"picked":"SKIP","floor":13.0},{"not_picked":["Thunderclap","hubris:ReadiedAction"],"picked":"hubris:StunningStrike","floor":14.0},{"not_picked":["Immolate","Demon Form"],"picked":"Offering","floor":16.0},{"not_picked":["Hemokinesis","DDmod:SpikedSkill","Clash+1"],"picked":"SKIP","floor":18.0},{"not_picked":["True Grit","Wild Strike","Cleave"],"picked":"SKIP","floor":19.0},{"not_picked":["Dual Wield","Clash","Defy Death"],"picked":"SKIP","floor":20.0},{"not_picked":["Anger","Infernal Blade+1","Run Through"],"picked":"SKIP","floor":21.0},{"not_picked":["Cleave","Life Link"],"picked":"Shrug It Off","floor":22.0},{"not_picked":["Life Link","Warcry"],"picked":"Limit Break","floor":24.0},{"not_picked":["Massacre","Clash"],"picked":"Power Through+1","floor":27.0},{"not_picked":["DDmod:UnstoppableAttack","Headbutt","Dark Embrace"],"picked":"SKIP","floor":29.0},{"not_picked":["DDmod:SpikedSkill+1","Infernal Blade+1","DDmod:SpikeShotSkill+1"],"picked":"SKIP","floor":30.0},{"not_picked":["ReplayTheSpireMod:Limb From Limb","DDmod:ScaleUpSkill+1","Havoc+1"],"picked":"SKIP","floor":31.0},{"not_picked":["hubris:StunningStrike","Juggernaut"],"picked":"DDmod:AllInSkill+1","floor":33.0},{"not_picked":["Shrug It Off+1","Heavy Blade","hubris:SharpeningStone+1"],"picked":"SKIP","floor":35.0},{"not_picked":["DDmod:CallousedSkill+1","Evolve","Replay:Undeath\u0027s Touch+1"],"picked":"SKIP","floor":38.0},{"not_picked":["Thunderclap+1","Rampage","DDmod:PokeAttack"],"picked":"SKIP","floor":39.0},{"not_picked":["Armaments+1","ReplayTheSpireMod:Stacked+1","Rampage"],"picked":"SKIP","floor":40.0},{"not_picked":["Hemokinesis","Power Through+1","DDmod:UnstoppableAttack"],"picked":"SKIP","floor":41.0},{"not_picked":["DDmod:SpikeShotSkill+1","Burning Pact+1"],"picked":"DDmod:RapidStrikeAttack+1","floor":42.0},{"not_picked":["DDmod:EasePowerCard+1","Clothesline+1","Run Through"],"picked":"SKIP","floor":44.0},{"not_picked":["Clash","True Grit+1","DDmod:SpikedSkill+1"],"picked":"SKIP","floor":47.0},{"not_picked":["Juggernaut","Run Through+1","Sentinel+1"],"picked":"SKIP","floor":48.0},{"not_picked":["Rage+1","Infernal Blade+1","Searing Blow"],"picked":"SKIP","floor":55.0}],"player_experience":814358,"relics_obtained":[{"floor":7.0,"key":"Pen Nib"},{"floor":9.0,"key":"Juzu Bracelet"},{"floor":10.0,"key":"Anchor"},{"floor":14.0,"key":"Eternal Feather"},{"floor":24.0,"key":"Replay:WaspNest"},{"floor":26.0,"key":"Counterbalance"},{"floor":27.0,"key":"Turnip"},{"floor":30.0,"key":"Toxic Egg 2"},{"floor":40.0,"key":"Replay:Mystery Machine"},{"floor":42.0,"key":"Toy Ornithopter"},{"floor":44.0,"key":"aspiration:TomeofQuesting"},{"floor":46.0,"key":"Letter Opener"},{"floor":48.0,"key":"Happy Flower"},{"floor":55.0,"key":"Nunchaku"}],"event_choices":[{"damage_healed":0.0,"max_hp_gain":0.0,"max_hp_loss":0.0,"gold_gain":0.0,"event_name":"Big Fish","player_choice":"Box","floor":3.0,"gold_loss":0.0,"damage_taken":0.0,"relics_obtained":["MawBank"],"cards_obtained":["Regret"]},{"damage_healed":0.0,"max_hp_gain":0.0,"max_hp_loss":0.0,"gold_gain":0.0,"event_name":"conspire:Investor","player_choice":"Invest 4","floor":36.0,"gold_loss":0.0,"damage_taken":0.0},{"damage_healed":0.0,"max_hp_gain":0.0,"max_hp_loss":0.0,"gold_gain":0.0,"cards_transformed":["conspire:SpireCoStock"],"event_name":"Transmorgrifier","player_choice":"Transformed","floor":45.0,"gold_loss":0.0,"damage_taken":0.0,"cards_obtained":["ReplayTheSpireMod:Brewmster"]}],"is_beta":false,"boss_relics":[{"not_picked":["conspire:SpecialSausage","Ectoplasm"],"picked":"vexMod:DeviousBotling"},{"not_picked":["Snecko Eye","Replay:Ancient Bell"],"picked":"vexMod:BigBerry"}],"items_purged_floors":[0],"is_endless":false,"potions_floor_spawned":[1,10,16,20,24,27,29,30,31,38,39,42,47,55],"ascension_level":20}}