{"host":"ff4g3thpm8pmsxyp","time":1609991068,"event":{"mods":["AchievementEnabler","BaseMod","Colored Map","DeckTracker","Highlight Path","Minty Spire (QoL Compilation)","Permanent Neow","Rare Cards Sparkle","Relic Stats","StSLib","SuperFastMode"],"gold_per_floor":[40,40,79,122,158,158,203,289,289,289,289],"floor_reached":10,"playtime":479,"items_purged":[],"score":84,"play_id":"36ae12bf-28a4-466b-af33-570f58047ea7","local_time":"20210106224428","is_ascension_mode":true,"campfire_choices":[{"data":"HandOfGreed","floor":6,"key":"SMITH"}],"circlet_count":0,"master_deck":["Strike_P","Strike_P","Strike_P","Strike_P","Defend_P","Defend_P","Defend_P","Defend_P","Eruption","Vigilance","HandOfGreed+1","Prostrate","Perseverance","EmptyFist","DeusExMachina","EmptyFist","ThirdEye"],"relics":["PureWater","Golden Idol","Bottled Flame","Nunchaku"],"acts_visited":["Exordium"],"potions_floor_usage":[8,8,10],"damage_taken":[{"damage":0,"enemies":"2 Louse","floor":1,"turns":3},{"damage":4,"enemies":"Jaw Worm","floor":3,"turns":5},{"damage":0,"enemies":"Cultist","floor":4,"turns":5},{"damage":6,"enemies":"Red Slaver","floor":5,"turns":7},{"damage":0,"enemies":"2 Fungi Beasts","floor":7,"turns":3},{"damage":1,"enemies":"3 Sentries","floor":8,"turns":7},{"damage":31,"enemies":"Lagavulin","floor":10,"turns":6}],"seed_played":"-231240481669015160","potions_obtained":[{"floor":1,"key":"EssenceOfSteel"},{"floor":4,"key":"AttackPotion"},{"floor":5,"key":"Energy Potion"}],"is_trial":false,"path_per_floor":["M","?","M","M","M","R","M","E","T","E"],"character_chosen":"WATCHER","items_purchased":[],"campfire_rested":0,"item_purchase_floors":[],"current_hp_per_floor":[72,54,50,50,44,44,44,43,43,12,12],"gold":289,"neow_bonus":"RANDOM_COLORLESS_2","is_daily":false,"chose_seed":false,"campfire_upgraded":1,"win_rate":0.0,"timestamp":1609991068,"path_taken":["M","?","M","M","M","R","M","E","T","E"],"items_purchased_type":[],"build_version":"2020-12-22","purchased_purges":0,"victory":false,"max_hp_per_floor":[72,72,72,72,72,72,72,72,72,72,72],"relic_stats":{"Nunchaku":[0],"counters":[7,36],"Golden Idol":23,"obtain_stats":[{"Bottled Flame":8,"Nunchaku":9,"Golden Idol":2,"PureWater":0},{"Bottled Flame":6,"Nunchaku":6,"Golden Idol":1,"PureWater":0},{"Bottled Flame":30,"Nunchaku":30,"Golden Idol":3,"PureWater":0}]},"card_choices":[{"not_picked":["Violence","Panache"],"picked":"HandOfGreed","floor":0},{"not_picked":["WreathOfFlame","JustLucky"],"picked":"Prostrate","floor":1},{"not_picked":["ThirdEye","PathToVictory"],"picked":"Perseverance","floor":3},{"not_picked":["Consecrate","PathToVictory"],"picked":"EmptyFist","floor":4},{"not_picked":["Protect","Consecrate"],"picked":"DeusExMachina","floor":5},{"not_picked":["Crescendo","WheelKick"],"picked":"EmptyFist","floor":7},{"not_picked":["SashWhip","PathToVictory"],"picked":"ThirdEye","floor":8}],"player_experience":253165,"relics_obtained":[{"floor":8,"key":"Bottled Flame"},{"floor":9,"key":"Nunchaku"}],"event_choices":[{"damage_healed":0,"gold_gain":0,"player_choice":"Take Damage","damage_taken":18,"relics_obtained":["Golden Idol"],"max_hp_gain":0,"max_hp_loss":0,"event_name":"Golden Idol","floor":2,"gold_loss":0}],"is_beta":false,"boss_relics":[],"items_purged_floors":[],"is_endless":false,"potions_floor_spawned":[1,4,5],"killed_by":"Lagavulin","ascension_level":4}}