{"host":"jrabe6kr1404ya9q","time":1609994510,"event":{"mods":["BaseMod","Colored Map","Minty Spire (QoL Compilation)","StSLib"],"gold_per_floor":[110,110,121,138,53,53,70,96,96,96,123,139,3,3,3,3,3],"floor_reached":16,"playtime":1034,"items_purged":[],"score":220,"play_id":"1b5fe5ce-b218-4b0f-90c1-a45f60279f2f","local_time":"20210106224150","is_ascension_mode":true,"campfire_choices":[{"data":"Corpse Explosion","floor":6.0,"key":"SMITH"},{"floor":10,"key":"REST"},{"data":"Corpse Explosion","floor":15,"key":"SMITH"}],"circlet_count":0,"master_deck":["AscendersBane","Strike_G","Strike_G","Strike_G","Strike_G","Strike_G","Defend_G","Defend_G","Defend_G","Defend_G","Defend_G","Survivor","Neutralize","Corpse Explosion+1","Bane","Corpse Explosion+1","Well Laid Plans","Quick Slash","Adrenaline","Backflip","Leg Sweep"],"relics":["Ring of the Snake","Calipers","Matryoshka","Bottled Tornado"],"acts_visited":["Exordium"],"potions_floor_usage":[8,11,16],"damage_taken":[{"damage":0.0,"enemies":"Jaw Worm","floor":1.0,"turns":4.0},{"damage":0.0,"enemies":"2 Louse","floor":3.0,"turns":3.0},{"damage":1.0,"enemies":"Cultist","floor":4.0,"turns":3.0},{"damage":15,"enemies":"Lots of Slimes","floor":7,"turns":3},{"damage":34,"enemies":"Gremlin Nob","floor":8,"turns":4},{"damage":17,"enemies":"3 Sentries","floor":11,"turns":3},{"damage":15,"enemies":"Large Slime","floor":12,"turns":5},{"damage":67,"enemies":"Slime Boss","floor":16,"turns":8}],"seed_played":"-511547673119820438","potions_obtained":[{"floor":7,"key":"ColorlessPotion"},{"floor":8,"key":"Poison Potion"}],"is_trial":false,"path_per_floor":["M","?","M","M","$","R","M","E","T","R","E","M","$","?","R","B"],"character_chosen":"THE_SILENT","items_purchased":["Noxious Fumes","Fire Potion","Leg Sweep"],"campfire_rested":1,"item_purchase_floors":[5,13,13],"current_hp_per_floor":[59,64,64,63,63,63,48,14,14,33,16,1,1,65,65,0,0],"gold":3,"neow_bonus":"THREE_RARE_CARDS","is_daily":false,"chose_seed":false,"campfire_upgraded":2,"win_rate":0.0,"timestamp":1609994510,"path_taken":["M","?","M","M","$","R","M","E","T","R","E","M","$","?","R","BOSS"],"items_purchased_type":["Card","Potion","Card"],"build_version":"2020-12-22","purchased_purges":0,"victory":false,"max_hp_per_floor":[60,65,65,65,65,65,65,65,65,65,65,65,65,65,65,65,65],"card_choices":[{"not_picked":["Wraith Form v2","A Thousand Cuts"],"picked":"Corpse Explosion","floor":0.0},{"not_picked":["Cloak And Dagger","Blade Dance"],"picked":"Bane","floor":1.0},{"not_picked":["Underhanded Strike","Poisoned Stab"],"picked":"Corpse Explosion","floor":3.0},{"not_picked":["Noxious Fumes","Slice"],"picked":"Well Laid Plans","floor":4.0},{"not_picked":["Underhanded Strike","Cloak And Dagger"],"picked":"Quick Slash","floor":7},{"not_picked":["Quick Slash","Blade Dance","Dagger Spray"],"picked":"SKIP","floor":8},{"not_picked":["Cloak And Dagger","Deadly Poison"],"picked":"Adrenaline","floor":11},{"not_picked":["Noxious Fumes","Dash"],"picked":"Backflip","floor":12}],"player_experience":1246715,"relics_obtained":[{"floor":8,"key":"Calipers"},{"floor":9,"key":"Matryoshka"},{"floor":11,"key":"Bottled Tornado"}],"event_choices":[{"damage_healed":0.0,"max_hp_gain":5.0,"max_hp_loss":0.0,"gold_gain":0.0,"event_name":"Big Fish","player_choice":"Donut","floor":2.0,"gold_loss":0.0,"damage_taken":0.0},{"cards_removed":["Noxious Fumes"],"damage_healed":64,"gold_gain":0,"player_choice":"Offered Uncommon","damage_taken":0,"max_hp_gain":0,"max_hp_loss":0,"event_name":"Bonfire Elementals","floor":14,"gold_loss":0}],"is_beta":false,"boss_relics":[],"items_purged_floors":[],"is_endless":false,"potions_floor_spawned":[7,8],"killed_by":"Slime Boss","ascension_level":20}}