{"host":"d8hh7rr4yzitjeuj","time":1609983288,"event":{"mods":["2.2 Compatiblity","AchievementEnabler","Act Like it!","BaseMod","Colored Map","Colored Powertips","Highlight Path","Keyboard Shortcuts","Minty Spire (QoL Compilation)","Permanent Neow","Quick Restart","StSLib","SuperFastMode"],"gold_per_floor":[119,132,151,164,209,236,236,253,253,253,287,287,287,287,287,378,378,401,316,340,244,244,244,285,285,338,338,338,338],"floor_reached":28,"playtime":670,"items_purged":[],"score":563,"play_id":"eb54ff22-b421-47f2-952a-6b4d2a41472d","local_time":"20210107103448","is_ascension_mode":true,"campfire_choices":[{"floor":7.0,"key":"REST"},{"floor":10.0,"key":"REST"},{"floor":15.0,"key":"REST"},{"data":"Biased Cognition","floor":23,"key":"SMITH"},{"data":"Chaos","floor":25,"key":"SMITH"},{"floor":27,"key":"REST"}],"circlet_count":0,"master_deck":["AscendersBane","Strike_B","Strike_B","Strike_B","Strike_B","Defend_B","Defend_B","Defend_B","Defend_B","Zap","Dualcast","Biased Cognition+1","Coolheaded","Coolheaded","Compile Driver","Chaos+1","Core Surge","Capacitor","Coolheaded","Electrodynamics","Coolheaded","Panacea","Buffer"],"relics":["Centennial Puzzle","PreservedInsect","Symbiotic Virus","White Beast Statue","Golden Idol","Sozu","Bag of Preparation","Nloth\u0027s Gift","Tiny Chest","Strawberry"],"acts_visited":["Exordium","TheCity"],"potions_floor_usage":[20,20],"damage_taken":[{"damage":1.0,"enemies":"Cultist","floor":1.0,"turns":3.0},{"damage":4.0,"enemies":"2 Louse","floor":2.0,"turns":2.0},{"damage":0.0,"enemies":"Small Slimes","floor":3.0,"turns":2.0},{"damage":20.0,"enemies":"Exordium Wildlife","floor":4.0,"turns":4.0},{"damage":35.0,"enemies":"3 Sentries","floor":6.0,"turns":7.0},{"damage":20.0,"enemies":"Gremlin Gang","floor":8.0,"turns":4.0},{"damage":0.0,"enemies":"Lagavulin","floor":11.0,"turns":6.0},{"damage":19.0,"enemies":"Hexaghost","floor":16.0,"turns":14.0},{"damage":7,"enemies":"Spheric Guardian","floor":18,"turns":4},{"damage":9,"enemies":"Shell Parasite","floor":20,"turns":5},{"damage":15,"enemies":"Gremlin Leader","floor":24,"turns":6},{"damage":70,"enemies":"Slavers","floor":28,"turns":3}],"seed_played":"-8177316430993129787","potions_obtained":[{"floor":2.0,"key":"Block Potion"},{"floor":4.0,"key":"Regen Potion"},{"floor":8.0,"key":"Dexterity Potion"},{"floor":11.0,"key":"Fruit Juice"},{"floor":16.0,"key":"Dexterity Potion"}],"is_trial":false,"path_per_floor":["M","M","M","M","T","E","R","M","T","R","E","?","?","?","R","B",null,"M","?","M","$","?","R","E","R","T","R","E"],"character_chosen":"DEFECT","items_purchased":["Panacea"],"campfire_rested":4,"item_purchase_floors":[21],"current_hp_per_floor":[63,59,59,39,39,19,38,18,18,37,42,18,18,18,38,19,57,50,50,41,41,41,41,26,26,33,55,0,0],"gold":338,"neow_bonus":"THREE_RARE_CARDS","is_daily":false,"chose_seed":false,"campfire_upgraded":2,"win_rate":0.0,"timestamp":1609983288,"path_taken":["M","M","M","M","?","E","R","M","T","R","E","?","?","?","R","BOSS","M","?","M","$","?","R","E","R","T","R","E"],"items_purchased_type":["Card"],"build_version":"2020-12-22","purchased_purges":0,"victory":false,"max_hp_per_floor":[64,64,64,64,64,64,64,64,64,64,69,69,69,69,69,69,69,69,69,69,69,69,69,69,69,76,76,76,76],"card_choices":[{"not_picked":["Fission","Echo Form"],"picked":"Biased Cognition","floor":0.0},{"not_picked":["Steam","Gash"],"picked":"Coolheaded","floor":1.0},{"not_picked":["Redo","Turbo"],"picked":"Coolheaded","floor":2.0},{"not_picked":["Hologram","Reinforced Body"],"picked":"Compile Driver","floor":3.0},{"not_picked":["Recycle","Leap"],"picked":"Chaos","floor":4.0},{"not_picked":["Redo","Capacitor"],"picked":"Core Surge","floor":6.0},{"not_picked":["Redo","Coolheaded"],"picked":"Capacitor","floor":8.0},{"not_picked":["Sweeping Beam","Conserve Battery"],"picked":"Coolheaded","floor":11.0},{"not_picked":["Biased Cognition","Seek"],"picked":"Electrodynamics","floor":16.0},{"not_picked":["Sweeping Beam","Rebound","Gash"],"picked":"SKIP","floor":18},{"not_picked":["Force Field","Cold Snap"],"picked":"Coolheaded","floor":20},{"not_picked":["Lockon","Scrape+1"],"picked":"Buffer","floor":24}],"player_experience":1421485,"relics_obtained":[{"floor":5.0,"key":"Centennial Puzzle"},{"floor":6.0,"key":"PreservedInsect"},{"floor":9.0,"key":"Symbiotic Virus"},{"floor":11.0,"key":"White Beast Statue"},{"floor":24,"key":"Tiny Chest"},{"floor":26,"key":"Strawberry"}],"event_choices":[{"damage_healed":0.0,"max_hp_gain":0.0,"max_hp_loss":0.0,"gold_gain":0.0,"event_name":"Golden Idol","player_choice":"Take Damage","floor":12.0,"gold_loss":0.0,"damage_taken":24.0,"relics_obtained":["Golden Idol"]},{"damage_healed":0.0,"max_hp_gain":0.0,"max_hp_loss":0.0,"gold_gain":0.0,"event_name":"Shining Light","player_choice":"Ignored","floor":13.0,"gold_loss":0.0,"damage_taken":0.0},{"damage_healed":0.0,"max_hp_gain":0.0,"max_hp_loss":0.0,"gold_gain":0.0,"event_name":"Scrap Ooze","player_choice":"Fled","floor":14.0,"gold_loss":0.0,"damage_taken":0.0},{"damage_healed":0,"gold_gain":0,"player_choice":"Obtained Relic","damage_taken":0,"relics_obtained":["Bag of Preparation"],"max_hp_gain":0,"max_hp_loss":0,"event_name":"Addict","floor":19,"gold_loss":85},{"damage_healed":0,"gold_gain":0,"player_choice":"Traded Relic","damage_taken":0,"relics_obtained":["Nloth\u0027s Gift"],"max_hp_gain":0,"max_hp_loss":0,"event_name":"N\u0027loth","floor":22,"relics_lost":["Cracked Core"],"gold_loss":0}],"is_beta":false,"boss_relics":[{"not_picked":["Fusion Hammer","Cursed Key"],"picked":"Sozu"}],"items_purged_floors":[],"is_endless":false,"potions_floor_spawned":[2,4,8,11,16,18,20,24],"killed_by":"Slavers","ascension_level":20}}