{"host":"c7ynplg91rdyh3sz","time":1609983583,"event":{"mods":["BaseMod","Jorbs\u0027s Wanderer Trilogy","Minty Spire (QoL Compilation)","Replay The Spire","StSLib","The Cursed","The Hierophant"],"gold_per_floor":[109,22,22,39,39,39,66,66,66,95,109,184,194,227,227,330,430,447,460,472,491,510,510,510,510,510,510,529,529,560,560,560,661,661,681,701,701,701,713,743,760,775,775,803,820,844,844,844],"floor_reached":47,"playtime":9034,"items_purged":[],"score":552,"play_id":"7a432247-25e3-4a60-979b-61754dddd981","local_time":"20210106193943","is_ascension_mode":false,"campfire_choices":[{"floor":6.0,"key":"RECALL"},{"data":"TheCursedMod:CursedWand","floor":8.0,"key":"SMITH"},{"data":"TheCursedMod:CollectTribute","floor":23.0,"key":"SMITH"},{"floor":25.0,"key":"REST"},{"data":"TheCursedMod:CursedWand","floor":27.0,"key":"SMITH"},{"data":"TheCursedMod:AbyssShockwave","floor":32.0,"key":"SMITH"}],"circlet_count":0,"master_deck":["TheCursedMod:CursedWand+1","TheCursedMod:CleanUpWorkshop","TheCursedMod:Dregs","TheCursedMod:CursedWand+1","TheCursedMod:CollectTribute+1","TheCursedMod:SoulCrush","TheCursedMod:SpitefulPray","TheCursedMod:CursedShiv","TheCursedMod:SurpriseAttack+1","TheCursedMod:SurpriseAttack+1","TheCursedMod:SoulCrush","TheCursedMod:Wield","TheCursedMod:AbyssShockwave+1","TheCursedMod:CursedSpellbook","TheCursedMod:DemonSword","TheCursedMod:Neurasthenia","TheCursedMod:AbyssShockwave+1","TheCursedMod:VitalStrike","TheCursedMod:StingEye+1","TheCursedMod:CursedMace","TheCursedMod:WearCloak","TheCursedMod:Neurasthenia","TheCursedMod:DoubleShield","TheCursedMod:SurpriseAttack+1","TheCursedMod:BlessingInDisguise","TheCursedMod:CursedShiv","TheCursedMod:CursedBoomerang+1","TheCursedMod:Obscuration","TheCursedMod:CursedShiv","TheCursedMod:CursedStaff+1","TheCursedMod:OutForBlood","TheCursedMod:CursedMace","TheCursedMod:StingEye","TheCursedMod:CursedMace+1","TheCursedMod:HellfireBreathing+1","TheCursedMod:Wield","Parasite","TheCursedMod:CursedBlade+1","TheCursedMod:ManaBullet+1"],"relics":["TheCursedMod:BlackMagic101","Boot","Toy Ornithopter","Singing Bowl","Replay:Grab Bag","TheCursedMod:OminousMark","Replay:Wanted Poster","Pandora\u0027s Box","Dream Catcher","Thread and Needle","Anchor","Black Star","Pet Ghost","Replay:Bottled Eggs","Eternal Feather","Replay:PocketPolymizer","Akabeko","Whetstone"],"acts_visited":["Exordium","TheCity","TheBeyond"],"potions_floor_usage":[45],"damage_taken":[{"damage":2.0,"enemies":"Small Slimes","floor":1.0,"turns":4.0},{"damage":0.0,"enemies":"Cultist","floor":4.0,"turns":3.0},{"damage":17.0,"enemies":"3 Sentries","floor":7.0,"turns":10.0},{"damage":15.0,"enemies":"Gremlin Nob","floor":10.0,"turns":4.0},{"damage":0.0,"enemies":"Jaw Worm","floor":11.0,"turns":2.0},{"damage":0.0,"enemies":"Red Slaver","floor":13.0,"turns":2.0},{"damage":19.0,"enemies":"Lagavulin","floor":14.0,"turns":4.0},{"damage":14.0,"enemies":"Slime Boss","floor":16.0,"turns":6.0},{"damage":0.0,"enemies":"Spheric Guardian","floor":18.0,"turns":3.0},{"damage":0.0,"enemies":"Shell Parasite","floor":19.0,"turns":2.0},{"damage":13.0,"enemies":"Snecko","floor":20.0,"turns":4.0},{"damage":13.0,"enemies":"3 Cultists","floor":21.0,"turns":4.0},{"damage":5.0,"enemies":"Snake Plant","floor":22.0,"turns":3.0},{"damage":0.0,"enemies":"Sentry and Sphere","floor":28.0,"turns":3.0},{"damage":4.0,"enemies":"Gremlin Leader","floor":30.0,"turns":4.0},{"damage":25.0,"enemies":"Champ","floor":33.0,"turns":7.0},{"damage":0.0,"enemies":"3 Darklings","floor":35.0,"turns":3.0},{"damage":1.0,"enemies":"3 Shapes","floor":36.0,"turns":3.0},{"damage":0,"enemies":"Sphere and 2 Shapes","floor":39,"turns":4},{"damage":44,"enemies":"Nemesis","floor":40,"turns":5},{"damage":2,"enemies":"Spire Growth","floor":41,"turns":4},{"damage":1,"enemies":"Writhing Mass","floor":42,"turns":4},{"damage":18,"enemies":"Giant Head","floor":44,"turns":7},{"damage":3,"enemies":"Jaw Worm Horde","floor":45,"turns":3},{"damage":34,"enemies":"Nemesis","floor":47,"turns":2}],"seed_played":"3213217563038622931","potions_obtained":[{"floor":1.0,"key":"PowerPotion"},{"floor":5.0,"key":"Regen Potion"},{"floor":5.0,"key":"Dexterity Potion"},{"floor":7.0,"key":"CultistPotion"},{"floor":14.0,"key":"TheCursedMod:DregsPotion"},{"floor":20.0,"key":"Explosive Potion"},{"floor":21.0,"key":"DuplicationPotion"},{"floor":33.0,"key":"Languid Potion"},{"floor":35.0,"key":"Adrenaline Potion"},{"floor":41,"key":"Explosive Potion"}],"is_trial":false,"path_per_floor":["M","$","?","M","?","R","E","R","T","E","M","?","M","E","R","B",null,"M","M","M","M","M","R","?","R","T","R","M","T","E","?","R","B",null,"M","M","?","?","M","E","M","M","T","E","M","T","E"],"character_chosen":"THE_CURSED","items_purchased":["TheCursedMod:SpitefulPray","TheCursedMod:CursedShiv"],"campfire_rested":1,"item_purchase_floors":[2,2],"current_hp_per_floor":[73,73,73,73,73,73,56,56,56,41,51,40,40,21,43,29,75,75,75,62,49,44,44,44,66,66,66,66,66,62,62,62,42,75,75,74,74,76,76,32,30,29,29,11,15,15,0,0],"gold":844,"neow_bonus":"THREE_RARE_CARDS","is_daily":false,"chose_seed":false,"campfire_upgraded":4,"win_rate":0.0,"timestamp":1609983583,"path_taken":["M","$","?","?","?","R","E","R","T","E","?","?","M","E","R","BOSS","M","M","M","M","M","R","?","R","T","R","M","?","E","?","R","BOSS","M","?","?","?","M","E","M","M","T","E","M","?","E"],"items_purchased_type":["Card","Card"],"build_version":"2020-12-22","purchased_purges":0,"victory":false,"max_hp_per_floor":[75,75,75,75,75,75,75,75,75,75,75,75,75,75,75,75,75,75,75,75,75,75,75,75,75,75,75,75,75,75,75,75,75,75,75,75,75,77,77,77,77,77,77,77,79,79,79,79],"card_choices":[{"not_picked":["TheCursedMod:ManaCirculation","TheCursedMod:ParallelWorld"],"picked":"TheCursedMod:CollectTribute","floor":0.0},{"not_picked":["TheCursedMod:Mangle","TheCursedMod:Wield"],"picked":"TheCursedMod:SoulCrush","floor":1.0},{"not_picked":["TheCursedMod:TacticalStrike","TheCursedMod:Mangle"],"picked":"TheCursedMod:SurpriseAttack","floor":4.0},{"not_picked":["TheCursedMod:HellsGateOpen","TheCursedMod:SpreadPlague"],"picked":"TheCursedMod:SurpriseAttack","floor":7.0},{"not_picked":["TheCursedMod:SmokeScreen","TheCursedMod:Evocation"],"picked":"TheCursedMod:SoulCrush","floor":10.0},{"not_picked":["TheCursedMod:CursedMace","TheCursedMod:CircleOfAmplification"],"picked":"TheCursedMod:Wield","floor":11.0},{"not_picked":["TheCursedMod:Evocation","TheCursedMod:TacticalStrike"],"picked":"TheCursedMod:AbyssShockwave","floor":13.0},{"not_picked":["TheCursedMod:CircleOfCorruption","TheCursedMod:Wield"],"picked":"TheCursedMod:CursedSpellbook","floor":14.0},{"not_picked":["TheCursedMod:CollectTribute","TheCursedMod:DarkBarrier"],"picked":"TheCursedMod:DemonSword","floor":16.0},{"not_picked":["TheCursedMod:Grudge","TheCursedMod:Wield"],"picked":"TheCursedMod:SurpriseAttack+1","floor":18.0},{"not_picked":["TheCursedMod:Torture","TheCursedMod:CircleOfCorruption"],"picked":"TheCursedMod:BlessingInDisguise","floor":19.0},{"not_picked":["TheCursedMod:SurpriseAttack+1","TheCursedMod:Stigma+1"],"picked":"TheCursedMod:CursedShiv","floor":20.0},{"not_picked":["TheCursedMod:SoulCrush","TheCursedMod:SurpriseAttack"],"picked":"TheCursedMod:CursedBoomerang+1","floor":21.0},{"not_picked":["TheCursedMod:TacticalStrike","TheCursedMod:EmpowerCircles"],"picked":"TheCursedMod:Obscuration","floor":22.0},{"not_picked":["TheCursedMod:FleshFromBone","TheCursedMod:Stigma"],"picked":"TheCursedMod:CursedShiv","floor":28.0},{"not_picked":["TheCursedMod:Mangle","TheCursedMod:Obscuration"],"picked":"TheCursedMod:CursedStaff+1","floor":30.0},{"not_picked":["TheCursedMod:DemonicPact","TheCursedMod:ParallelWorld"],"picked":"TheCursedMod:OutForBlood","floor":33.0},{"not_picked":["TheCursedMod:Wield","TheCursedMod:SpreadPlague+1"],"picked":"TheCursedMod:CursedMace","floor":35.0},{"not_picked":["TheCursedMod:CircleOfCorruption","TheCursedMod:Stigma+1"],"picked":"TheCursedMod:StingEye","floor":36},{"not_picked":["Mayhem","Dark Shackles","Magnetism"],"picked":"Singing Bowl","floor":38},{"not_picked":["TheCursedMod:SoulReap","TheCursedMod:Stigma"],"picked":"TheCursedMod:CursedMace+1","floor":39},{"not_picked":["TheCursedMod:Mangle+1","TheCursedMod:CursedShiv+1"],"picked":"TheCursedMod:HellfireBreathing+1","floor":40},{"not_picked":["TheCursedMod:Torture+1","TheCursedMod:CursedAmulet"],"picked":"TheCursedMod:Wield","floor":41},{"not_picked":["TheCursedMod:CursedStaff","TheCursedMod:StingEye"],"picked":"TheCursedMod:CursedBlade+1","floor":42},{"not_picked":["TheCursedMod:RapidMovement+1","TheCursedMod:CircleOfFlame+1"],"picked":"TheCursedMod:ManaBullet+1","floor":44},{"not_picked":["TheCursedMod:AshesToAshes+1","TheCursedMod:TacticalStrike","TheCursedMod:CircleOfBlood"],"picked":"Singing Bowl","floor":45}],"player_experience":219533,"relics_obtained":[{"floor":7.0,"key":"Boot"},{"floor":10.0,"key":"Toy Ornithopter"},{"floor":14.0,"key":"Singing Bowl"},{"floor":26.0,"key":"Dream Catcher"},{"floor":29.0,"key":"Thread and Needle"},{"floor":30.0,"key":"Anchor"},{"floor":40,"key":"Pet Ghost"},{"floor":40,"key":"Replay:Bottled Eggs"},{"floor":43,"key":"Eternal Feather"},{"floor":44,"key":"Replay:PocketPolymizer"},{"floor":44,"key":"Akabeko"},{"floor":46,"key":"Whetstone"}],"event_choices":[{"cards_removed":["TheCursedMod:Strike_TheCursed"],"damage_healed":0.0,"max_hp_gain":0.0,"max_hp_loss":0.0,"gold_gain":0.0,"event_name":"Purifier","player_choice":"Purged","floor":3.0,"gold_loss":0.0,"damage_taken":0.0},{"damage_healed":0.0,"max_hp_gain":0.0,"max_hp_loss":0.0,"gold_gain":0.0,"event_name":"Lab","player_choice":"Got Potions","floor":5.0,"gold_loss":0.0,"damage_taken":0.0},{"damage_healed":0.0,"max_hp_gain":0.0,"max_hp_loss":0.0,"gold_gain":75.0,"event_name":"World of Goop","player_choice":"Gather Gold","floor":12.0,"gold_loss":0.0,"damage_taken":11.0},{"damage_healed":0.0,"max_hp_gain":0.0,"max_hp_loss":0.0,"gold_gain":0.0,"event_name":"Cursed Tome","player_choice":"Ignored","floor":24.0,"gold_loss":0.0,"damage_taken":0.0},{"damage_healed":0.0,"max_hp_gain":0.0,"max_hp_loss":0.0,"gold_gain":0.0,"event_name":"Upgrade Shrine","player_choice":"Upgraded","floor":31.0,"gold_loss":0.0,"damage_taken":0.0,"cards_upgraded":["TheCursedMod:AbyssShockwave"]},{"damage_healed":0,"gold_gain":0,"player_choice":"Ignored","damage_taken":0,"max_hp_gain":0,"max_hp_loss":0,"event_name":"Tomb of Lord Red Mask","floor":37,"gold_loss":0},{"damage_healed":0,"gold_gain":0,"player_choice":"Memory 1","damage_taken":0,"max_hp_gain":0,"max_hp_loss":0,"event_name":"SensoryStone","floor":38,"gold_loss":0}],"is_beta":false,"boss_relics":[{"not_picked":["Sozu","Replay:Drink Me"],"picked":"Replay:Grab Bag"},{"not_picked":["Replay:Bronze Core","Abe\u0027s Treasure"],"picked":"TheCursedMod:OminousMark"},{"not_picked":["ReplayTheSpireMod:Onyx Gauntlets","Ectoplasm"],"picked":"Replay:Wanted Poster"},{"not_picked":["Runic Pyramid","Snecko Eye"],"picked":"Pandora\u0027s Box"},{"not_picked":["Kintsugi","Replay:Ancient Bell"],"picked":"Black Star"}],"items_purged_floors":[],"is_endless":false,"potions_floor_spawned":[1,7,14,20,21,30,33,35,36,41],"killed_by":"Nemesis","ascension_level":0}}