{"host":"7k7fhzlbqzyu5ijh","time":1609984944,"event":{"mods":["AchievementEnabler","BaseMod","Bestiary","Colored Powertips","Filter the Spire","Highlight Path","Minty Spire (QoL Compilation)","Potion Indicator Mod","RNG Fix","Relic Stats"],"gold_per_floor":[112,126,144,219,231,231,260,260,314,314,328,328,341,291,291,387,387,401,401,412,441,453,478,478,505,505,505,505],"floor_reached":27,"playtime":1055,"items_purged":[],"score":379,"play_id":"b5571792-a6fe-4925-b0e2-c66d88dda400","local_time":"20210106210224","is_ascension_mode":true,"campfire_choices":[{"data":"Hyperbeam","floor":6.0,"key":"SMITH"},{"data":"Beam Cell","floor":8.0,"key":"SMITH"},{"data":"Beam Cell","floor":10.0,"key":"SMITH"},{"data":"Streamline","floor":12.0,"key":"SMITH"},{"data":"Reprogram","floor":15,"key":"SMITH"},{"floor":24,"key":"REST"}],"circlet_count":0,"master_deck":["Strike_B","Strike_B","Strike_B","Defend_B","Defend_B","Defend_B","Defend_B","Dualcast","Hyperbeam+1","Cold Snap","Beam Cell+1","Sweeping Beam","Streamline+1","Beam Cell+1","Leap","Reprogram+1","Creative AI","Melter","Gash+1","Go for the Eyes+1","Conserve Battery+1"],"relics":["Cracked Core","StoneCalendar","Smiling Mask","SacredBark","Red Mask","Sundial","Bronze Scales"],"acts_visited":["Exordium","TheCity"],"potions_floor_usage":[16,20,23,25],"damage_taken":[{"damage":0.0,"enemies":"Cultist","floor":1.0,"turns":3.0},{"damage":2.0,"enemies":"Jaw Worm","floor":2.0,"turns":2.0},{"damage":4.0,"enemies":"Small Slimes","floor":3.0,"turns":2.0},{"damage":6.0,"enemies":"3 Louse","floor":5.0,"turns":2.0},{"damage":8.0,"enemies":"Gremlin Nob","floor":7.0,"turns":3.0},{"damage":1.0,"enemies":"Looter","floor":11.0,"turns":2.0},{"damage":0.0,"enemies":"Large Slime","floor":13.0,"turns":2.0},{"damage":0,"enemies":"Slime Boss","floor":16,"turns":6},{"damage":0,"enemies":"Chosen","floor":18,"turns":3},{"damage":14,"enemies":"2 Thieves","floor":20,"turns":2},{"damage":7,"enemies":"Masked Bandits","floor":21,"turns":2},{"damage":24,"enemies":"Snake Plant","floor":22,"turns":3},{"damage":52,"enemies":"Book of Stabbing","floor":23,"turns":5},{"damage":16,"enemies":"Gremlin Leader","floor":25,"turns":6},{"damage":21,"enemies":"Cultist and Chosen","floor":27,"turns":4}],"seed_played":"6579620463494262647","potions_obtained":[{"floor":2.0,"key":"SteroidPotion"},{"floor":11.0,"key":"Strength Potion"},{"floor":18,"key":"BlessingOfTheForge"},{"floor":21,"key":"Regen Potion"},{"floor":23,"key":"Fruit Juice"}],"is_trial":false,"path_per_floor":["M","M","M","?","M","R","E","R","T","R","M","R","M","?","R","B",null,"M","?","M","?","M","E","R","E","T","M"],"character_chosen":"DEFECT","items_purchased":[],"campfire_rested":1,"item_purchase_floors":[],"current_hp_per_floor":[75,73,69,58,52,52,44,44,44,44,43,43,43,43,43,43,67,67,67,53,46,22,4,26,20,20,0,0],"gold":505,"neow_bonus":"ONE_RANDOM_RARE_CARD","is_daily":false,"chose_seed":false,"campfire_upgraded":5,"win_rate":0.0,"timestamp":1609984944,"path_taken":["M","M","M","?","?","R","E","R","T","R","M","R","M","?","R","BOSS","M","?","?","?","M","E","R","E","T","M"],"items_purchased_type":[],"build_version":"2020-12-22","purchased_purges":0,"victory":false,"max_hp_per_floor":[75,75,75,75,75,75,75,75,75,75,75,75,75,75,75,75,75,75,75,75,75,75,75,75,85,85,85,85],"relic_stats":{"counters":[15,47],"Sundial":[0],"Bronze Scales":[12],"StoneCalendar":[0],"Smiling Mask":0,"obtain_stats":[{"Sundial":25,"SacredBark":17,"Bronze Scales":26,"StoneCalendar":7,"Red Mask":21,"Cracked Core":0,"Smiling Mask":9},{"Sundial":14,"SacredBark":8,"Bronze Scales":14,"StoneCalendar":5,"Red Mask":11,"Cracked Core":0,"Smiling Mask":5},{"Sundial":43,"SacredBark":22,"Bronze Scales":43,"StoneCalendar":12,"Red Mask":29,"Cracked Core":0,"Smiling Mask":12}]},"card_choices":[{"not_picked":["Conserve Battery","Undo"],"picked":"Cold Snap","floor":1.0},{"not_picked":["Compile Driver","Cold Snap"],"picked":"Beam Cell","floor":2.0},{"not_picked":["Conserve Battery","Coolheaded"],"picked":"Sweeping Beam","floor":3.0},{"not_picked":["Ball Lightning","Steam"],"picked":"Streamline","floor":5.0},{"not_picked":["Ball Lightning","Heatsinks"],"picked":"Beam Cell","floor":7.0},{"not_picked":["Turbo","Barrage"],"picked":"Leap","floor":11.0},{"not_picked":["Hologram","Meteor Strike"],"picked":"Reprogram","floor":13.0},{"not_picked":["Multi-Cast","Rainbow"],"picked":"Creative AI","floor":16},{"not_picked":["Tempest","Conserve Battery"],"picked":"Melter","floor":18},{"not_picked":["Coolheaded+1","Chaos","Redo"],"picked":"SKIP","floor":20},{"not_picked":["Self Repair","Cold Snap"],"picked":"Gash+1","floor":21},{"not_picked":["Compile Driver","Hello World","Biased Cognition"],"picked":"SKIP","floor":22},{"not_picked":["FTL","Beam Cell"],"picked":"Go for the Eyes+1","floor":23},{"not_picked":["Steam","Barrage"],"picked":"Conserve Battery+1","floor":25}],"player_experience":380856,"relics_obtained":[{"floor":7.0,"key":"StoneCalendar"},{"floor":9.0,"key":"Smiling Mask"},{"floor":21,"key":"Red Mask"},{"floor":25,"key":"Sundial"},{"floor":26,"key":"Bronze Scales"}],"event_choices":[{"damage_healed":0.0,"max_hp_gain":0.0,"max_hp_loss":0.0,"gold_gain":75.0,"event_name":"World of Goop","player_choice":"Gather Gold","floor":4.0,"gold_loss":0.0,"damage_taken":11.0},{"cards_removed":["Strike_B"],"damage_healed":0,"gold_gain":0,"player_choice":"Card Removal","damage_taken":0,"max_hp_gain":0,"max_hp_loss":0,"event_name":"The Cleric","floor":14,"gold_loss":50},{"cards_removed":["Zap"],"damage_healed":0,"gold_gain":0,"player_choice":"Purged","damage_taken":0,"max_hp_gain":0,"max_hp_loss":0,"event_name":"Purifier","floor":19,"gold_loss":0},{"damage_healed":0,"gold_gain":0,"player_choice":"Fought Bandits","damage_taken":0,"max_hp_gain":0,"max_hp_loss":0,"event_name":"Masked Bandits","floor":21,"gold_loss":0}],"is_beta":false,"boss_relics":[{"not_picked":["Ectoplasm","Runic Dome"],"picked":"SacredBark"}],"items_purged_floors":[],"is_endless":false,"potions_floor_spawned":[2,11,18,21,23],"killed_by":"Cultist and Chosen","ascension_level":5}}