{"host":"newqdrzxfhh2im9e","time":1609984374,"event":{"mods":["AchievementEnabler","BaseMod","BetterRewards","Block Reminder","Colored Map","Jorbs\u0027s Wanderer Trilogy","Minty Spire (QoL Compilation)","Rare Cards Sparkle","Shop Mod","StSLib"],"gold_per_floor":[114,114,124,11,28,38,70,88,111,111,111,131,131,15,15,113,113,127,42,37,37,37,37,71,71,71],"floor_reached":25,"playtime":844,"items_purged":["Clumsy"],"score":221,"play_id":"03130e7d-3f04-430f-a5db-e0b5f1449113","local_time":"20210106175254","is_ascension_mode":false,"campfire_choices":[{"floor":11,"key":"REST"},{"floor":13,"key":"REST"},{"data":"BattleHymn","floor":15,"key":"SMITH"},{"data":"Devotion","floor":23,"key":"SMITH"}],"circlet_count":0,"master_deck":["Strike_P","Strike_P","Defend_P","Defend_P","Defend_P","Eruption","Vigilance","Consecrate","Conclude","MentalFortress","WreathOfFlame","Nirvana","CutThroughFate","CrushJoints","LikeWater","BattleHymn+1","Tantrum","Devotion+1","Evaluate+1","Purity","Vengeance+1"],"relics":["PureWater","Anchor","Orichalcum","Empty Cage","MutagenicStrength","Centennial Puzzle"],"acts_visited":["Exordium","TheCity"],"potions_floor_usage":[6,7,7,18,20,25],"damage_taken":[{"damage":1,"enemies":"2 Louse","floor":1,"turns":3},{"damage":0,"enemies":"Cultist","floor":3,"turns":2},{"damage":0,"enemies":"Small Slimes","floor":5,"turns":2},{"damage":1,"enemies":"Exordium Wildlife","floor":6,"turns":4},{"damage":50,"enemies":"Gremlin Nob","floor":7,"turns":4},{"damage":0,"enemies":"Gremlin Gang","floor":8,"turns":2},{"damage":21,"enemies":"Large Slime","floor":12,"turns":5},{"damage":44,"enemies":"Hexaghost","floor":16,"turns":7},{"damage":10,"enemies":"3 Byrds","floor":18,"turns":3},{"damage":10,"enemies":"2 Thieves","floor":20,"turns":4},{"damage":60,"enemies":"Slavers","floor":24,"turns":5},{"damage":9,"enemies":"Snecko","floor":25,"turns":2}],"seed_played":"-3705047242399584971","potions_obtained":[{"floor":3,"key":"FearPotion"},{"floor":5,"key":"SkillPotion"},{"floor":6,"key":"BottledMiracle"},{"floor":16,"key":"AttackPotion"},{"floor":18,"key":"DuplicationPotion"},{"floor":24,"key":"LiquidBronze"}],"is_trial":false,"path_per_floor":["M","?","M","$","M","M","E","M","T","?","R","M","R","$","R","B",null,"M","$","M","?","?","R","E","M"],"character_chosen":"WATCHER","items_purchased":["MentalFortress","BattleHymn","Tantrum","Purity"],"campfire_rested":2,"item_purchase_floors":[4,14,14,19],"current_hp_per_floor":[85,85,85,85,85,84,34,34,34,34,59,38,63,63,63,19,86,76,76,66,66,66,66,6,0,0],"gold":71,"neow_bonus":"TWENTY_PERCENT_HP_BONUS","is_daily":false,"chose_seed":false,"campfire_upgraded":2,"win_rate":0.0,"timestamp":1609984374,"path_taken":["M","?","?","$","M","M","E","M","T","?","R","M","R","?","R","BOSS","M","$","M","?","?","R","E","M"],"items_purchased_type":["Card","Card","Card","Card"],"build_version":"2020-12-22","purchased_purges":1,"victory":false,"max_hp_per_floor":[86,86,86,86,86,86,86,86,86,86,86,86,86,86,86,86,86,86,86,86,86,86,86,86,86,86],"card_choices":[{"not_picked":["ThirdEye","CrushJoints"],"picked":"Consecrate","floor":1},{"not_picked":["FlyingSleeves","FollowUp"],"picked":"Conclude","floor":3},{"not_picked":["ClearTheMind","ThirdEye"],"picked":"WreathOfFlame","floor":5},{"not_picked":["EmptyBody","Consecrate"],"picked":"Nirvana","floor":6},{"not_picked":["Prostrate","Halt"],"picked":"CutThroughFate","floor":7},{"not_picked":["CutThroughFate","CrushJoints","Prostrate"],"picked":"SKIP","floor":8},{"not_picked":["Evaluate","CrushJoints"],"picked":"LikeWater","floor":12},{"not_picked":["ConjureBlade","Omniscience"],"picked":"Devotion","floor":16},{"not_picked":["Consecrate","WheelKick"],"picked":"Evaluate+1","floor":18},{"not_picked":["ThirdEye","EmptyFist"],"picked":"Vengeance+1","floor":20},{"not_picked":["EmptyBody","FlyingSleeves","Protect"],"picked":"SKIP","floor":24}],"player_experience":699776,"relics_obtained":[{"floor":7,"key":"Anchor"},{"floor":9,"key":"Orichalcum"},{"floor":24,"key":"Centennial Puzzle"}],"event_choices":[{"damage_healed":0,"gold_gain":0,"player_choice":"0 cards matched","damage_taken":0,"max_hp_gain":0,"max_hp_loss":0,"event_name":"Match and Keep!","floor":2,"gold_loss":0,"cards_obtained":[]},{"damage_healed":0,"gold_gain":0,"cards_transformed":["Defend_P"],"player_choice":"Transformed","damage_taken":0,"max_hp_gain":0,"max_hp_loss":0,"event_name":"Transmorgrifier","floor":10,"gold_loss":0,"cards_obtained":["CrushJoints"]},{"damage_healed":0,"gold_gain":0,"player_choice":"Inject Mutagens","damage_taken":0,"relics_obtained":["MutagenicStrength"],"max_hp_gain":0,"max_hp_loss":0,"event_name":"Drug Dealer","floor":21,"gold_loss":0},{"damage_healed":0,"gold_gain":0,"player_choice":"Ignored","damage_taken":0,"max_hp_gain":0,"max_hp_loss":0,"event_name":"Ghosts","floor":22,"gold_loss":0}],"is_beta":false,"boss_relics":[{"not_picked":["Philosopher\u0027s Stone","Runic Dome"],"picked":"Empty Cage"}],"items_purged_floors":[4],"is_endless":false,"potions_floor_spawned":[3,5,6,16,18,24],"killed_by":"Snecko","ascension_level":0}}