{"host":"pn0n58vrtcysp2am","time":1609999276,"event":{"mods":["100% Spire Juice","ATMod(°¢èªMod)","Act Like it!","Arknights The Spire","BaseMod","CapriCore","Friendly Minions","KomeijiMod","Minty Spire (QoL Compilation)","READ ME - Guardian Mod","StSLib","The Immortal"],"gold_per_floor":[112,112,126,126,138,138,168,188,188,188,40,40,51,1,1,202,202,212,212,227,55,68,68,198,198,279,291,417,429,440,457,457,660,660,674,674,688,704,704,835,129,257,257,275,275,275,288,304,304,504],"floor_reached":51,"playtime":3184,"items_purged":["ats:Strike C","ats:Strike V","ats:Strike S"],"score":776,"play_id":"fbbd1b87-50bd-470d-8c60-9a2e721d06a0","local_time":"20210107140116","is_ascension_mode":false,"campfire_choices":[{"data":"ats:Emotion Absorption","floor":6,"key":"SMITH"},{"data":"ats:Composite Medical Shells","floor":10,"key":"SMITH"},{"data":"ats:Rapid Magazine","floor":12,"key":"SMITH"},{"data":"ats:Armor Crushing Shot","floor":15,"key":"SMITH"},{"data":"ats:Disruption Kick","floor":23,"key":"SMITH"},{"data":"ats:Apocalypse","floor":25,"key":"SMITH"},{"data":"ats:Support Order","floor":32,"key":"SMITH"},{"data":"ats:Dogmatic Field","floor":46,"key":"SMITH"},{"data":"ats:Healing Strengthening","floor":49,"key":"SMITH"}],"circlet_count":0,"master_deck":["ats:Armor Crushing Shot+1","ats:Defend","ats:Defend","ats:Defend","ats:Defend","ats:Emotion Absorption+1","ats:Revitalization+1","ats:Assault Order","ats:Powerful Strike","ats:Composite Medical Shells+1","ats:Overload","ats:Rapid Magazine+1","ats:Sword Rain","ats:Calcification","ats:Healing Strengthening+1","ats:Disruption Kick+1","ats:Curse Doll","ats:Sunburst+1","ats:Childhood Dance","ats:Support Order+1","ats:Apocalypse","ats:Hook Shot","ats:Dogmatic Field+1","ats:Charging Defense","ats:Cat Scratch+1","ats:Blood Oath+1","ats:Shell Defense+1","ats:Apocalypse","ats:Healing Strengthening+1","Master of Strategy","ats:Composite Medical Shells+1","ats:Rat Pack+1","ats:Neurotoxin+1","ats:Poison Spread+1"],"relics":["ats:Sanity","AT_ATBox","ats:Originium","AT_TheCollector","Mango","AT_TrinityForce","CaptainsWheel","ats:Hidden Killer","Sundial","Lizard Tail","ats:Omniscience","AT_ChloranthyRing","ats:Military Tradition","Torii","Toxic Egg 2","AT_Manta"],"acts_visited":["Exordium","TheCity","TheBeyond"],"potions_floor_usage":[29,33],"damage_taken":[{"damage":0,"enemies":"Small Slimes","floor":1,"turns":4},{"damage":13,"enemies":"Cultist","floor":3,"turns":5},{"damage":19,"enemies":"Jaw Worm","floor":5,"turns":8},{"damage":21,"enemies":"Gremlin Nob","floor":7,"turns":4},{"damage":18,"enemies":"Blue Slaver","floor":8,"turns":5},{"damage":21,"enemies":"Large Slime","floor":13,"turns":7},{"damage":63,"enemies":"Hexaghost","floor":16,"turns":10},{"damage":0,"enemies":"Spheric Guardian","floor":18,"turns":3},{"damage":8,"enemies":"Chosen","floor":20,"turns":5},{"damage":11,"enemies":"3 Cultists","floor":22,"turns":5},{"damage":54,"enemies":"Slavers","floor":24,"turns":6},{"damage":6,"enemies":"Shelled Parasite and Fungi","floor":27,"turns":4},{"damage":52,"enemies":"Book of Stabbing","floor":28,"turns":7},{"damage":16,"enemies":"Chosen and Byrds","floor":29,"turns":5},{"damage":16,"enemies":"3 Cultists","floor":30,"turns":5},{"damage":34,"enemies":"Centurion and Healer","floor":31,"turns":4},{"damage":43,"enemies":"Champ","floor":33,"turns":13},{"damage":24,"enemies":"Orb Walker","floor":35,"turns":7},{"damage":38,"enemies":"3 Darklings","floor":37,"turns":6},{"damage":16,"enemies":"Spire Growth","floor":38,"turns":5},{"damage":91,"enemies":"Giant Head","floor":40,"turns":10},{"damage":28,"enemies":"Nemesis","floor":42,"turns":9},{"damage":26,"enemies":"Writhing Mass","floor":44,"turns":7},{"damage":0,"enemies":"Jaw Worm Horde","floor":47,"turns":3},{"damage":0,"enemies":"Maw","floor":48,"turns":5},{"damage":100,"enemies":"Awakened One","floor":50,"turns":10}],"seed_played":"3797111589648993314","potions_obtained":[{"floor":5,"key":"DuplicationPotion"},{"floor":13,"key":"CalmPotion"},{"floor":16,"key":"Dexterity Potion"},{"floor":22,"key":"DuplicationPotion"},{"floor":29,"key":"CalmPotion"},{"floor":31,"key":"Swift Potion"},{"floor":37,"key":"Block Potion"}],"is_trial":false,"path_per_floor":["M","?","M","?","M","R","E","M","T","R","$","R","M","?","R","B",null,"M","?","M","$","M","R","E","R","T","M","E","M","M","M","R","B",null,"M","?","M","M","?","E","$","E","T","M","?","R","M","M","R","B",null],"character_chosen":"DOCTOR_CLASS","items_purchased":["ats:Rapid Magazine","ats:Disruption Kick","ats:Apocalypse","ats:Healing Strengthening","Master of Strategy","Torii"],"campfire_rested":0,"item_purchase_floors":[11,21,41,41,41,41],"current_hp_per_floor":[79,79,67,79,70,70,49,36,50,50,50,50,49,49,49,19,93,93,93,89,89,93,93,65,65,65,64,51,49,65,52,52,82,93,80,80,77,84,84,62,62,93,93,90,90,90,93,93,93,93],"gold":504,"neow_bonus":"TEN_PERCENT_HP_BONUS","is_daily":false,"chose_seed":false,"campfire_upgraded":9,"win_rate":0.0,"timestamp":1609999276,"path_taken":["M","?","?","?","M","R","E","M","T","R","?","R","M","?","R","BOSS","M","?","M","$","M","R","E","R","T","M","E","?","M","M","R","BOSS","M","?","M","M","?","E","$","E","T","M","?","R","?","M","R","BOSS"],"items_purchased_type":["Card","Card","Card","Card","Card","Relic"],"build_version":"2020-12-22","purchased_purges":3,"victory":true,"max_hp_per_floor":[79,79,79,79,79,79,79,79,93,93,93,93,93,93,93,93,93,93,93,93,93,93,93,93,93,93,93,93,93,93,93,93,93,93,93,93,93,93,93,93,93,93,93,93,93,93,93,93,93,93],"card_choices":[{"not_picked":["ats:Leaping Hammer","ats:Flame Of Heaven"],"picked":"ats:Revitalization","floor":1},{"not_picked":["ats:Ignite","ats:Leaping Hammer"],"picked":"ats:Assault Order","floor":3},{"not_picked":["ats:Spore Proliferation","ats:Revitalization"],"picked":"ats:Powerful Strike","floor":5},{"not_picked":["ats:Burning Ground","ats:Assault Order"],"picked":"ats:Composite Medical Shells","floor":7},{"not_picked":["ats:Cat Scratch","ats:Assault Order"],"picked":"ats:Overload","floor":8},{"not_picked":["ats:Hammer On","ats:Cat Scratch"],"picked":"ats:Sword Rain","floor":13},{"not_picked":["ats:Wolf Pack","ats:True Silver Slash"],"picked":"ats:Calcification","floor":16},{"not_picked":["ats:Flexible Camouflage","ats:Closed Bolt Burst Fire"],"picked":"ats:Apocalypse","floor":18},{"not_picked":["ats:Curse Doll","ats:Powerful Strike"],"picked":"ats:Healing Strengthening+1","floor":20},{"not_picked":["ats:Closed Bolt Burst Fire","ats:Powerful Strike"],"picked":"ats:Curse Doll","floor":22},{"not_picked":["ats:Very Hot Blade","ats:Leaping Hammer"],"picked":"ats:Sunburst+1","floor":24},{"not_picked":["ats:Soul Absorption","ats:Flame Of Heaven+1"],"picked":"ats:Childhood Dance","floor":27},{"not_picked":["ats:Childhood Dance","ats:Disruption Kick"],"picked":"ats:Support Order","floor":28},{"not_picked":["ats:Closed Bolt Burst Fire","ats:Revitalization+1"],"picked":"ats:Apocalypse","floor":29},{"not_picked":["ats:Assault Order","ats:Apocalypse","ats:Counter Healing Mode"],"picked":"SKIP","floor":30},{"not_picked":["ats:Explosion Area Strengthen","ats:Counter Healing Mode"],"picked":"ats:Hook Shot","floor":31},{"not_picked":["ats:Calcification","ats:Roar Of Ursus"],"picked":"ats:Dogmatic Field","floor":33},{"not_picked":["ats:Flame Of Heaven","ats:Composite Medical Shells"],"picked":"ats:Charging Defense","floor":35},{"not_picked":["ats:Consecutive Shot Auto+1","ats:Beaten Up+1","ats:LN2 Cannon+1"],"picked":"SKIP","floor":37},{"not_picked":["ats:Powerful Strike+1","ats:Assault Order"],"picked":"ats:Cat Scratch+1","floor":38},{"not_picked":["ats:Curse Doll","ats:Healing Drone+1"],"picked":"ats:Blood Oath+1","floor":39},{"not_picked":["ats:True Silver Slash","ats:Counter Healing Mode+1"],"picked":"ats:Shell Defense+1","floor":40},{"not_picked":["ats:Powerful Strike+1","ats:Explosion Area Strengthen"],"picked":"ats:Composite Medical Shells+1","floor":42},{"not_picked":["ats:Revitalization+1","ats:Guardian Obelisk+1"],"picked":"ats:Rat Pack+1","floor":44},{"not_picked":["ats:Assault Order+1","ats:Ignite+1"],"picked":"ats:Neurotoxin+1","floor":47},{"not_picked":["ats:LN2 Cannon+1","ats:Hook Shot+1"],"picked":"ats:Poison Spread+1","floor":48}],"player_experience":1034,"relics_obtained":[{"floor":7,"key":"ats:Originium"},{"floor":7,"key":"AT_TheCollector"},{"floor":9,"key":"Mango"},{"floor":24,"key":"ats:Originium"},{"floor":24,"key":"ats:Hidden Killer"},{"floor":26,"key":"Sundial"},{"floor":28,"key":"ats:Originium"},{"floor":28,"key":"Lizard Tail"},{"floor":39,"key":"AT_ChloranthyRing"},{"floor":40,"key":"ats:Military Tradition"},{"floor":42,"key":"Toxic Egg 2"},{"floor":43,"key":"AT_Manta"}],"event_choices":[{"damage_healed":0,"gold_gain":0,"player_choice":"Upgraded","damage_taken":0,"max_hp_gain":0,"max_hp_loss":0,"event_name":"Upgrade Shrine","floor":2,"gold_loss":0,"cards_upgraded":["ats:Revitalization"]},{"cards_removed":["ats:Strike G"],"damage_healed":0,"gold_gain":0,"player_choice":"Card Removal","damage_taken":0,"max_hp_gain":0,"max_hp_loss":0,"event_name":"The Cleric","floor":14,"gold_loss":50},{"damage_healed":0,"gold_gain":0,"player_choice":"Gave Potion","damage_taken":0,"relics_obtained":["CaptainsWheel"],"max_hp_gain":0,"max_hp_loss":0,"event_name":"WeMeetAgain","floor":19,"gold_loss":0},{"damage_healed":0,"gold_gain":0,"player_choice":"Ignored","damage_taken":0,"max_hp_gain":0,"max_hp_loss":0,"event_name":"Tomb of Lord Red Mask","floor":36,"gold_loss":0},{"damage_healed":0,"gold_gain":0,"player_choice":"Got Potions","damage_taken":0,"max_hp_gain":0,"max_hp_loss":0,"event_name":"Lab","floor":45,"gold_loss":0}],"is_beta":false,"boss_relics":[{"not_picked":["Ectoplasm","AT_MortalBlade"],"picked":"AT_TrinityForce"},{"not_picked":["Sozu","Runic Pyramid"],"picked":"ats:Omniscience"}],"items_purged_floors":[11,21,41],"is_endless":false,"potions_floor_spawned":[5,13,16,18,22,24,29,31,37,40],"ascension_level":0}}