{"host":"d8hh7rr4yzitjeuj","time":1609982030,"event":{"mods":["2.2 Compatiblity","AchievementEnabler","Act Like it!","BaseMod","Colored Map","Colored Powertips","Highlight Path","Keyboard Shortcuts","Minty Spire (QoL Compilation)","Permanent Neow","Quick Restart","StSLib","SuperFastMode"],"gold_per_floor":[113,125,138,210,210,245,245,225,251,264,284,316,316,336,336,409,409,425,80,96,96,110,143,143,157,184,203,220,236,65,102,102,102,102],"floor_reached":33,"playtime":1076,"items_purged":["Regret"],"score":602,"play_id":"b67c33e0-ba85-48c3-9ae7-bc15b09d3cea","local_time":"20210107101350","is_ascension_mode":true,"campfire_choices":[{"data":"Go for the Eyes","floor":13.0,"key":"SMITH"},{"floor":15.0,"key":"REST"},{"floor":24,"key":"REST"},{"floor":32,"key":"REST"}],"circlet_count":0,"master_deck":["AscendersBane","Strike_B","Strike_B","Strike_B","Defend_B","Defend_B","Defend_B","Defend_B","Zap","Dualcast","Core Surge","Melter","Sweeping Beam","Buffer+1","Coolheaded","Doom and Gloom","Go for the Eyes+1","Reinforced Body","Steam","Biased Cognition","Cold Snap+1","BootSequence","Turbo","Defragment","Barrage","Stack","Capacitor","White Noise","Redo","Beam Cell","Fission","Lockon"],"relics":["Cracked Core","Regal Pillow","Mercury Hourglass","Omamori","Vajra","Black Star","Sling","Toy Ornithopter","Ginger","CeramicFish","Question Card"],"acts_visited":["Exordium","TheCity"],"potions_floor_usage":[23,28,31],"damage_taken":[{"damage":0.0,"enemies":"Cultist","floor":1.0,"turns":3.0},{"damage":0.0,"enemies":"2 Louse","floor":2.0,"turns":2.0},{"damage":2.0,"enemies":"Jaw Worm","floor":3.0,"turns":3.0},{"damage":20.0,"enemies":"Lagavulin","floor":6.0,"turns":6.0},{"damage":0.0,"enemies":"3 Louse","floor":10.0,"turns":2.0},{"damage":0.0,"enemies":"Red Slaver","floor":11.0,"turns":3.0},{"damage":24.0,"enemies":"3 Sentries","floor":12.0,"turns":4.0},{"damage":13.0,"enemies":"Gremlin Gang","floor":14.0,"turns":3.0},{"damage":33.0,"enemies":"Slime Boss","floor":16.0,"turns":11.0},{"damage":3,"enemies":"Chosen","floor":18,"turns":5},{"damage":0,"enemies":"Spheric Guardian","floor":20,"turns":3},{"damage":13,"enemies":"Snake Plant","floor":22,"turns":5},{"damage":10,"enemies":"Book of Stabbing","floor":23,"turns":5},{"damage":13,"enemies":"Chosen and Byrds","floor":25,"turns":6},{"damage":0,"enemies":"Centurion and Healer","floor":27,"turns":8},{"damage":20,"enemies":"Cultist and Chosen","floor":28,"turns":5},{"damage":0,"enemies":"Snecko","floor":29,"turns":7},{"damage":12,"enemies":"Gremlin Leader","floor":31,"turns":7},{"damage":71,"enemies":"Automaton","floor":33,"turns":8}],"seed_played":"-5482144216382802504","potions_obtained":[{"floor":1.0,"key":"Block Potion"},{"floor":2.0,"key":"Strength Potion"},{"floor":8.0,"key":"Fruit Juice"},{"floor":11.0,"key":"Weak Potion"},{"floor":23,"key":"LiquidMemories"},{"floor":25,"key":"Weak Potion"},{"floor":29,"key":"BlessingOfTheForge"}],"is_trial":false,"path_per_floor":["M","M","M","?","?","E","?","?","T","M","M","E","R","M","R","B",null,"M","$","M","?","M","E","R","M","T","M","M","M","$","E","R","B"],"character_chosen":"DEFECT","items_purchased":["Sling","BootSequence","Turbo","Fission"],"campfire_rested":3,"item_purchase_floors":[19,19,19,30],"current_hp_per_floor":[64,64,62,62,62,42,42,47,47,47,47,23,23,10,45,12,55,52,52,52,52,39,29,64,51,51,51,36,36,36,29,64,0,0],"gold":102,"neow_bonus":"THREE_RARE_CARDS","is_daily":false,"chose_seed":false,"campfire_upgraded":1,"win_rate":0.0,"timestamp":1609982030,"path_taken":["M","M","M","?","?","E","?","?","T","M","?","E","R","M","R","BOSS","BOSS","M","$","?","?","M","E","R","M","T","M","M","M","$","E","R","BOSS"],"items_purchased_type":["Relic","Card","Card","Card"],"build_version":"2020-12-22","purchased_purges":1,"victory":false,"max_hp_per_floor":[64,64,64,64,64,64,64,69,69,69,69,69,69,69,69,69,69,69,69,69,69,69,69,69,69,69,69,69,69,69,69,69,69,69],"card_choices":[{"not_picked":["Creative AI","Meteor Strike"],"picked":"Core Surge","floor":0.0},{"not_picked":["Capacitor","Aggregate"],"picked":"Melter","floor":1.0},{"not_picked":["Chaos","Rebound"],"picked":"Sweeping Beam","floor":2.0},{"not_picked":["Hologram","Steam"],"picked":"Buffer","floor":3.0},{"not_picked":["Cold Snap","Redo"],"picked":"Coolheaded","floor":6.0},{"not_picked":["Compile Driver","BootSequence"],"picked":"Doom and Gloom","floor":10.0},{"not_picked":["Redo","Chill"],"picked":"Go for the Eyes","floor":11.0},{"not_picked":["Genetic Algorithm","Storm"],"picked":"Reinforced Body","floor":12.0},{"not_picked":["Melter","Go for the Eyes"],"picked":"Steam","floor":14.0},{"not_picked":["Rainbow","Amplify"],"picked":"Biased Cognition","floor":16},{"not_picked":["Go for the Eyes","Static Discharge"],"picked":"Cold Snap+1","floor":18},{"not_picked":["Sunder","Chaos"],"picked":"Defragment","floor":20},{"not_picked":["Hologram","Loop"],"picked":"Barrage","floor":22},{"not_picked":["Sweeping Beam","Compile Driver"],"picked":"Stack","floor":23},{"not_picked":["Double Energy","Go for the Eyes"],"picked":"Capacitor","floor":25},{"not_picked":["Consume","Sweeping Beam"],"picked":"White Noise","floor":27},{"not_picked":["Rebound","Ball Lightning"],"picked":"Redo","floor":28},{"not_picked":["Rebound","Leap"],"picked":"Beam Cell","floor":29},{"not_picked":["Heatsinks+1","Darkness"],"picked":"Lockon","floor":31}],"player_experience":1420409,"relics_obtained":[{"floor":6.0,"key":"Regal Pillow"},{"floor":9.0,"key":"Omamori"},{"floor":12.0,"key":"Vajra"},{"floor":23,"key":"Toy Ornithopter"},{"floor":23,"key":"Ginger"},{"floor":31,"key":"CeramicFish"},{"floor":31,"key":"Question Card"}],"event_choices":[{"damage_healed":0.0,"max_hp_gain":0.0,"max_hp_loss":0.0,"gold_gain":72.0,"event_name":"Golden Wing","player_choice":"Gained Gold","floor":4.0,"gold_loss":0.0,"damage_taken":0.0},{"damage_healed":0.0,"max_hp_gain":0.0,"max_hp_loss":0.0,"gold_gain":0.0,"event_name":"Living Wall","player_choice":"Grow","floor":5.0,"gold_loss":0.0,"damage_taken":0.0,"cards_upgraded":["Buffer"]},{"damage_healed":0.0,"max_hp_gain":0.0,"max_hp_loss":0.0,"gold_gain":0.0,"event_name":"Big Fish","player_choice":"Box","floor":7.0,"gold_loss":0.0,"damage_taken":0.0,"relics_obtained":["Mercury Hourglass"],"cards_obtained":["Regret"]},{"damage_healed":0.0,"max_hp_gain":0.0,"max_hp_loss":0.0,"gold_gain":0.0,"event_name":"The Woman in Blue","player_choice":"Bought 1 Potion","floor":8.0,"gold_loss":0.0,"damage_taken":0.0},{"cards_removed":["Strike_B"],"damage_healed":0,"gold_gain":0,"player_choice":"Offered Basic","damage_taken":0,"max_hp_gain":0,"max_hp_loss":0,"event_name":"Bonfire Elementals","floor":21,"gold_loss":0}],"is_beta":false,"boss_relics":[{"not_picked":["Runic Pyramid","Fusion Hammer"],"picked":"Black Star"}],"items_purged_floors":[19],"is_endless":false,"potions_floor_spawned":[1,2,3,11,23,25,27,29],"killed_by":"Automaton","ascension_level":20}}