{"host":"uoq8e77duj6rs50g","time":1609977966,"event":{"mods":["BaseMod","Better Altar","Better Match","Better Note","Better Sensory Stone","Better Skull","Better Third Choice","BetterRewards","Block Reminder","ChefMod","Curses Come First","Downfall","Hermit","Hubris","Ironclad Rager","Minty Spire (QoL Compilation)","Relic Stats","Replay The Spire","Shade Mod","StSLib","The Blue Laboratory","The Cursed","The Dragon Tamer","The Exalted","The Judge","The Marked","The Runesmith","The Servant 0.9.4","TheSwordswoman","Uncapped","WarShipGirlsR/????R mod"],"gold_per_floor":[99,114,127,127,144,201,201,219,249,261,290,0,0,0,20,116,116,41,52,69,69,88,88,88,188,201,67,100,115,38,49,63,158,158,83,100,114,131,7,21,21,32,32,32,32,47,47,81,98,98],"floor_reached":51,"playtime":7820,"items_purged":["hexamod:Strike"],"score":715,"play_id":"c69415ee-2444-40ce-b71a-23d2e083f498","local_time":"20210106190606","is_ascension_mode":false,"campfire_choices":[{"data":"hexamod:Float","floor":1.0,"key":"SMITH"},{"floor":13.0,"key":"REST"},{"data":"hexamod:EmpoweringStance","floor":18.0,"key":"SMITH"},{"floor":23.0,"key":"REST"},{"data":"hexamod:HexaLevel","floor":35,"key":"SMITH"},{"floor":44,"key":"REST"}],"circlet_count":0,"master_deck":["rmod:maintain+1","hexamod:Strike","hexamod:Strike","hexamod:Strike","hexamod:Defend","hexamod:Defend","hexamod:Defend+2","hexamod:Defend","hexamod:Sear+1","hexamod:Float+1","hexamod:ShieldOfDarkness","hexamod:FastForward+1","hexamod:HexaLevel+1","hexamod:DynamicBlow+1","hexamod:GhostOfSpirePresent+1","hexamod:BurningTouch+1","hexamod:WildfireWeapon+1","hexamod:CatchUp","hexamod:SwordOfDarkness","hexamod:InspiringFlames+1","hexamod:SixthSeal","CurseOfTheBell","hexamod:ThermalTransfer","hexamod:EtherealExpedition+1","hexamod:Hexaguard+1","hexamod:ExtraCrispy","hexamod:SpectersWail","hexamod:InspiringFlames+1","hexamod:PhantomCloak+1","hexamod:RainOfEmbers","hexamod:UnleashSpirits+1","hexamod:PhantomCloak","hexamod:GhostShield+1","hexamod:TimeOfNeed+1","hexamod:ShieldOfDarkness+1","hexamod:RetreatToShadows+1","hexamod:HeatShield+1","hexamod:SpectralAdrenaline+1","hexamod:FastForward+1","hexamod:TimeWarp","hexamod:InspiringFlames+1","hexamod:FlamesFromBeyond+1","hexamod:ShieldOfDarkness+1","hexamod:Sear+1","hexamod:SkipABeat+1","hubris:DuctTapeCard","hexamod:GhostOfSpirePast","hexamod:HeatShield+1"],"relics":["hexamod:SpiritBrand","hubris:TenFootPole","Turnip","Bromod:ArcaneNullifier","ReplayTheSpireMod:Lightbulb","Toxic Egg 2","Calling Bell","Juzu Bracelet","The Courier","Bird Faced Urn","downfall:HeartBlessingGreen","Potion Belt","Simple Rune","Painkiller Herb","downfall:HeartBlessingBlue","Replay:Bottled Snecko","hubris:Icosahedron","hubris:DuctTape"],"acts_visited":["Exordium","TheCity","TheBeyond"],"potions_floor_usage":[33,33,36,49],"damage_taken":[{"damage":0.0,"enemies":"Small Slimes","floor":2.0,"turns":4.0},{"damage":0.0,"enemies":"Jaw Worm","floor":3.0,"turns":4.0},{"damage":0.0,"enemies":"2 Louse","floor":5.0,"turns":4.0},{"damage":5.0,"enemies":"Exordium Wildlife","floor":8.0,"turns":7.0},{"damage":6.0,"enemies":"Replay:BlueRogue","floor":9.0,"turns":7.0},{"damage":0.0,"enemies":"3 Louse","floor":10.0,"turns":3.0},{"damage":18.0,"enemies":"Gremlin Nob","floor":11.0,"turns":4.0},{"damage":5.0,"enemies":"downfall:FleeingMerchant","floor":12.0,"turns":4.0},{"damage":2.0,"enemies":"downfall:FleeingMerchant","floor":14.0,"turns":4.0},{"damage":1.0,"enemies":"Exordium Wildlife","floor":15.0,"turns":4.0},{"damage":10.0,"enemies":"downfall:Watcher","floor":16.0,"turns":10.0},{"damage":10.0,"enemies":"Shell Parasite","floor":19.0,"turns":8.0},{"damage":19.0,"enemies":"Spheric Guardian","floor":20.0,"turns":7.0},{"damage":19.0,"enemies":"Cultist and Chosen","floor":22.0,"turns":8.0},{"damage":3.0,"enemies":"downfall:LadyInBlue","floor":25.0,"turns":9.0},{"damage":14.0,"enemies":"Snake Plant","floor":26.0,"turns":6.0},{"damage":14.0,"enemies":"downfall:FleeingMerchant","floor":27.0,"turns":4.0},{"damage":2.0,"enemies":"Replay:Snechameleon","floor":28.0,"turns":7.0},{"damage":43.0,"enemies":"3 Cultists","floor":29.0,"turns":8.0},{"damage":0.0,"enemies":"downfall:FleeingMerchant","floor":30.0,"turns":4.0},{"damage":19.0,"enemies":"Centurion and Healer","floor":31.0,"turns":10.0},{"damage":4.0,"enemies":"Snake Plant","floor":32.0,"turns":6.0},{"damage":32,"enemies":"downfall:Silent","floor":33,"turns":10},{"damage":20,"enemies":"3 Darklings","floor":36,"turns":8},{"damage":0,"enemies":"Orb Walker","floor":37,"turns":4},{"damage":32,"enemies":"Jaw Worm Horde","floor":38,"turns":7},{"damage":18,"enemies":"downfall:FleeingMerchant","floor":39,"turns":4},{"damage":22,"enemies":"Sphere and 2 Shapes","floor":40,"turns":9},{"damage":10,"enemies":"4 Shapes","floor":42,"turns":5},{"damage":14,"enemies":"Spire Growth","floor":46,"turns":6},{"damage":18,"enemies":"Giant Head","floor":48,"turns":8},{"damage":22,"enemies":"Sphere and 2 Shapes","floor":49,"turns":8},{"damage":34,"enemies":"downfall:Ironclad","floor":50,"turns":12}],"seed_played":"-3109529608756283651","potions_obtained":[{"floor":2.0,"key":"blueLaboratory:LouseDecoction"},{"floor":6.0,"key":"hexamod:EctoCoolerPotion"},{"floor":6.0,"key":"EssenceOfSteel"},{"floor":9.0,"key":"LifebloodPotion"},{"floor":16.0,"key":"Adrenaline Potion"},{"floor":19.0,"key":"LiquidBronze"},{"floor":25.0,"key":"blueLaboratory:BottleOfVodka"},{"floor":25.0,"key":"blueLaboratory:ImpenetrablePotion"},{"floor":25.0,"key":"blueLaboratory:AbyssPotion"},{"floor":29.0,"key":"blueLaboratory:Moonshine"},{"floor":31.0,"key":"FearPotion"},{"floor":32.0,"key":"SteroidPotion"},{"floor":33,"key":"EssenceOfSteel"},{"floor":36,"key":"Venom Potion"},{"floor":37,"key":"Fire Potion"}],"is_trial":false,"path_per_floor":["R","M","M","?","M","?","T","M","E","M","E","$","R","$","M","B",null,"R","M","M","?","M","R","T","?","M","$","E","M","$","M","M","B",null,"T","?","?","?","T","?","T","?","?","T","?","?","?","E","?","B",null],"character_chosen":"THE_SPIRIT","items_purchased":["Toxic Egg 2","hexamod:NightmareGuise+1","hexamod:PhantomCloak","hexamod:GhostShield+1","Fire Potion","hexamod:TimeWarp"],"campfire_rested":3,"item_purchase_floors":[12,12,27,30,30,39],"current_hp_per_floor":[70,70,70,70,70,53,53,48,42,42,24,19,40,38,37,27,70,70,60,45,50,41,62,62,65,59,49,57,22,26,15,25,9,70,80,76,80,60,52,46,46,48,48,72,72,72,72,68,68,54],"gold":98,"neow_bonus":"UPGRADE_CARD","is_daily":false,"chose_seed":false,"campfire_upgraded":3,"win_rate":0.0,"timestamp":1609977966,"path_taken":["R","M","M","?","M","?","T","M","E","M","E","$","R","$","M","BOSS","R","M","M","?","M","R","T","?","M","$","E","M","$","M","M","BOSS","T","?","?","?","T","?","T","?","?","T","?","?","?","E","?","BOSS"],"items_purchased_type":["Relic","Card","Card","Card","Potion","Card"],"build_version":"2020-12-22","purchased_purges":1,"victory":true,"max_hp_per_floor":[70,70,70,70,70,70,70,70,70,70,70,70,70,70,70,70,70,70,70,70,70,70,70,70,70,70,70,70,70,70,70,70,70,70,80,80,80,80,80,80,80,80,80,80,80,80,80,80,80,80],"relic_stats":{"counters":[33,213],"Bird Faced Urn":[232],"Turnip":[23],"Juzu Bracelet":1,"obtain_stats":[{"Potion Belt":25,"Bromod:ArcaneNullifier":9,"hubris:DuctTape":48,"downfall:HeartBlessingGreen":18,"Painkiller Herb":34,"The Courier":17,"Juzu Bracelet":17,"Calling Bell":17,"downfall:BrokenWingStatue":4,"hubris:Icosahedron":47,"downfall:HeartBlessingBlue":35,"Bird Faced Urn":17,"Simple Rune":28,"Turnip":7,"hubris:TenFootPole":6,"Replay:Bottled Snecko":41,"Toxic Egg 2":12,"ReplayTheSpireMod:Lightbulb":11,"hexamod:SpiritBrand":0},{"Potion Belt":15,"Bromod:ArcaneNullifier":5,"hubris:DuctTape":31,"downfall:HeartBlessingGreen":11,"Painkiller Herb":23,"The Courier":11,"Juzu Bracelet":11,"Calling Bell":11,"downfall:BrokenWingStatue":2,"hubris:Icosahedron":30,"downfall:HeartBlessingBlue":23,"Bird Faced Urn":11,"Simple Rune":18,"Turnip":3,"hubris:TenFootPole":3,"Replay:Bottled Snecko":28,"Toxic Egg 2":8,"ReplayTheSpireMod:Lightbulb":7,"hexamod:SpiritBrand":0},{"Potion Belt":87,"Bromod:ArcaneNullifier":26,"hubris:DuctTape":193,"downfall:HeartBlessingGreen":55,"Painkiller Herb":142,"The Courier":55,"Juzu Bracelet":55,"Calling Bell":55,"downfall:BrokenWingStatue":8,"hubris:Icosahedron":185,"downfall:HeartBlessingBlue":142,"Bird Faced Urn":55,"Simple Rune":104,"Turnip":12,"hubris:TenFootPole":12,"Replay:Bottled Snecko":174,"Toxic Egg 2":37,"ReplayTheSpireMod:Lightbulb":33,"hexamod:SpiritBrand":0}]},"card_choices":[{"not_picked":["hexamod:FourthSeal","hexamod:NightmareGuise"],"picked":"hexamod:ShieldOfDarkness","floor":2.0},{"not_picked":["hexamod:AdvancingGuard","hexamod:BacktrackSmack"],"picked":"hexamod:FastForward","floor":3.0},{"not_picked":["hexamod:RainOfEmbers","hexamod:GhostLash"],"picked":"hexamod:HexaLevel","floor":5.0},{"not_picked":["hexamod:SpectersWail","hexamod:GhostShield"],"picked":"hexamod:DynamicBlow","floor":6.0},{"not_picked":["hexamod:SpectersWail","hexamod:Again"],"picked":"hexamod:GhostOfSpirePresent","floor":8.0},{"not_picked":["hexamod:RainOfEmbers","hexamod:InspiringFlames"],"picked":"hexamod:BurningTouch","floor":9.0},{"not_picked":["hexamod:GhostLash","hexamod:Haunt"],"picked":"hexamod:WildfireWeapon","floor":10.0},{"not_picked":["hexamod:FastForward","hexamod:ShieldOfDarkness"],"picked":"hexamod:CatchUp","floor":11.0},{"not_picked":["hexamod:EtherealExpedition","hexamod:ChargedBarrage"],"picked":"hexamod:SwordOfDarkness","floor":12.0},{"not_picked":["hexamod:HeatCrush","hexamod:HeatShield+1"],"picked":"hexamod:InspiringFlames+1","floor":14.0},{"not_picked":["hexamod:ThermalTransfer","hexamod:HauntingEcho"],"picked":"hexamod:SixthSeal","floor":15.0},{"not_picked":["hexamod:TurnItUp+1","hexamod:GiftsFromTheDead"],"picked":"hexamod:EmpoweringStance","floor":16.0},{"not_picked":["hexamod:InspiringFlames+1","hexamod:FastForward+1"],"picked":"hexamod:ThermalTransfer","floor":19.0},{"not_picked":["hexamod:ThermalTransfer","hexamod:GhostShield+1"],"picked":"hexamod:EtherealExpedition+1","floor":20.0},{"not_picked":["hexamod:RecurringNightmare+1","hexamod:GhostShield+1"],"picked":"hexamod:Hexaguard+1","floor":22.0},{"not_picked":["hexamod:FastForward+1","hexamod:InspiringFlames+1"],"picked":"hexamod:ExtraCrispy","floor":25.0},{"not_picked":["hexamod:BurningTouch+1","hexamod:Incineration"],"picked":"hexamod:SpectersWail","floor":26.0},{"not_picked":["hexamod:ThermalTransfer","hexamod:NightmareStrike"],"picked":"hexamod:InspiringFlames+1","floor":27.0},{"not_picked":["hexamod:Haunt+1","hexamod:HeatCrush"],"picked":"hexamod:RainOfEmbers","floor":28.0},{"not_picked":["hexamod:ShieldOfDarkness+1","hexamod:RainOfEmbers"],"picked":"hexamod:UnleashSpirits","floor":29.0},{"not_picked":["hexamod:NightmareGuise+1","hexamod:ThermalTransfer"],"picked":"hexamod:PhantomCloak","floor":30.0},{"not_picked":["hexamod:AdvancingGuard+1","hexamod:ChargedBarrage+1"],"picked":"hexamod:TimeOfNeed+1","floor":31.0},{"not_picked":["hexamod:ChargedBarrage+1","hexamod:AdvancingGuard+1"],"picked":"hexamod:ShieldOfDarkness+1","floor":32.0},{"not_picked":["hexamod:SixthSeal","hexamod:SearingWound+1"],"picked":"hexamod:TimeOfNeed+1","floor":33},{"not_picked":["hexamod:GhostLash+1","hexamod:EtherealExpedition+1"],"picked":"hexamod:RetreatToShadows+1","floor":36},{"not_picked":["hexamod:RainOfEmbers+1","hexamod:Hexaguard+1"],"picked":"hexamod:HeatShield+1","floor":37},{"not_picked":["hexamod:SwordOfDarkness","hexamod:ThermalTransfer"],"picked":"hexamod:SpectralAdrenaline+1","floor":38},{"not_picked":["hexamod:BacktrackSmack+1","hexamod:AdvancingGuard+1"],"picked":"hexamod:FastForward+1","floor":39},{"not_picked":["hexamod:FifthSeal","hexamod:BacktrackSmack+1"],"picked":"hexamod:InspiringFlames+1","floor":40},{"not_picked":["hexamod:NightmareGuise+1","hexamod:HeatMetal+1"],"picked":"hexamod:FlamesFromBeyond+1","floor":42},{"not_picked":["hexamod:SwordOfDarkness+1","hexamod:BacktrackSmack"],"picked":"hexamod:SkipABeat+1","floor":46},{"not_picked":["hexamod:FastForward+1","hexamod:ThermalTransfer+1"],"picked":"hexamod:GhostOfSpirePast","floor":48},{"not_picked":["hexamod:SpectersWail+1","hexamod:GhostShield+1"],"picked":"hexamod:HeatShield+1","floor":49}],"player_experience":451349,"relics_obtained":[{"floor":6.0,"key":"hubris:TenFootPole"},{"floor":7.0,"key":"Turnip"},{"floor":9.0,"key":"Bromod:ArcaneNullifier"},{"floor":11.0,"key":"ReplayTheSpireMod:Lightbulb"},{"floor":17.0,"key":"Juzu Bracelet"},{"floor":17.0,"key":"The Courier"},{"floor":17.0,"key":"Bird Faced Urn"},{"floor":25.0,"key":"Potion Belt"},{"floor":28.0,"key":"Simple Rune"},{"floor":41,"key":"Replay:Bottled Snecko"},{"floor":48,"key":"hubris:DuctTape"}],"event_choices":[{"cards_removed":["hexamod:NightmareGuise"],"damage_healed":5.0,"max_hp_gain":0.0,"max_hp_loss":0.0,"gold_gain":0.0,"event_name":"Bonfire Elementals","player_choice":"Offered Common","floor":21.0,"gold_loss":0.0,"damage_taken":0.0},{"cards_removed":["hexamod:NightmareGuise"],"damage_healed":5.0,"max_hp_gain":0.0,"max_hp_loss":0.0,"gold_gain":0.0,"event_name":"Bonfire Elementals","player_choice":"Offered Special","floor":21.0,"gold_loss":0.0,"damage_taken":0.0}],"is_beta":false,"boss_relics":[{"not_picked":["Pandora\u0027s Box","Coffee Dripper"],"picked":"Calling Bell"},{"not_picked":["Tiny House","hubris:Backtick"],"picked":"Painkiller Herb"}],"items_purged_floors":[27],"is_endless":false,"potions_floor_spawned":[2,8,9,16,19,29,31,32,33,36,37,40,42],"ascension_level":0}}