{"host":"wonp23fsqqcu31ie","time":1609986852,"event":{"mods":["2.2 Compatiblity","AchievementEnabler","Aspiration","BaseMod","Bestiary","Better Altar","Better Match","Better Sensory Stone","Better Skull","Better Third Choice","BetterRewards","Block Reminder","Colored Map","Colored Powertips","Conspire","Curses Come First","DeckTracker","Displayed Cursed Tome","Downfall","Evolution","Hermit","Highlight Path","Hubris","Marisa????????","Minty Spire (QoL Compilation)","Permanent Neow","Prisma Mod","Quick Restart","Rare Cards Sparkle","Relic Stats","Replay The Spire","Robot Space Explorer","Shade Mod","Shop Mod","StSLib","SuperFastMode","The Animator","The Bug Knight","The Construct","The Cursed","The Dragon Tamer","The Gatherer","The Marked","The Necromancer","The Runesmith","The Servant 0.9.4"],"gold_per_floor":[116,27,46,58,132,160,174,206,206,238,250,250,264,278,278,374,374,394,413,423,423,423,423,423,423,495,56,67,67,78,95,95,194,194,208,208,208,483,500,500,516,516,516,531,541,541,541,567,567,567,567,567],"floor_reached":50,"playtime":2520,"items_purged":[],"score":646,"play_id":"20fe0d84-2c39-4d3c-875b-3f4cf915828e","local_time":"20210107133412","is_ascension_mode":false,"metric_token":2963,"campfire_choices":[{"floor":15,"key":"REST"},{"data":"RitualDagger","floor":23,"key":"SMITH"},{"floor":25,"key":"REST"},{"data":"DTMod:HeatWave","floor":29,"key":"SMITH"},{"data":"DTMod:ForkedFire","floor":32,"key":"SMITH"},{"floor":40,"key":"RECALL"},{"floor":42,"key":"REST"},{"floor":46,"key":"REST"},{"floor":49,"key":"REST"}],"dtmod_dragon_data":[0,50,1,2,12,5],"circlet_count":0,"master_deck":["DTMod:DoubleHit+1","DTMod:TargetDefense","DTMod:TargetDefense","DTMod:TargetDefense","DTMod:TargetDefense","DTMod:SwitchingTactic","DTMod:QuickFly","DTMod:HeatWave+1","DTMod:RepeatStrike","DTMod:Feint","DTMod:MasterPlan","DTMod:FierySynthesis","DTMod:Training","DTMod:Threaten","Decay","DTMod:CrossStep","DTMod:Coolant","DTMod:Harmonize","DTMod:ForkedFire+1","DTMod:RepeatStrike","DTMod:Hide+1","RitualDagger+1","Bite","Bite","Bite","Bite","Bite","DTMod:FlameSlash","Replay:Bootleg Shield Generator+1","RobotSpaceExplorer:Probe+1","hermit:Feint","hexamod:TimeOfNeed+1","Regret","PrismaMod:IllyaAOECommonAttack","construct:Boost+1","Delirium","PrismaMod:IllyaFriendMaker+1","RobotSpaceExplorer:GlueShot+1","Sickly","Shade:StitchTogether+1"],"relics":["DTMod:PactStone","EVO:Axolotl","hubris:ToyBattleship","Replay:Bottled Flurry","hubris:Reverence","hubris:Spice","hubris:Stopwatch","PrismaticShard","Du-Vu Doll","Guardian:BottledAnomaly","Cursed Key","hubris:Icosahedron","aspiration:FrozenJewel","Ring of Chaos","Ring of Hypnosis","Bag of Preparation"],"acts_visited":["Exordium","TheCity","TheBeyond"],"potions_floor_usage":[10,11,16,16,16,33,33,33,35,35,44,48,48,50,50],"damage_taken":[{"damage":5,"enemies":"Jaw Worm","floor":1,"turns":4},{"damage":0,"enemies":"Cultist","floor":3,"turns":3},{"damage":0,"enemies":"2 Louse","floor":4,"turns":3},{"damage":4,"enemies":"Gremlin Nob","floor":6,"turns":4},{"damage":0,"enemies":"2 Fungi Beasts","floor":7,"turns":2},{"damage":0,"enemies":"Replay:BlueRogue","floor":8,"turns":5},{"damage":8,"enemies":"3 Sentries","floor":10,"turns":7},{"damage":0,"enemies":"Lots of Slimes","floor":11,"turns":4},{"damage":0,"enemies":"Gremlin Gang","floor":13,"turns":4},{"damage":13,"enemies":"3 Louse","floor":14,"turns":3},{"damage":28,"enemies":"The Guardian","floor":16,"turns":5},{"damage":15,"enemies":"Spheric Guardian","floor":18,"turns":5},{"damage":0,"enemies":"Chosen","floor":19,"turns":3},{"damage":0,"enemies":"Snecko","floor":20,"turns":4},{"damage":0,"enemies":"Centurion and Healer","floor":28,"turns":6},{"damage":0,"enemies":"Chosen and Byrds","floor":30,"turns":4},{"damage":0,"enemies":"Snecko","floor":31,"turns":4},{"damage":0,"enemies":"Collector","floor":33,"turns":6},{"damage":0,"enemies":"3 Darklings","floor":35,"turns":5},{"damage":0,"enemies":"Orb Walker","floor":39,"turns":2},{"damage":10,"enemies":"4 Shapes","floor":41,"turns":4},{"damage":0,"enemies":"Transient","floor":44,"turns":5},{"damage":0,"enemies":"3 Darklings","floor":45,"turns":7},{"damage":0,"enemies":"Nemesis","floor":48,"turns":3},{"damage":72,"enemies":"Donu and Deca","floor":50,"turns":11}],"seed_played":"5285060030919643406","potions_obtained":[{"floor":6,"key":"Elixir"},{"floor":7,"key":"CultistPotion"},{"floor":10,"key":"Swift Potion"},{"floor":13,"key":"Block Potion"},{"floor":14,"key":"Death Potion"},{"floor":18,"key":"Elixir"},{"floor":20,"key":"champ:CounterPotion"},{"floor":28,"key":"conspire:TimeTravelPotion"},{"floor":33,"key":"Block Potion"},{"floor":35,"key":"EntropicBrew"},{"floor":45,"key":"SpeedPotion"},{"floor":48,"key":"DistilledChaos"}],"is_trial":false,"path_per_floor":["M","?","M","M","?","E","M","E","T","E","M","?","M","M","R","B",null,"M","M","M","?","?","R","?","R","T","$","M","R","M","M","R","B",null,"M","?","?","?","M","R","M","R","T","M","M","R","?","E","R","B"],"character_chosen":"THE_DT","items_purchased":["Du-Vu Doll","Guardian:BottledAnomaly"],"campfire_rested":5,"item_purchase_floors":[27,27],"current_hp_per_floor":[40,40,40,40,40,36,36,36,36,38,40,40,42,31,46,20,53,38,40,42,36,36,36,28,43,43,43,45,45,49,53,53,53,53,53,53,53,53,53,53,45,53,53,53,53,53,53,53,53,0,0,0],"gold":567,"neow_bonus":"RANDOM_EVENT","is_daily":false,"chose_seed":false,"campfire_upgraded":3,"win_rate":0.0,"timestamp":1609986852,"path_taken":["M","?","?","M","?","E","M","E","T","E","M","?","M","M","R","BOSS","M","?","?","?","?","R","?","R","T","$","M","R","M","M","R","BOSS","M","?","?","?","M","R","?","R","T","M","M","R","?","E","R","BOSS"],"items_purchased_type":["Relic","Relic"],"build_version":"2020-12-22","purchased_purges":0,"victory":false,"max_hp_per_floor":[45,45,45,45,45,45,45,45,45,53,53,53,53,53,53,53,53,53,53,53,53,53,53,53,53,53,53,53,53,53,53,53,53,53,53,53,53,53,53,53,53,53,53,53,53,53,53,53,53,53,53,53],"relic_stats":{"counters":[78,408],"Bag of Preparation":[2],"Cursed Key":1,"obtain_stats":[{"Vajra":26,"Uniform":0,"EVO:Axolotl":22,"Bottled Tornado":48,"Blood Vial":8,"conspire:DecoderRing":29,"MealTicket":42,"Replay:Bottled Flurry":6,"Replay:Wax Seal":31,"MerchantsRug":31,"Pear":34,"Happy Flower":34,"hubris:DuctTape":43,"Ring of Hypnosis":47,"aspiration:Nostalgia":0,"hubris:SphereOfDissonance":12,"Eternal Feather":0,"aspiration:TrustyKnives":31,"Ring of Chaos":47,"Replay:Ancient Bell":17,"War Paint":12,"Akabeko":9,"aspiration:FrozenJewel":43,"Du-Vu Doll":27,"Replay:Baseball":0,"Bird Faced Urn":19,"Bronze Scales":0,"hubris:TenFootPole":2,"hubris:ToyBattleship":2,"conspire:Flyswatter":6,"hubris:Reverence":11,"ReplayTheSpireMod:Ring of Exchange":3,"Regal Pillow":17,"Torii":41,"Mango":34,"Bag of Preparation":48,"Smiling Mask":25,"PrismaticShard":24,"Cursed Key":34,"m_SlimeRing":0,"hubris:Icosahedron":36,"Mummified Hand":54,"aspiration:AnachronicSnailShell":6,"hubris:Stopwatch":17,"Tiny Chest":24,"Red Mask":28,"Chemical X":53,"Replay:Bottled Eggs":36,"Guardian:BottledAnomaly":27,"Gremlin Food":47,"BargainBundle":36,"aspiration:FetidBarrel":9,"Guide Book":31,"hubris:MedicalManual":0,"PreservedInsect":23,"The Courier":3,"aspiration:HummingbirdHeart":8,"Ring of Greed":24,"hubris:Towel":22,"Orichalcum":0,"MawBank":24,"Medical Kit":0,"Calling Bell":34,"DTMod:PactStone":22,"Ornamental Fan":11,"hubris:Spice":10,"Runesmith:UraniumAnvil":34,"Ring of Fury":24,"hubris:BundleOfHerbs":17,"Bottled Lightning":30,"hubris:CrackedHourglass":17,"ReplayTheSpireMod:Lightbulb":23,"FossilizedHelix":20,"TungstenRod":0},{"Vajra":39,"Uniform":0,"EVO:Axolotl":67,"Bottled Tornado":25,"Blood Vial":59,"conspire:DecoderRing":16,"MealTicket":23,"Replay:Bottled Flurry":57,"Replay:Wax Seal":17,"MerchantsRug":17,"Pear":18,"Happy Flower":18,"hubris:DuctTape":23,"Ring of Hypnosis":76,"aspiration:Nostalgia":0,"hubris:SphereOfDissonance":34,"Eternal Feather":28,"aspiration:TrustyKnives":17,"Ring of Chaos":76,"Replay:Ancient Bell":36,"War Paint":7,"Akabeko":5,"aspiration:FrozenJewel":74,"Du-Vu Doll":67,"Replay:Baseball":51,"Bird Faced Urn":11,"Bronze Scales":28,"hubris:TenFootPole":29,"hubris:ToyBattleship":54,"conspire:Flyswatter":4,"hubris:Reverence":7,"ReplayTheSpireMod:Ring of Exchange":52,"Regal Pillow":36,"Torii":23,"Mango":18,"Bag of Preparation":77,"Smiling Mask":14,"PrismaticShard":67,"Cursed Key":71,"m_SlimeRing":0,"hubris:Icosahedron":72,"Mummified Hand":27,"aspiration:AnachronicSnailShell":33,"hubris:Stopwatch":64,"Tiny Chest":14,"Red Mask":40,"Chemical X":26,"Replay:Bottled Eggs":45,"Guardian:BottledAnomaly":67,"Gremlin Food":24,"BargainBundle":45,"aspiration:FetidBarrel":33,"Guide Book":17,"hubris:MedicalManual":28,"PreservedInsect":39,"The Courier":52,"aspiration:HummingbirdHeart":5,"Ring of Greed":14,"hubris:Towel":38,"Orichalcum":51,"MawBank":14,"Medical Kit":28,"Calling Bell":18,"DTMod:PactStone":67,"Ornamental Fan":34,"hubris:Spice":60,"Runesmith:UraniumAnvil":44,"Ring of Fury":14,"hubris:BundleOfHerbs":36,"Bottled Lightning":42,"hubris:CrackedHourglass":10,"ReplayTheSpireMod:Lightbulb":14,"FossilizedHelix":11,"TungstenRod":28},{"Vajra":222,"Uniform":0,"EVO:Axolotl":351,"Bottled Tornado":120,"Blood Vial":316,"conspire:DecoderRing":68,"MealTicket":107,"Replay:Bottled Flurry":309,"Replay:Wax Seal":72,"MerchantsRug":72,"Pear":79,"Happy Flower":79,"hubris:DuctTape":107,"Ring of Hypnosis":394,"aspiration:Nostalgia":0,"hubris:SphereOfDissonance":185,"Eternal Feather":154,"aspiration:TrustyKnives":72,"Ring of Chaos":394,"Replay:Ancient Bell":203,"War Paint":26,"Akabeko":20,"aspiration:FrozenJewel":382,"Du-Vu Doll":351,"Replay:Baseball":281,"Bird Faced Urn":44,"Bronze Scales":154,"hubris:TenFootPole":158,"hubris:ToyBattleship":299,"conspire:Flyswatter":14,"hubris:Reverence":26,"ReplayTheSpireMod:Ring of Exchange":285,"Regal Pillow":203,"Torii":107,"Mango":79,"Bag of Preparation":397,"Smiling Mask":59,"PrismaticShard":351,"Cursed Key":371,"m_SlimeRing":0,"hubris:Icosahedron":376,"Mummified Hand":142,"aspiration:AnachronicSnailShell":182,"hubris:Stopwatch":339,"Tiny Chest":59,"Red Mask":227,"Chemical X":131,"Replay:Bottled Eggs":251,"Guardian:BottledAnomaly":351,"Gremlin Food":110,"BargainBundle":251,"aspiration:FetidBarrel":182,"Guide Book":72,"hubris:MedicalManual":154,"PreservedInsect":222,"The Courier":285,"aspiration:HummingbirdHeart":20,"Ring of Greed":59,"hubris:Towel":215,"Orichalcum":281,"MawBank":59,"Medical Kit":154,"Calling Bell":79,"DTMod:PactStone":351,"Ornamental Fan":185,"hubris:Spice":323,"Runesmith:UraniumAnvil":249,"Ring of Fury":59,"hubris:BundleOfHerbs":203,"Bottled Lightning":237,"hubris:CrackedHourglass":41,"ReplayTheSpireMod:Lightbulb":59,"FossilizedHelix":44,"TungstenRod":154}]},"card_choices":[{"not_picked":["DTMod:Cover","DTMod:BlueScale"],"picked":"DTMod:QuickFly","floor":1},{"not_picked":["DTMod:QuickFly","DTMod:BizarreTactic"],"picked":"DTMod:HeatWave","floor":3},{"not_picked":["DTMod:BlazingStrike","DTMod:Weaken"],"picked":"DTMod:RepeatStrike","floor":4},{"not_picked":["DTMod:Haste","DTMod:Observe"],"picked":"DTMod:Feint","floor":6},{"not_picked":["DTMod:Threaten","DTMod:Weaken"],"picked":"DTMod:MasterPlan","floor":7},{"not_picked":["DTMod:ForkedFire","DTMod:Punisher"],"picked":"DTMod:FierySynthesis","floor":8},{"not_picked":["DTMod:MagiciansMark","DTMod:Astonish"],"picked":"DTMod:Training","floor":10},{"not_picked":["DTMod:MaximumCharge","DTMod:BalancedStrike"],"picked":"DTMod:Threaten","floor":11},{"not_picked":["DTMod:DarkBreath","DTMod:StarRain"],"picked":"DTMod:CrossStep","floor":13},{"not_picked":["DTMod:QuickFly","DTMod:Feint"],"picked":"DTMod:Coolant","floor":14},{"not_picked":["DTMod:GearUp","DTMod:LightShield"],"picked":"DTMod:Harmonize","floor":16},{"not_picked":["DTMod:CleansingStrike","DTMod:Threaten"],"picked":"DTMod:ForkedFire","floor":18},{"not_picked":["DTMod:MasterPlan","DTMod:HeatWave"],"picked":"DTMod:RepeatStrike","floor":19},{"not_picked":["DTMod:LastStand","DTMod:SneakAttack"],"picked":"DTMod:Hide+1","floor":20},{"not_picked":["DTMod:CleansingStrike","DTMod:BurningEnergy"],"picked":"DTMod:FlameSlash","floor":24},{"not_picked":["Defy","Stack+1"],"picked":"Replay:Bootleg Shield Generator+1","floor":28},{"not_picked":["hermit:HighCaliber","ReplayTheSpireMod:Shiv Toss"],"picked":"RobotSpaceExplorer:Probe+1","floor":30},{"not_picked":["hexamod:SwordOfDarkness","RobotSpaceExplorer:SlimeMissile"],"picked":"hermit:Feint","floor":31},{"not_picked":["DTMod:TriAttack","hexamod:TimeWarp"],"picked":"hexamod:TimeOfNeed","floor":33},{"not_picked":["theMarked:TwofoldDefense","sneckomod:UnknownBlock","PrismaMod:IllyaRussianRoulette+1"],"picked":"SKIP","floor":35},{"not_picked":["Multi-Cast","TheCursedMod:CursedMace+1"],"picked":"PrismaMod:IllyaAOECommonAttack","floor":39},{"not_picked":["sneckomod:Nope","animator:Kuroyukihime+1"],"picked":"construct:Boost+1","floor":41},{"not_picked":["Flying Knee+1","theMarked:RepellingDischarge+1"],"picked":"PrismaMod:IllyaFriendMaker+1","floor":44},{"not_picked":["hermit:HoleUp","sneckomod:UnknownClassRUNESMITH_BEIGE"],"picked":"RobotSpaceExplorer:GlueShot+1","floor":45},{"not_picked":["animator:Archer","theMarked:ComboAttacks"],"picked":"Shade:StitchTogether+1","floor":48}],"player_experience":477063,"relics_obtained":[{"floor":6,"key":"Replay:Bottled Flurry"},{"floor":8,"key":"Blood Vial"},{"floor":9,"key":"hubris:Reverence"},{"floor":10,"key":"hubris:Spice"},{"floor":24,"key":"PrismaticShard"},{"floor":43,"key":"aspiration:FrozenJewel"},{"floor":47,"key":"Ring of Chaos"},{"floor":47,"key":"Ring of Hypnosis"},{"floor":48,"key":"Bag of Preparation"}],"event_choices":[{"damage_healed":0,"gold_gain":0,"player_choice":"Grow","damage_taken":0,"max_hp_gain":0,"max_hp_loss":0,"event_name":"Living Wall","floor":0,"gold_loss":0,"cards_upgraded":["DTMod:DoubleHit"]},{"damage_healed":0,"gold_gain":0,"player_choice":"Paid Gold","damage_taken":0,"relics_obtained":["hubris:ToyBattleship"],"max_hp_gain":0,"max_hp_loss":0,"event_name":"WeMeetAgain","floor":2,"gold_loss":89},{"damage_healed":0,"gold_gain":74,"player_choice":"Gained Gold","damage_taken":0,"max_hp_gain":0,"max_hp_loss":0,"event_name":"Golden Wing","floor":5,"gold_loss":0},{"damage_healed":0,"gold_gain":0,"player_choice":"Cursed","damage_taken":0,"max_hp_gain":0,"max_hp_loss":0,"event_name":"Wheel of Change","floor":12,"gold_loss":0,"cards_obtained":["Decay"]},{"damage_healed":0,"gold_gain":0,"player_choice":"Dagger","damage_taken":6,"max_hp_gain":0,"max_hp_loss":0,"event_name":"betterThird:BetterNest","floor":21,"gold_loss":0,"cards_obtained":["RitualDagger"]},{"damage_healed":0,"gold_gain":0,"player_choice":"Became a vampire (Vial)","damage_taken":0,"max_hp_gain":0,"max_hp_loss":0,"event_name":"Vampires","floor":22,"relics_lost":["Blood Vial"],"gold_loss":0,"cards_obtained":["Bite","Bite","Bite","Bite","Bite"]},{"damage_healed":0,"gold_gain":275,"player_choice":"Desecrate","damage_taken":0,"max_hp_gain":0,"max_hp_loss":0,"event_name":"Golden Shrine","floor":38,"gold_loss":0,"cards_obtained":["Regret"]}],"is_beta":false,"boss_relics":[{"not_picked":["Pandora\u0027s Box","Replay:Drink Me"],"picked":"hubris:Stopwatch"},{"not_picked":["construct:ClawGrip","Abe\u0027s Treasure"],"picked":"Cursed Key"}],"items_purged_floors":[],"is_endless":false,"potions_floor_spawned":[6,7,10,13,14,18,20,28,33,35,45,48],"killed_by":"Donu and Deca","ascension_level":0}}