{"host":"ng8aq1q5gznbd93k","time":1609988416,"event":{"mods":["AchievementEnabler","BaseMod","Downfall","Minty Spire (QoL Compilation)","StSLib","SuperFastMode","The Bug Knight"],"gold_per_floor":[117,117,192,45,220,254,267,267,291,304,328,363,363,376,376,471,471,482,482,482,501,515,543,555,581,581,615,615,628,513,539,539,638,638,657,879,879,229,247,282,12,12,35,35,35,47,47,47,47,47],"floor_reached":51,"playtime":7214,"items_purged":["Doubt","Bane","Bouncing Flask"],"score":877,"play_id":"a9c00e4e-0677-4480-8a38-343e3487c9c8","local_time":"20210106210016","is_ascension_mode":true,"campfire_choices":[{"floor":8,"key":"REST"},{"floor":13,"key":"REST"},{"data":"Choke","floor":15,"key":"SMITH"},{"floor":28,"key":"REST"},{"data":"Infinite Blades","floor":32,"key":"SMITH"},{"floor":42,"key":"REST"},{"data":"1","floor":44,"key":"LIFT"},{"data":"2","floor":49,"key":"LIFT"}],"circlet_count":0,"master_deck":["Strike_G+1","Strike_G+1","Strike_G+1","Strike_G+1","Defend_G+1","Defend_G+1","Defend_G+1","Defend_G+1","Defend_G+1","Survivor","Neutralize","Finisher+1","Slice","Slice","Choke+1","Quick Slash","Backstab","Corpse Explosion","CurseOfTheBell","Sucker Punch","Riddle With Holes","Finisher","Cloak And Dagger+1","Choke","Burst","Cloak And Dagger+1","Outmaneuver+1","Blade Dance+1","Slice+1","Flechettes+1","Bouncing Flask","Infinite Blades+1","Outmaneuver+1","Storm of Steel","Blade Dance+1","Dash","Slice","Distraction","Cloak And Dagger+1","Slice","Flechettes+1","expansioncontent:AwakenDeath","Outmaneuver+1","Madness","Madness"],"relics":["Ring of the Snake","Regal Pillow","Lantern","Bronze Scales","Vajra","Bag of Marbles","Sundial","Calling Bell","Dream Catcher","HollowMod:LifeEnderRelic","Prayer Wheel","Shuriken","Bag of Preparation","Red Mask","Girya","Centennial Puzzle","Art of War","Cursed Key","Ninja Scroll","Omamori","Meat on the Bone","Ancient Tea Set","Potion Belt"],"acts_visited":["Exordium","TheCity","TheBeyond"],"potions_floor_usage":[12,16,18,33,33,40,50,50],"damage_taken":[{"damage":6,"enemies":"Cultist","floor":1,"turns":5},{"damage":48,"enemies":"Gremlin Nob","floor":6,"turns":6},{"damage":3,"enemies":"Jaw Worm","floor":7,"turns":1},{"damage":0,"enemies":"2 Louse","floor":10,"turns":2},{"damage":10,"enemies":"Lagavulin","floor":12,"turns":3},{"damage":0,"enemies":"Looter","floor":14,"turns":1},{"damage":48,"enemies":"The Guardian","floor":16,"turns":11},{"damage":1,"enemies":"2 Thieves","floor":18,"turns":4},{"damage":4,"enemies":"Spheric Guardian","floor":21,"turns":4},{"damage":22,"enemies":"Snecko","floor":22,"turns":3},{"damage":19,"enemies":"Gremlin Leader","floor":23,"turns":5},{"damage":0,"enemies":"Centurion and Healer","floor":24,"turns":3},{"damage":0,"enemies":"Masked Bandits","floor":25,"turns":1},{"damage":0,"enemies":"Slavers","floor":27,"turns":1},{"damage":0,"enemies":"Snake Plant","floor":29,"turns":1},{"damage":0,"enemies":"Gremlin Leader","floor":31,"turns":3},{"damage":57,"enemies":"Champ","floor":33,"turns":5},{"damage":33,"enemies":"3 Shapes","floor":35,"turns":3},{"damage":0,"enemies":"Orb Walker","floor":39,"turns":1},{"damage":0,"enemies":"Nemesis","floor":40,"turns":1},{"damage":0,"enemies":"Transient","floor":46,"turns":5},{"damage":74,"enemies":"Awakened One","floor":50,"turns":6}],"seed_played":"-4175582682780170246","potions_obtained":[{"floor":6,"key":"AttackPotion"},{"floor":10,"key":"Swift Potion"},{"floor":16,"key":"Slimebound:ThreeZeroPotion"},{"floor":21,"key":"BlessingOfTheForge"},{"floor":23,"key":"LiquidBronze"},{"floor":24,"key":"Energy Potion"},{"floor":31,"key":"CunningPotion"},{"floor":40,"key":"SmokeBomb"}],"is_trial":false,"path_per_floor":["M","?","?","$","?","E","M","R","T","M","T","E","R","M","R","B",null,"M","?","T","M","M","E","M","?","T","E","R","M","$","E","R","B",null,"M","?","?","$","M","E","$","R","T","R","?","M","?","$","R","B",null],"character_chosen":"THE_SILENT","items_purchased":["Lantern","Infinite Blades","Ninja Scroll","Omamori","Slice","DistilledChaos","SkillPotion","Ancient Tea Set"],"campfire_rested":4,"item_purchase_floors":[4,30,38,38,38,38,38,41],"current_hp_per_floor":[64,64,53,53,53,5,2,38,38,38,38,28,64,64,64,16,70,69,69,69,65,43,24,24,24,24,24,60,60,60,60,60,3,70,37,37,37,37,37,37,37,70,70,70,70,70,61,61,61,22],"gold":47,"neow_bonus":"RANDOM_COMMON_RELIC","is_daily":false,"chose_seed":false,"campfire_upgraded":2,"win_rate":0.0,"timestamp":1609988416,"path_taken":["M","?","?","$","?","E","M","R","T","M","?","E","R","M","R","BOSS","M","?","?","M","M","E","M","?","T","E","R","M","$","E","R","BOSS","M","?","?","?","?","E","$","R","T","R","?","M","?","$","R","BOSS"],"items_purchased_type":["Relic","Card","Relic","Relic","Card","Potion","Potion","Relic"],"build_version":"2020-12-22","purchased_purges":3,"victory":true,"max_hp_per_floor":[70,70,70,70,70,70,70,70,70,70,70,70,70,70,70,70,70,70,70,70,70,70,70,70,70,70,70,70,70,70,70,70,70,70,70,70,70,70,70,70,70,70,70,70,70,70,70,70,70,70],"card_choices":[{"not_picked":["Dagger Spray","Deflect"],"picked":"Finisher","floor":1},{"not_picked":["Calculated Gamble","Concentrate"],"picked":"Slice","floor":6},{"not_picked":["Bane","Dodge and Roll"],"picked":"Slice","floor":7},{"not_picked":["Sucker Punch","Masterful Stab"],"picked":"Choke","floor":10},{"not_picked":["Acrobatics","Predator"],"picked":"Quick Slash","floor":12},{"not_picked":["Slice","Deadly Poison"],"picked":"Backstab","floor":14},{"not_picked":["Malaise","Burst"],"picked":"Corpse Explosion","floor":16},{"not_picked":["Underhanded Strike+1","Prepared"],"picked":"Sucker Punch","floor":18},{"not_picked":["Dodge and Roll","Acrobatics"],"picked":"Bouncing Flask","floor":18},{"not_picked":["Outmaneuver","Dagger Throw"],"picked":"Riddle With Holes","floor":21},{"not_picked":["Backflip","Envenom"],"picked":"Finisher","floor":21},{"not_picked":["Tactician","Slice+1"],"picked":"Cloak And Dagger+1","floor":22},{"not_picked":["Bane","Deflect"],"picked":"Choke","floor":22},{"not_picked":["Noxious Fumes","Dagger Throw+1"],"picked":"Burst","floor":23},{"not_picked":["Finisher","Backflip"],"picked":"Bane","floor":24},{"not_picked":["Bane+1","Slice"],"picked":"Cloak And Dagger+1","floor":24},{"not_picked":["Dagger Throw+1","Deflect"],"picked":"Outmaneuver+1","floor":25},{"not_picked":["Grand Finale","Slice"],"picked":"Blade Dance+1","floor":27},{"not_picked":["Bane+1","Well Laid Plans"],"picked":"Slice+1","floor":28},{"not_picked":["Underhanded Strike","After Image"],"picked":"Flechettes+1","floor":29},{"not_picked":["Prepared","Crippling Poison"],"picked":"Bouncing Flask","floor":29},{"not_picked":["Slice","Dodge and Roll"],"picked":"Outmaneuver+1","floor":31},{"not_picked":["Grand Finale","Envenom"],"picked":"Storm of Steel","floor":33},{"not_picked":["Poisoned Stab","Cloak And Dagger+1"],"picked":"Blade Dance+1","floor":35},{"not_picked":["Backflip","Caltrops+1"],"picked":"Dash","floor":35},{"not_picked":["Acrobatics","All Out Attack+1"],"picked":"Distraction","floor":39},{"not_picked":["Poisoned Stab","Finisher"],"picked":"Cloak And Dagger+1","floor":39},{"not_picked":["Distraction","Leg Sweep"],"picked":"Slice","floor":40},{"not_picked":["Poisoned Stab","Leg Sweep+1"],"picked":"Flechettes+1","floor":42},{"not_picked":["Dark Shackles","Dramatic Entrance"],"picked":"expansioncontent:AwakenDeath","floor":45},{"not_picked":["Quick Slash","Setup+1"],"picked":"Outmaneuver+1","floor":46},{"not_picked":["Bane","Backflip+1","Underhanded Strike"],"picked":"SKIP","floor":46}],"player_experience":109667,"relics_obtained":[{"floor":6,"key":"Bronze Scales"},{"floor":9,"key":"Vajra"},{"floor":11,"key":"Bag of Marbles"},{"floor":12,"key":"Sundial"},{"floor":17,"key":"Dream Catcher"},{"floor":17,"key":"HollowMod:LifeEnderRelic"},{"floor":17,"key":"Prayer Wheel"},{"floor":20,"key":"Shuriken"},{"floor":23,"key":"Bag of Preparation"},{"floor":25,"key":"Red Mask"},{"floor":26,"key":"Girya"},{"floor":27,"key":"Centennial Puzzle"},{"floor":31,"key":"Art of War"},{"floor":40,"key":"Meat on the Bone"},{"floor":43,"key":"Potion Belt"}],"event_choices":[{"damage_healed":0,"gold_gain":0,"player_choice":"Grow","damage_taken":0,"max_hp_gain":0,"max_hp_loss":0,"event_name":"Living Wall","floor":2,"gold_loss":0,"cards_upgraded":["Finisher"]},{"damage_healed":0,"gold_gain":75,"player_choice":"Gather Gold","damage_taken":11,"max_hp_gain":0,"max_hp_loss":0,"event_name":"World of Goop","floor":3,"gold_loss":0},{"damage_healed":0,"gold_gain":175,"player_choice":"AGREE","damage_taken":0,"max_hp_gain":0,"max_hp_loss":0,"event_name":"Liars Game","floor":5,"gold_loss":0,"cards_obtained":["Doubt"]},{"damage_healed":0,"gold_gain":0,"player_choice":"Simplicity","damage_taken":0,"max_hp_gain":0,"max_hp_loss":0,"event_name":"Back to Basics","floor":19,"gold_loss":0,"cards_upgraded":["Strike_G","Strike_G","Strike_G","Strike_G","Strike_G","Defend_G","Defend_G","Defend_G","Defend_G","Defend_G"]},{"damage_healed":0,"gold_gain":0,"player_choice":"Fought Bandits","damage_taken":0,"max_hp_gain":0,"max_hp_loss":0,"event_name":"Masked Bandits","floor":25,"gold_loss":0},{"damage_healed":0,"gold_gain":222,"player_choice":"Wore Mask","damage_taken":0,"max_hp_gain":0,"max_hp_loss":0,"event_name":"Tomb of Lord Red Mask","floor":36,"gold_loss":0},{"cards_removed":["Strike_G"],"damage_healed":0,"gold_gain":0,"player_choice":"Removed Attack","damage_taken":0,"max_hp_gain":0,"max_hp_loss":0,"event_name":"Falling","floor":37,"gold_loss":0},{"damage_healed":0,"gold_gain":0,"player_choice":"Memory 1","damage_taken":0,"max_hp_gain":0,"max_hp_loss":0,"event_name":"SensoryStone","floor":45,"gold_loss":0},{"damage_healed":0,"gold_gain":0,"player_choice":"Embrace Madness","damage_taken":9,"max_hp_gain":0,"max_hp_loss":0,"event_name":"Winding Halls","floor":47,"gold_loss":0,"cards_obtained":["Madness","Madness"]}],"is_beta":false,"boss_relics":[{"not_picked":["Black Star","Ectoplasm"],"picked":"Calling Bell"},{"not_picked":["HoveringKite","Runic Dome"],"picked":"Cursed Key"}],"items_purged_floors":[30,38,41],"is_endless":false,"potions_floor_spawned":[6,10,16,21,23,24,25,31,39,40],"ascension_level":1}}