{"host":"1shobamjx3kfwgso","time":1609992971,"event":{"mods":["2.2 Compatiblity","AchievementEnabler","Act Like it!","Aspiration","BaseMod","Beaked The Cultist","Better Altar","Better Match","Better Sensory Stone","Better Skull","Better Third Choice","BetterRewards","Block Reminder","CCEM","CapriCore","Challenge The Spire","Clockwork Mod","Colored Map","Colored Powertips","Conjunction","Conspire","Defuse TimeMaze Blight","Downfall","Energized Spire","Exacting","FoggyMod","GifTheSpireLib","GungeonMod","Halation","Hallownest","Hermit","Highlight Path","Hubris","Infinite Spire","Ironclad Rager","JesterMod","Lobotomy","LobotomyExtend","Mimic Mod","Minty Spire (QoL Compilation)","Pale of the Ancients","Quick Restart","Relic Sorter","Replay The Spire","Shade Mod","Shop Mod","StSLib","Stuff the Spire","The Bladedancer","The Blue Laboratory","The Bug Knight","The Construct","The Cursed","The Dragon Tamer","The Druid","The Immortal","The Juggle","The Marked","The Mystic","The Sage","The Servant 0.9.4","TheFirefly","TheVacant","Uncapped","vexMod"],"gold_per_floor":[114,0,0,33,10,10,38,38,38,64,64,64,64,64,64,162,162,178,178,178,378,63,63,92,92,92,92,92,148,148,148,148,250,250,286,336,336,336,371,371,408,408,408,408,408,408,432,14,14,14,14,14,14,14,46,46],"floor_reached":57,"playtime":3405,"items_purged":["hubris:Compulsion","Regret"],"score":1487,"play_id":"af893b61-daea-4608-98ae-3fe3096167eb","local_time":"20210106231611","is_ascension_mode":false,"campfire_choices":[{"data":"DemoMod:MachoBrace","floor":6.0,"key":"SMITH"},{"floor":11.0,"key":"REST"},{"data":"DemoMod:ConditionalReflex","floor":15.0,"key":"SMITH"},{"data":"DemoMod:FullFirepower","floor":23.0,"key":"SMITH"},{"data":"DemoMod:ConditionalReflex","floor":27.0,"key":"SMITH"},{"floor":32.0,"key":"DIG"},{"floor":40.0,"key":"REST"},{"floor":49,"key":"RECALL"},{"data":"DemoMod:Invincible","floor":53,"key":"SMITH"}],"circlet_count":0,"master_deck":["DemoMod:Strike_Huntress","DemoMod:Strike_Huntress","DemoMod:Strike_Huntress","DemoMod:Defend_Huntress","DemoMod:Defend_Huntress","DemoMod:Defend_Huntress","DemoMod:Defend_Huntress","DemoMod:Roll","DemoMod:ManualReload","DemoMod:RustySidearm","DemoMod:CrossBow","PunishingBird","DemoMod:StickyCrossBow","Enlightenment","DemoMod:MegaHand","DemoMod:MachoBrace+1","DemoMod:ConditionalReflex+1","Bloodbath","DemoMod:Unity","Wellcheers","DemoMod:FullFirepower+1","ReplayTheSpireMod:Compounding Headache","Slimebound:Icky","DemoMod:ConditionalReflex+1","StuffTheSpire:CelestialWarden","hubris:Fate","OSAHOGD","DemoMod:MachoBrace","MHz","DemoMod:PotionOfGunFriendShip","DemoMod:HungryBullets","DemoMod:Polaris+1","infinitespire:Starlight","DemoMod:Invincible+1"],"relics":["DemoMod:Dog","LuminousBracelet","CogitoBucket","RabbitCall","LetterFromLob","Simple Rune","DemoMod:PinkGuonStone","DemoMod:Plus1Bullets","MagicBullet_r","ShedSkin_r","infinitespire:Beetle Shell","Replay:Ancient Bell","infinitespire:Lucky Rock","Pear","DemoMod:PartiallyEatenCheese","hubris:BottledRain","Boot","HollowMod:StagPassRelic","aspiration:RitualStick","construct:BoolHorns","conspire:RoyalGoblet","infinitespire:EvilPickle","DemoMod:HoleyGrail","Counterbalance","DemoMod:GundromedaStrain","conspire:Boomerang","vexMod:CursedCompass","Happy Flower","infinitespire:ShieldingShard"],"acts_visited":["Exordium","TheCity","TheBeyond","TheEnding"],"potions_floor_usage":[55,56,56],"damage_taken":[{"damage":0.0,"enemies":"conspire:RoseBush","floor":1.0,"turns":4.0},{"damage":6.0,"enemies":"Jaw Worm","floor":4.0,"turns":9.0},{"damage":22.0,"enemies":"Gremlin Nob","floor":7.0,"turns":4.0},{"damage":23.0,"enemies":"Replay:BlueRogue","floor":10.0,"turns":7.0},{"damage":29.0,"enemies":"The Guardian","floor":16.0,"turns":7.0},{"damage":13.0,"enemies":"Chosen","floor":18.0,"turns":6.0},{"damage":16.0,"enemies":"Gremlin Leader","floor":24.0,"turns":5.0},{"damage":8.0,"enemies":"2 Thieves","floor":29.0,"turns":5.0},{"damage":11.0,"enemies":"Pondfish","floor":33.0,"turns":3.0},{"damage":60.0,"enemies":"3 Darklings","floor":35.0,"turns":5.0},{"damage":11.0,"enemies":"Mind Bloom Boss Battle","floor":36.0,"turns":4.0},{"damage":33.0,"enemies":"Orb Walker","floor":39.0,"turns":17.0},{"damage":14.0,"enemies":"Jaw Worm Horde","floor":41.0,"turns":6.0},{"damage":6,"enemies":"Time Eater","floor":50,"turns":9},{"damage":12,"enemies":"Shield and Spear","floor":55,"turns":4},{"damage":66,"enemies":"The Heart","floor":56,"turns":9}],"seed_played":"1926157246288852017","potions_obtained":[{"floor":10.0,"key":"EntropicBrew"},{"floor":18.0,"key":"Dexterity Potion"},{"floor":25.0,"key":"DemoMod:LeadSkinPotion"},{"floor":39.0,"key":"blueLaboratory:AbyssPotion"}],"is_trial":false,"path_per_floor":["M","?","?","MIM","$","R","E","$","T","E","R","M","$","?","R","B",null,"M","?","?","?","$","R","E","M","T","R","$","M","?","?","R_BF","B",null,"M","?","?","?","M","R","M","M","T","M","M","AVR","T","$","R","B",null,null,"R","$","E","B",null],"character_chosen":"HUNTRESS","items_purchased":["DemoMod:MachoBrace","hubris:BottledRain","DemoMod:Invincible","Regen Potion","blueLaboratory:BottledHope"],"campfire_rested":2,"item_purchase_floors":[5,22,48,48,48],"current_hp_per_floor":[70,76,76,72,72,72,52,52,59,38,77,67,67,67,67,45,93,87,87,63,63,63,63,56,56,56,56,56,49,30,39,39,45,93,36,31,31,31,42,74,68,118,118,118,118,118,118,118,118,118,118,118,118,118,115,112],"gold":46,"neow_bonus":"","is_daily":false,"chose_seed":false,"campfire_upgraded":5,"win_rate":0.0,"timestamp":1609992971,"path_taken":["M","?","?","?","$","R","E","?","T","E","R","?","?","?","R","BOSS","M","?","?","?","$","R","E","?","T","R","$","?","?","?","R_BF","BOSS","M","?","?","?","?","R","?","?","T","?","?","AVR","?","?","R","BOSS","R","$","E","BOSS"],"items_purchased_type":["Card","Relic","Card","Potion","Potion"],"build_version":"2020-12-22","purchased_purges":2,"victory":true,"max_hp_per_floor":[70,76,76,76,76,76,76,76,83,83,83,83,83,83,83,83,93,93,93,93,93,93,93,93,93,93,93,93,93,93,93,93,93,93,93,93,93,93,108,108,108,118,118,118,118,118,118,118,118,118,118,118,118,118,118,118],"card_choices":[{"not_picked":["WallGazer","GreedKing"],"picked":"PunishingBird","floor":1.0},{"not_picked":["DemoMod:BoxingGlove","DemoMod:HuntsMan"],"picked":"DemoMod:StickyCrossBow","floor":1.0},{"not_picked":["Bloodbath","MHz"],"picked":"Yin","floor":4.0},{"not_picked":["DemoMod:LifeOrb","DemoMod:GunShield"],"picked":"DemoMod:MegaHand","floor":4.0},{"not_picked":["DemoMod:JK47","DemoMod:CursedBullets"],"picked":"DemoMod:ConditionalReflex","floor":7.0},{"not_picked":["Funeral","Mercenary"],"picked":"Bloodbath","floor":10.0},{"not_picked":["DemoMod:BattleInHaste","DemoMod:ConditionalReflex"],"picked":"DemoMod:Unity","floor":10.0},{"not_picked":["UniverseFragment","FairyFestival"],"picked":"Wellcheers","floor":16.0},{"not_picked":["DemoMod:DarkMarker","DemoMod:Elimentaler"],"picked":"DemoMod:FullFirepower","floor":16.0},{"not_picked":["CurseOfTheBell","infinitespire:Pacifist"],"picked":"ReplayTheSpireMod:Compounding Headache","floor":17.0},{"not_picked":["Normality","ReplayTheSpireMod:Splinters"],"picked":"hubris:Compulsion","floor":17.0},{"not_picked":["hubris:Sloth","Normality"],"picked":"Slimebound:Icky","floor":17.0},{"not_picked":["DemoMod:TeaPot","DemoMod:Unmoved+1"],"picked":"DemoMod:ConditionalReflex","floor":18.0},{"not_picked":["MeatLantern","RedShoes","Funeral"],"picked":"Singing Bowl","floor":18.0},{"not_picked":["StuffTheSpire:Brawn","StuffTheSpire:Perfection"],"picked":"StuffTheSpire:CelestialWarden","floor":19.0},{"not_picked":["infinitespire:UltimateForm","ReplayTheSpireMod:Black Plague"],"picked":"hubris:Fate","floor":20.0},{"not_picked":["UniverseFragment","QueenOfHatred"],"picked":"OSAHOGD","floor":24.0},{"not_picked":["DemoMod:HuntsMan","DemoMod:AC15"],"picked":"DemoMod:MachoBrace","floor":24.0},{"not_picked":["QueenOfHatred","CENSORED","BigBadWolf"],"picked":"Singing Bowl","floor":29.0},{"not_picked":["DemoMod:DoubleSwitch","DemoMod:CombinedRifle","DemoMod:ConditionalReflex"],"picked":"SKIP","floor":29.0},{"not_picked":["WhitesApple","Mercenary"],"picked":"MHz","floor":33.0},{"not_picked":["DemoMod:BalloonGun","DemoMod:FightSabre"],"picked":"DemoMod:BlackHoleGun","floor":33.0},{"not_picked":["QueenOfHatred","HeroicMonk","SnowQueen"],"picked":"Singing Bowl","floor":35.0},{"not_picked":["DemoMod:CursedBullets","DemoMod:BattleInHaste+1","DemoMod:JK47"],"picked":"SKIP","floor":35.0},{"not_picked":["HeroicMonk","BeautyBeast","QueenOfHatred"],"picked":"Singing Bowl","floor":36.0},{"not_picked":["DemoMod:BattleInHaste","DemoMod:Unmoved+1"],"picked":"DemoMod:PotionOfGunFriendShip","floor":36.0},{"not_picked":["DemoMod:ThirdPartyController","DemoMod:RadGun+1"],"picked":"DemoMod:HungryBullets","floor":39.0},{"not_picked":["MeltingLove","Rudolta","BigBadWolf"],"picked":"Singing Bowl","floor":39.0},{"not_picked":["DemoMod:CombinedRifle","DemoMod:DoubleSwitch"],"picked":"DemoMod:Polaris+1","floor":41.0},{"not_picked":["Alriune","NothingThere","ShyLook"],"picked":"Singing Bowl","floor":41.0},{"not_picked":["Porccubus","BodiesMountain","HeroicMonk"],"picked":"Singing Bowl","floor":55},{"not_picked":["DemoMod:Unmoved","DemoMod:BoxingGlove","DemoMod:DoubleSwitch+1"],"picked":"SKIP","floor":55}],"player_experience":293721,"relics_obtained":[{"floor":1.0,"key":"LetterFromLob"},{"floor":4.0,"key":"Simple Rune"},{"floor":7.0,"key":"Regal Pillow"},{"floor":9.0,"key":"DemoMod:PinkGuonStone"},{"floor":10.0,"key":"DemoMod:Plus1Bullets"},{"floor":24.0,"key":"Boot"},{"floor":26.0,"key":"HollowMod:StagPassRelic"},{"floor":32.0,"key":"construct:BoolHorns"},{"floor":35.0,"key":"DemoMod:HoleyGrail"},{"floor":36.0,"key":"Counterbalance"},{"floor":47,"key":"Happy Flower"},{"floor":55,"key":"infinitespire:ShieldingShard"}],"event_choices":[{"damage_healed":0.0,"max_hp_gain":0.0,"max_hp_loss":0.0,"gold_gain":0.0,"event_name":"betterThird:BetterSerpent","player_choice":"RENOUNCE","floor":2.0,"gold_loss":114.0,"damage_taken":114.0,"cards_obtained":["Enlightenment"]},{"damage_healed":0.0,"max_hp_gain":0.0,"max_hp_loss":0.0,"gold_gain":0.0,"event_name":"Big Fish","player_choice":"Box","floor":14.0,"gold_loss":0.0,"damage_taken":0.0,"relics_obtained":["infinitespire:Beetle Shell"],"cards_obtained":["Regret"]},{"damage_healed":0.0,"max_hp_gain":0.0,"max_hp_loss":0.0,"gold_gain":250.0,"event_name":"The Joust","player_choice":"Bet on Owner","floor":21.0,"gold_loss":50.0,"damage_taken":0.0},{"damage_healed":0.0,"max_hp_gain":0.0,"max_hp_loss":0.0,"gold_gain":0.0,"event_name":"Lab","player_choice":"Got Potions","floor":25.0,"gold_loss":0.0,"damage_taken":0.0},{"damage_healed":0.0,"max_hp_gain":0.0,"max_hp_loss":0.0,"gold_gain":0.0,"event_name":"MindBloom","player_choice":"Fight","floor":36.0,"gold_loss":0.0,"damage_taken":0.0},{"damage_healed":0.0,"max_hp_gain":0.0,"max_hp_loss":0.0,"gold_gain":0.0,"event_name":"Mysterious Sphere","player_choice":"Ignored","floor":37.0,"gold_loss":0.0,"damage_taken":0.0},{"damage_healed":0.0,"max_hp_gain":0.0,"max_hp_loss":0.0,"gold_gain":0.0,"event_name":"The Woman in Blue","player_choice":"Bought 0 Potions","floor":38.0,"gold_loss":0.0,"damage_taken":0.0},{"cards_removed":["DemoMod:BlackHoleGun"],"damage_healed":40.0,"max_hp_gain":10.0,"max_hp_loss":0.0,"gold_gain":0.0,"event_name":"Bonfire Elementals","player_choice":"Offered Rare","floor":42.0,"gold_loss":0.0,"damage_taken":0.0},{"damage_healed":0.0,"max_hp_gain":0.0,"max_hp_loss":0.0,"gold_gain":0.0,"event_name":"WeMeetAgain","player_choice":"Gave Potion","floor":44.0,"gold_loss":0.0,"damage_taken":0.0,"relics_obtained":["DemoMod:GundromedaStrain"]}],"is_beta":false,"boss_relics":[{"not_picked":["hubris:BlackHole","halation:ForbiddenBikini"],"picked":"Replay:Ancient Bell"},{"not_picked":["Vajra","CCEMRelics:GrindingGear"],"picked":"infinitespire:Lucky Rock"},{"not_picked":["Onion Ring","hubris:Reverence"],"picked":"Pear"},{"not_picked":["Bird Faced Urn","Conjunction:SoulLantern"],"picked":"DemoMod:PartiallyEatenCheese"},{"not_picked":["Cursed Key","energizedSpire:MagnifyingGlass"],"picked":"conspire:RoyalGoblet"}],"items_purged_floors":[22,48],"is_endless":false,"potions_floor_spawned":[10,18,29,39],"ascension_level":0}}