{"host":"poshtwjux72eqzmy","time":1609980970,"event":{"mods":["BaseMod","Bestiary","Block Reminder","Colored Powertips","Highlight Path","Minty Spire (QoL Compilation)","Quick Restart","Relic Stats","ojb\u0027s Info Mod"],"gold_per_floor":[363,381,65,65,83,83,115,115,139,165,184,184,199,214,214,293,293,306,322,322,322,87,87,117,117,192,192,192,209,242,253,253,324,324,337,348,348,368,388,419,419,454,500,510,167,177,206,222,222,222,222],"floor_reached":50,"playtime":4155,"items_purged":["Strike_B","Storm"],"score":1268,"play_id":"92b8c836-dbbd-44af-b8a8-d9b933a24fdd","local_time":"20210107025610","is_ascension_mode":true,"campfire_choices":[{"data":"Rip and Tear","floor":6.0,"key":"SMITH"},{"data":"Lockon","floor":8.0,"key":"SMITH"},{"data":"Buffer","floor":15.0,"key":"SMITH"},{"data":"Genetic Algorithm","floor":23.0,"key":"SMITH"},{"data":"Coolheaded","floor":25.0,"key":"SMITH"},{"floor":28.0,"key":"REST"},{"floor":32.0,"key":"REST"},{"floor":41,"key":"REST"},{"floor":49,"key":"RECALL"}],"circlet_count":0,"master_deck":["AscendersBane","Strike_B+1","Defend_B+1","Defend_B+1","Defend_B+1","Defend_B+1","Zap","Dualcast","Rip and Tear+1","Rebound","Sweeping Beam+1","Gash","Lockon+1","Cold Snap","Beam Cell","Buffer+1","Core Surge","Hologram","Cold Snap","Compile Driver","Genetic Algorithm+1","Core Surge","Steam+1","Multi-Cast","Darkness","Machine Learning","Coolheaded+1","Aggregate+1","Conserve Battery+1","Buffer+1","Echo Form","Conserve Battery+1","Defragment+1","Loop","Undo+1","Capacitor","Glacier+1","Hologram+1"],"relics":["Cracked Core","Cables","Centennial Puzzle","Lantern","Runic Dome","Orrery","Bottled Lightning","Toxic Egg 2","Meat on the Bone","Velvet Choker","Blue Candle","Bottled Tornado","Art of War","Strange Spoon","Omamori"],"acts_visited":["Exordium","TheCity","TheBeyond"],"potions_floor_usage":[40,47,47],"damage_taken":[{"damage":3.0,"enemies":"Small Slimes","floor":1.0,"turns":3.0},{"damage":0.0,"enemies":"Cultist","floor":2.0,"turns":3.0},{"damage":0.0,"enemies":"2 Louse","floor":5.0,"turns":2.0},{"damage":29.0,"enemies":"Lagavulin","floor":7.0,"turns":5.0},{"damage":8.0,"enemies":"Gremlin Nob","floor":10.0,"turns":3.0},{"damage":0.0,"enemies":"Large Slime","floor":11.0,"turns":2.0},{"damage":7.0,"enemies":"Exordium Wildlife","floor":13.0,"turns":2.0},{"damage":11.0,"enemies":"3 Louse","floor":14.0,"turns":2.0},{"damage":3.0,"enemies":"Hexaghost","floor":16.0,"turns":9.0},{"damage":0.0,"enemies":"Chosen","floor":18.0,"turns":4.0},{"damage":6.0,"enemies":"Spheric Guardian","floor":19.0,"turns":3.0},{"damage":20.0,"enemies":"Slavers","floor":24.0,"turns":4.0},{"damage":10.0,"enemies":"Snake Plant","floor":29.0,"turns":4.0},{"damage":18.0,"enemies":"Book of Stabbing","floor":30.0,"turns":5.0},{"damage":0.0,"enemies":"Snecko","floor":31.0,"turns":6.0},{"damage":14.0,"enemies":"Champ","floor":33.0,"turns":9.0},{"damage":10.0,"enemies":"3 Darklings","floor":35.0,"turns":6.0},{"damage":0.0,"enemies":"Orb Walker","floor":36.0,"turns":4.0},{"damage":21.0,"enemies":"4 Shapes","floor":38.0,"turns":7.0},{"damage":12.0,"enemies":"3 Darklings","floor":39.0,"turns":5.0},{"damage":34,"enemies":"Reptomancer","floor":40,"turns":9},{"damage":0,"enemies":"Nemesis","floor":42,"turns":9},{"damage":1,"enemies":"Sphere and 2 Shapes","floor":44,"turns":7},{"damage":0,"enemies":"Maw","floor":46,"turns":10},{"damage":22,"enemies":"Reptomancer","floor":47,"turns":10},{"damage":0,"enemies":"Spire Growth","floor":48,"turns":8},{"damage":39,"enemies":"Awakened One","floor":50,"turns":3}],"seed_played":"-4437510392174283084","potions_obtained":[{"floor":1.0,"key":"Fire Potion"},{"floor":2.0,"key":"Swift Potion"},{"floor":14.0,"key":"Weak Potion"},{"floor":16.0,"key":"SteroidPotion"},{"floor":19.0,"key":"SpeedPotion"},{"floor":24.0,"key":"LiquidMemories"},{"floor":39.0,"key":"ColorlessPotion"},{"floor":42,"key":"Ancient Potion"},{"floor":44,"key":"SteroidPotion"},{"floor":47,"key":"SpeedPotion"},{"floor":48,"key":"DuplicationPotion"}],"is_trial":false,"path_per_floor":["M","M","$","?","M","R","E","R","T","E","M","?","M","M","R","B",null,"M","M","?","?","$","R","E","R","T","?","R","M","E","M","R","B",null,"M","M","?","M","M","E","R","E","T","M","$","M","E","M","R","B"],"character_chosen":"DEFECT","items_purchased":["Sweeping Beam","Cables","Orrery","Strange Spoon","Capacitor"],"campfire_rested":3,"item_purchase_floors":[3,3,22,45,45],"current_hp_per_floor":[61,61,61,61,61,61,32,32,32,24,24,24,17,6,6,3,49,49,43,43,43,43,43,23,23,23,23,42,32,14,26,45,43,59,49,49,49,40,40,18,37,37,37,36,36,36,26,38,38,0,0],"gold":222,"neow_bonus":"TWO_FIFTY_GOLD","is_daily":false,"chose_seed":false,"campfire_upgraded":5,"win_rate":0.0,"timestamp":1609980970,"path_taken":["M","M","$","?","M","R","E","R","T","E","?","?","M","M","R","BOSS","M","M","?","?","$","R","E","R","T","?","R","?","E","M","R","BOSS","M","M","?","M","M","E","R","E","T","M","$","?","E","M","R","BOSS"],"items_purchased_type":["Card","Relic","Relic","Relic","Card"],"build_version":"2020-12-22","purchased_purges":2,"victory":false,"max_hp_per_floor":[64,64,64,64,64,64,64,64,64,64,64,64,64,64,64,64,64,64,64,64,64,64,64,64,64,64,64,64,64,64,64,64,64,64,64,64,64,64,64,64,64,64,64,64,64,64,64,64,64,64,64],"relic_stats":{"Strange Spoon":[6],"Centennial Puzzle":[48],"counters":[27,143],"Blue Candle":[0],"Art of War":[4],"obtain_stats":[{"Lantern":10,"Blue Candle":40,"Velvet Choker":34,"Omamori":47,"Bottled Tornado":42,"Cables":3,"Runic Dome":17,"Strange Spoon":45,"Centennial Puzzle":7,"Orrery":22,"Art of War":43,"Bottled Lightning":24,"Toxic Egg 2":26,"Cracked Core":0,"Meat on the Bone":30},{"Lantern":5,"Blue Candle":21,"Velvet Choker":16,"Omamori":25,"Bottled Tornado":22,"Cables":2,"Runic Dome":9,"Strange Spoon":23,"Centennial Puzzle":4,"Orrery":11,"Art of War":22,"Bottled Lightning":12,"Toxic Egg 2":12,"Cracked Core":0,"Meat on the Bone":14},{"Lantern":16,"Blue Candle":96,"Velvet Choker":66,"Omamori":132,"Bottled Tornado":105,"Cables":6,"Runic Dome":31,"Strange Spoon":112,"Centennial Puzzle":13,"Orrery":38,"Art of War":105,"Bottled Lightning":42,"Toxic Egg 2":42,"Cracked Core":0,"Meat on the Bone":51}],"Cables":[117,50,59,8,0],"Meat on the Bone":84},"card_choices":[{"not_picked":["Lockon","Reinforced Body"],"picked":"Rip and Tear","floor":1.0},{"not_picked":["Hologram","Redo"],"picked":"Rebound","floor":2.0},{"not_picked":["Auto Shields","Coolheaded"],"picked":"Gash","floor":5.0},{"not_picked":["Rebound","Reprogram"],"picked":"Lockon","floor":7.0},{"not_picked":["Rebound","Sweeping Beam"],"picked":"Cold Snap","floor":10.0},{"not_picked":["Barrage","Rip and Tear","Steam"],"picked":"SKIP","floor":11.0},{"not_picked":["Aggregate","Sweeping Beam"],"picked":"Beam Cell","floor":13.0},{"not_picked":["Sunder","Blizzard"],"picked":"Buffer","floor":14.0},{"not_picked":["Thunder Strike","Fission"],"picked":"Core Surge","floor":16.0},{"not_picked":["Scrape","Streamline"],"picked":"Hologram","floor":18.0},{"not_picked":["Gash","Streamline"],"picked":"Cold Snap","floor":19.0},{"not_picked":["Stack","Sweeping Beam"],"picked":"Core Surge","floor":22.0},{"not_picked":["Sweeping Beam","Chill"],"picked":"Steam+1","floor":22.0},{"not_picked":["Stack","Cold Snap"],"picked":"Multi-Cast","floor":22.0},{"not_picked":["Cold Snap","Hologram"],"picked":"Darkness","floor":22.0},{"not_picked":["Tempest","Rebound"],"picked":"Machine Learning","floor":22.0},{"not_picked":["Fusion","Turbo"],"picked":"Coolheaded","floor":24.0},{"not_picked":["Gash","Steam Power+1"],"picked":"Aggregate+1","floor":29.0},{"not_picked":["Rebound","Hologram+1"],"picked":"Conserve Battery+1","floor":30.0},{"not_picked":["Scrape","Turbo+1"],"picked":"Buffer","floor":31.0},{"not_picked":["Hyperbeam","Buffer"],"picked":"Echo Form","floor":33.0},{"not_picked":["Turbo+1","Compile Driver+1"],"picked":"Conserve Battery+1","floor":35.0},{"not_picked":["Scrape","Ball Lightning","Cold Snap"],"picked":"SKIP","floor":36.0},{"not_picked":["Sweeping Beam","Redo+1"],"picked":"Defragment+1","floor":38.0},{"not_picked":["Beam Cell+1","Leap+1"],"picked":"Loop","floor":39.0},{"not_picked":["Conserve Battery+1","Go for the Eyes","Rebound"],"picked":"SKIP","floor":40},{"not_picked":["Storm","Scrape"],"picked":"Undo+1","floor":42},{"not_picked":["Defragment","Streamline+1","Conserve Battery+1"],"picked":"SKIP","floor":44},{"not_picked":["Turbo+1","Sweeping Beam"],"picked":"Glacier+1","floor":46},{"not_picked":["Chill+1","Compile Driver","Leap+1"],"picked":"SKIP","floor":47},{"not_picked":["Hyperbeam","Stack+1"],"picked":"Hologram+1","floor":48}],"player_experience":1038860,"relics_obtained":[{"floor":7.0,"key":"Centennial Puzzle"},{"floor":10.0,"key":"Lantern"},{"floor":24.0,"key":"Bottled Lightning"},{"floor":26.0,"key":"Toxic Egg 2"},{"floor":30.0,"key":"Meat on the Bone"},{"floor":40,"key":"Blue Candle"},{"floor":42,"key":"Bottled Tornado"},{"floor":43,"key":"Art of War"},{"floor":47,"key":"Omamori"}],"event_choices":[{"damage_healed":0.0,"max_hp_gain":0.0,"max_hp_loss":0.0,"gold_gain":0.0,"event_name":"Upgrade Shrine","player_choice":"Upgraded","floor":4.0,"gold_loss":0.0,"damage_taken":0.0,"cards_upgraded":["Sweeping Beam"]},{"damage_healed":0.0,"max_hp_gain":0.0,"max_hp_loss":0.0,"gold_gain":0.0,"event_name":"Liars Game","player_choice":"Ignored","floor":12.0,"gold_loss":0.0,"damage_taken":0.0},{"damage_healed":0.0,"max_hp_gain":0.0,"max_hp_loss":0.0,"gold_gain":0.0,"cards_transformed":["Strike_B","Strike_B"],"event_name":"Drug Dealer","player_choice":"Became Test Subject","floor":20.0,"gold_loss":0.0,"damage_taken":0.0,"cards_obtained":["Compile Driver","Storm"]},{"damage_healed":0.0,"max_hp_gain":0.0,"max_hp_loss":0.0,"gold_gain":0.0,"event_name":"The Library","player_choice":"Read","floor":21.0,"gold_loss":0.0,"damage_taken":0.0,"cards_obtained":["Genetic Algorithm"]},{"damage_healed":0.0,"max_hp_gain":0.0,"max_hp_loss":0.0,"gold_gain":0.0,"event_name":"Back to Basics","player_choice":"Simplicity","floor":27.0,"gold_loss":0.0,"damage_taken":0.0,"cards_upgraded":["Strike_B","Defend_B","Defend_B","Defend_B","Defend_B"]},{"damage_healed":0.0,"max_hp_gain":0.0,"max_hp_loss":0.0,"gold_gain":0.0,"event_name":"Accursed Blacksmith","player_choice":"Forge","floor":37.0,"gold_loss":0.0,"damage_taken":0.0,"cards_upgraded":["Buffer"]}],"is_beta":false,"boss_relics":[{"not_picked":["Philosopher\u0027s Stone","Pandora\u0027s Box"],"picked":"Runic Dome"},{"not_picked":["Empty Cage","Tiny House"],"picked":"Velvet Choker"}],"items_purged_floors":[22,45],"is_endless":false,"potions_floor_spawned":[1,2,14,16,19,24,39,42,44,46,47,48],"killed_by":"Awakened One","ascension_level":20}}