{"host":"sygfylmorsvdndbx","time":1609984243,"event":{"mods":["AchievementEnabler","BaseMod","Minty Spire (QoL Compilation)","Relic Stats"],"gold_per_floor":[18,29,46,46,61,94,94,125,151,162,175,175,202,214,214,318,318,330,340,352,372,387,413,413,413,413,413,487,502,502,529,529,627,627,646,693,719,729,729,729,744,744,799,816,816,693,693,693],"floor_reached":47,"playtime":3817,"items_purged":["Strike_B"],"score":479,"play_id":"1a9b7eec-d902-4722-b152-bccc488bc4de","local_time":"20210106205043","is_ascension_mode":false,"campfire_choices":[{"data":"Dualcast","floor":7,"key":"SMITH"},{"data":"Lockon","floor":12,"key":"SMITH"},{"data":"Zap","floor":15,"key":"SMITH"},{"data":"Multi-Cast","floor":24,"key":"SMITH"},{"data":"Rainbow","floor":27,"key":"SMITH"},{"data":"Leap","floor":30,"key":"SMITH"},{"data":"Machine Learning","floor":32,"key":"SMITH"},{"data":"Ball Lightning","floor":40,"key":"SMITH"},{"data":"Creative AI","floor":45,"key":"SMITH"}],"circlet_count":0,"master_deck":["Strike_B+1","Strike_B+1","Defend_B","Defend_B","Defend_B","Zap+1","Dualcast+1","Multi-Cast+1","Lockon+1","Sweeping Beam","Leap+1","Double Energy","Ball Lightning+1","Biased Cognition","Darkness","BootSequence","Rainbow+1","Conserve Battery","Steam+1","Skim","Genetic Algorithm","Iron Wave","Stack+1","Machine Learning+1","Amplify","White Noise+1","White Noise+1","Skim","Creative AI+1","Storm+1"],"relics":["Cracked Core","Potion Belt","Tiny Chest","Whetstone","Odd Mushroom","Velvet Choker","MealTicket","Letter Opener","Toy Ornithopter","Coffee Dripper","Unceasing Top","Anchor","Shuriken","Regal Pillow"],"acts_visited":["Exordium","TheCity","TheBeyond"],"potions_floor_usage":[5,13,16,18,19,21,22,23,33,35,36],"damage_taken":[{"damage":2,"enemies":"Small Slimes","floor":1,"turns":2},{"damage":1,"enemies":"Cultist","floor":2,"turns":3},{"damage":1,"enemies":"Jaw Worm","floor":3,"turns":2},{"damage":11,"enemies":"Exordium Thugs","floor":5,"turns":3},{"damage":9,"enemies":"Gremlin Nob","floor":6,"turns":3},{"damage":21,"enemies":"Lagavulin","floor":8,"turns":6},{"damage":0,"enemies":"Lots of Slimes","floor":10,"turns":1},{"damage":0,"enemies":"Blue Slaver","floor":11,"turns":2},{"damage":3,"enemies":"The Mushroom Lair","floor":13,"turns":2},{"damage":7,"enemies":"Exordium Wildlife","floor":14,"turns":3},{"damage":11,"enemies":"Hexaghost","floor":16,"turns":6},{"damage":0,"enemies":"3 Byrds","floor":18,"turns":3},{"damage":0,"enemies":"Spheric Guardian","floor":19,"turns":2},{"damage":6,"enemies":"Centurion and Healer","floor":20,"turns":4},{"damage":0,"enemies":"Snake Plant","floor":21,"turns":3},{"damage":0,"enemies":"Cultist and Chosen","floor":22,"turns":4},{"damage":27,"enemies":"Gremlin Leader","floor":23,"turns":7},{"damage":14,"enemies":"3 Cultists","floor":29,"turns":4},{"damage":6,"enemies":"Book of Stabbing","floor":31,"turns":4},{"damage":21,"enemies":"Automaton","floor":33,"turns":9},{"damage":0,"enemies":"Orb Walker","floor":35,"turns":2},{"damage":43,"enemies":"2 Orb Walkers","floor":36,"turns":5},{"damage":0,"enemies":"3 Shapes","floor":38,"turns":3},{"damage":4,"enemies":"Sphere and 2 Shapes","floor":41,"turns":4},{"damage":30,"enemies":"Maw","floor":44,"turns":6},{"damage":26,"enemies":"Reptomancer","floor":47,"turns":2}],"seed_played":"-6368415013694119623","potions_obtained":[{"floor":2,"key":"SteroidPotion"},{"floor":4,"key":"SpeedPotion"},{"floor":4,"key":"AttackPotion"},{"floor":5,"key":"FocusPotion"},{"floor":11,"key":"Ancient Potion"},{"floor":13,"key":"CultistPotion"},{"floor":14,"key":"PotionOfCapacity"},{"floor":16,"key":"EssenceOfSteel"},{"floor":18,"key":"AttackPotion"},{"floor":20,"key":"Dexterity Potion"},{"floor":21,"key":"ColorlessPotion"},{"floor":31,"key":"SkillPotion"},{"floor":35,"key":"Block Potion"},{"floor":41,"key":"SpeedPotion"}],"is_trial":false,"path_per_floor":["M","M","M","?","M","E","R","E","T","M","M","R","?","M","R","B",null,"M","M","M","M","M","E","R","?","T","R","T","M","R","E","R","B",null,"M","?","T","M","T","R","M","?","T","M","R","$","E"],"character_chosen":"DEFECT","items_purchased":["SpeedPotion"],"campfire_rested":0,"item_purchase_floors":[46],"current_hp_per_floor":[73,72,71,71,60,51,51,30,30,30,30,30,27,20,20,9,75,75,75,69,69,69,42,42,42,42,42,42,28,28,22,22,6,75,75,37,37,37,37,37,33,33,33,3,3,18,0,0],"gold":693,"neow_bonus":"TRANSFORM_TWO_CARDS","is_daily":false,"chose_seed":false,"campfire_upgraded":9,"win_rate":0.0,"timestamp":1609984243,"path_taken":["M","M","M","?","M","E","R","E","T","M","?","R","?","M","R","BOSS","M","M","M","M","M","E","R","?","T","R","?","?","R","E","R","BOSS","M","?","?","M","?","R","?","?","T","M","R","$","E"],"items_purchased_type":["Potion"],"build_version":"2020-12-22","purchased_purges":1,"victory":false,"max_hp_per_floor":[75,75,75,75,75,75,75,75,75,75,75,75,75,75,75,75,75,75,75,75,75,75,75,75,75,75,75,75,75,75,75,75,75,75,75,75,75,75,75,75,75,75,75,75,75,75,75,75],"relic_stats":{"Regal Pillow":0,"counters":[26,95],"Shuriken":[1],"Tiny Chest":2,"MealTicket":15,"Whetstone":["Strike_B","Strike_B"],"Letter Opener":[175],"obtain_stats":[{"Potion Belt":6,"Regal Pillow":43,"Velvet Choker":17,"Whetstone":9,"Letter Opener":28,"Odd Mushroom":13,"Anchor":37,"Shuriken":39,"Tiny Chest":8,"MealTicket":23,"Coffee Dripper":34,"Cracked Core":0,"Toy Ornithopter":31,"Unceasing Top":36},{"Potion Belt":5,"Regal Pillow":24,"Velvet Choker":11,"Whetstone":6,"Letter Opener":17,"Odd Mushroom":9,"Anchor":22,"Shuriken":23,"Tiny Chest":6,"MealTicket":17,"Coffee Dripper":20,"Cracked Core":0,"Toy Ornithopter":19,"Unceasing Top":22},{"Potion Belt":13,"Regal Pillow":87,"Velvet Choker":33,"Whetstone":19,"Letter Opener":56,"Odd Mushroom":24,"Anchor":80,"Shuriken":83,"Tiny Chest":19,"MealTicket":56,"Coffee Dripper":73,"Cracked Core":0,"Toy Ornithopter":64,"Unceasing Top":80}],"Toy Ornithopter":10,"Unceasing Top":[1]},"card_choices":[{"not_picked":["Go for the Eyes","Compile Driver","Barrage"],"picked":"SKIP","floor":1},{"not_picked":["Rebound","BootSequence"],"picked":"Sweeping Beam","floor":2},{"not_picked":["Rebound","Turbo"],"picked":"Sweeping Beam","floor":3},{"not_picked":["Lockon","Coolheaded"],"picked":"Leap","floor":5},{"not_picked":["Barrage","Leap"],"picked":"Double Energy","floor":6},{"not_picked":["Sweeping Beam","Reprogram"],"picked":"Ball Lightning","floor":8},{"not_picked":["Storm","Rebound"],"picked":"Biased Cognition","floor":10},{"not_picked":["Turbo","Rip and Tear","Go for the Eyes"],"picked":"SKIP","floor":11},{"not_picked":["Beam Cell","Chaos"],"picked":"Darkness","floor":13},{"not_picked":["Steam","Coolheaded"],"picked":"BootSequence","floor":14},{"not_picked":["Buffer","Multi-Cast"],"picked":"Rainbow","floor":16},{"not_picked":["Beam Cell","Stack"],"picked":"Conserve Battery","floor":18},{"not_picked":["Go for the Eyes","Storm"],"picked":"Steam+1","floor":19},{"not_picked":["Gash","Rebound"],"picked":"Skim","floor":20},{"not_picked":["Steam","Gash","Consume+1"],"picked":"SKIP","floor":21},{"not_picked":["Go for the Eyes","Sunder"],"picked":"Genetic Algorithm","floor":22},{"not_picked":["Chaos","Force Field","Chill"],"picked":"SKIP","floor":23},{"not_picked":["Chaos","Force Field","Chill"],"picked":"SKIP","floor":23},{"not_picked":["Doom and Gloom+1","BootSequence"],"picked":"Stack+1","floor":29},{"not_picked":["Steam+1","Self Repair"],"picked":"Machine Learning","floor":31},{"not_picked":["Hyperbeam","Fission"],"picked":"Amplify","floor":33},{"not_picked":["Sunder","Turbo","Redo+1"],"picked":"SKIP","floor":35},{"not_picked":["Scrape+1","Conserve Battery+1"],"picked":"White Noise+1","floor":38},{"not_picked":["Hologram","Rebound"],"picked":"White Noise+1","floor":41},{"not_picked":["Ball Lightning+1","Streamline+1"],"picked":"Storm+1","floor":44}],"player_experience":208786,"relics_obtained":[{"floor":6,"key":"Potion Belt"},{"floor":8,"key":"Tiny Chest"},{"floor":9,"key":"Whetstone"},{"floor":13,"key":"Odd Mushroom"},{"floor":23,"key":"MealTicket"},{"floor":28,"key":"Letter Opener"},{"floor":31,"key":"Toy Ornithopter"},{"floor":36,"key":"Unceasing Top"},{"floor":37,"key":"Anchor"},{"floor":39,"key":"Shuriken"},{"floor":43,"key":"Regal Pillow"}],"event_choices":[{"damage_healed":0,"gold_gain":0,"player_choice":"Got Potions","damage_taken":0,"max_hp_gain":0,"max_hp_loss":0,"event_name":"Lab","floor":4,"gold_loss":0},{"damage_healed":0,"gold_gain":0,"player_choice":"Fought Mushrooms","damage_taken":0,"max_hp_gain":0,"max_hp_loss":0,"event_name":"Mushrooms","floor":13,"gold_loss":0},{"cards_removed":["Sweeping Beam"],"damage_healed":0,"gold_gain":0,"player_choice":"Took Card","damage_taken":0,"max_hp_gain":0,"max_hp_loss":0,"event_name":"NoteForYourself","floor":25,"gold_loss":0,"cards_obtained":["Iron Wave"]},{"damage_healed":0,"gold_gain":0,"player_choice":"Fight","damage_taken":0,"max_hp_gain":0,"max_hp_loss":0,"event_name":"Mysterious Sphere","floor":36,"gold_loss":0},{"damage_healed":0,"gold_gain":0,"player_choice":"2 cards matched","damage_taken":0,"max_hp_gain":0,"max_hp_loss":0,"event_name":"Match and Keep!","floor":42,"gold_loss":0,"cards_obtained":["Skim","Creative AI"]},{"damage_healed":0,"gold_gain":0,"player_choice":"2 cards matched","damage_taken":0,"max_hp_gain":0,"max_hp_loss":0,"event_name":"Match and Keep!","floor":42,"gold_loss":0,"cards_obtained":["Skim","Creative AI"]}],"is_beta":false,"boss_relics":[{"not_picked":["Snecko Eye","Astrolabe"],"picked":"Velvet Choker"},{"not_picked":["Fusion Hammer","Runic Pyramid"],"picked":"Coffee Dripper"}],"items_purged_floors":[46],"is_endless":false,"potions_floor_spawned":[2,5,11,13,14,16,18,20,21,31,35,41],"killed_by":"Reptomancer","ascension_level":0}}