{"host":"d2y4rmbezebiv8aj","time":1609992528,"event":{"mods":["AchievementEnabler","BaseMod","Bestiary","BetterRewards","Colored Map","Colored Powertips","Custom Start","Highlight Path","Minty Spire (QoL Compilation)","Quick Restart","Rare Cards Sparkle","Relic Sorter","Relic Stats","Shop Mod","Slay-I","StSLib","SuperFastMode"],"gold_per_floor":[110,75,85,101,101,101,142,142,142,142,142,142,142,156,156,284,284,305,295,295,339,339,339,339,339],"floor_reached":24,"playtime":697,"items_purged":[],"score":409,"play_id":"b5f9496f-8899-445a-8d0a-9a22ac4ef0b8","local_time":"20210107050848","is_ascension_mode":true,"campfire_choices":[{"data":"Infinite Blades","floor":6,"key":"SMITH"},{"data":"Accuracy","floor":10,"key":"SMITH"},{"data":"Accuracy","floor":12,"key":"SMITH"},{"data":"All Out Attack","floor":15,"key":"SMITH"},{"floor":23,"key":"REST"}],"circlet_count":0,"master_deck":["Strike_G","Strike_G","Strike_G","Strike_G","Strike_G","Defend_G","Defend_G","Defend_G","Defend_G","Defend_G","Survivor","Neutralize","Accuracy+1","Dark Shackles","Slice","All Out Attack+1","Accuracy+1","Backflip","Flying Knee","Slice","Infinite Blades+1","Deflect","Parasite","Deflect","Die Die Die","Cloak And Dagger","Backstab"],"relics":["Ring of the Snake","Oddly Smooth Stone","Golden Idol","Gremlin Horn","Pantograph","Omamori","Cursed Key","MealTicket","Red Mask"],"acts_visited":["Exordium","TheCity"],"potions_floor_usage":[21,21,21],"damage_taken":[{"damage":0,"enemies":"Small Slimes","floor":1,"turns":3},{"damage":0,"enemies":"2 Louse","floor":3,"turns":3},{"damage":3,"enemies":"Jaw Worm","floor":4,"turns":3},{"damage":16,"enemies":"Lagavulin","floor":7,"turns":6},{"damage":7,"enemies":"Exordium Wildlife","floor":14,"turns":5},{"damage":35,"enemies":"Hexaghost","floor":16,"turns":9},{"damage":13,"enemies":"3 Byrds","floor":18,"turns":5},{"damage":10,"enemies":"2 Thieves","floor":19,"turns":4},{"damage":15,"enemies":"Masked Bandits","floor":21,"turns":4},{"damage":55,"enemies":"Book of Stabbing","floor":24,"turns":6}],"seed_played":"-6276610038813953375","potions_obtained":[{"floor":1,"key":"FearPotion"},{"floor":7,"key":"GamblersBrew"},{"floor":14,"key":"CultistPotion"},{"floor":18,"key":"CultistPotion"}],"is_trial":false,"path_per_floor":["M","?","M","M","?","R","E","?","T","R","$","R","?","M","R","B",null,"M","M","?","?","?","R","E"],"character_chosen":"THE_SILENT","items_purchased":["Accuracy","Dark Shackles","Slice","All Out Attack","Accuracy","Oddly Smooth Stone","Backflip"],"campfire_rested":1,"item_purchase_floors":[0,0,0,0,0,0,0],"current_hp_per_floor":[49,66,66,63,63,63,47,63,63,63,63,63,63,56,56,30,56,43,33,33,18,18,37,0,0],"gold":339,"neow_bonus":"","is_daily":false,"chose_seed":false,"campfire_upgraded":4,"win_rate":0.0,"timestamp":1609992528,"path_taken":["M","?","M","M","?","R","E","?","T","R","$","R","?","M","R","BOSS","M","M","?","?","?","R","E"],"items_purchased_type":["Card","Card","Card","Card","Card","Relic","Card"],"build_version":"2020-12-22","purchased_purges":0,"victory":false,"max_hp_per_floor":[70,70,70,70,65,65,65,65,65,65,65,65,65,65,65,65,65,65,65,65,65,65,65,65,65],"relic_stats":{"Gremlin Horn":[6,6],"counters":[30,148],"Golden Idol":54,"Pantograph":9,"MealTicket":0,"Cursed Key":0,"obtain_stats":[{"Gremlin Horn":7,"Vajra":9,"Enchiridion":22,"HoveringKite":34,"Mango":17,"Cursed Key":17,"Blood Vial":36,"Pantograph":9,"Toolbox":20,"MealTicket":20,"Red Mask":47,"Kunai":0,"InkBottle":29,"Ring of the Snake":0,"Potion Belt":17,"Golden Idol":5,"Blue Candle":26,"Oddly Smooth Stone":0,"PreservedInsect":0,"Omamori":13,"Frozen Egg 2":17,"MawBank":43,"Calling Bell":17,"Anchor":14,"Bronze Scales":7,"Toy Ornithopter":30},{"Gremlin Horn":24,"Vajra":4,"Enchiridion":9,"HoveringKite":13,"Mango":7,"Cursed Key":26,"Blood Vial":14,"Pantograph":24,"Toolbox":9,"MealTicket":28,"Red Mask":19,"Kunai":0,"InkBottle":11,"Ring of the Snake":0,"Potion Belt":7,"Golden Idol":23,"Blue Candle":10,"Oddly Smooth Stone":20,"PreservedInsect":0,"Omamori":24,"Frozen Egg 2":7,"MawBank":17,"Calling Bell":7,"Anchor":6,"Bronze Scales":4,"Toy Ornithopter":11},{"Gremlin Horn":115,"Vajra":21,"Enchiridion":49,"HoveringKite":66,"Mango":40,"Cursed Key":129,"Blood Vial":70,"Pantograph":115,"Toolbox":49,"MealTicket":138,"Red Mask":89,"Kunai":0,"InkBottle":56,"Ring of the Snake":0,"Potion Belt":40,"Golden Idol":109,"Blue Candle":54,"Oddly Smooth Stone":100,"PreservedInsect":0,"Omamori":115,"Frozen Egg 2":40,"MawBank":83,"Calling Bell":40,"Anchor":27,"Bronze Scales":21,"Toy Ornithopter":56}],"Ring of the Snake":[60]},"card_choices":[{"not_picked":["Crippling Poison","Dash"],"picked":"Flying Knee","floor":1},{"not_picked":["Dash","Flying Knee"],"picked":"Slice","floor":3},{"not_picked":["Slice","Acrobatics"],"picked":"Infinite Blades","floor":4},{"not_picked":["Grand Finale","Skewer"],"picked":"Deflect","floor":7},{"not_picked":["Reflex","Outmaneuver"],"picked":"Deflect","floor":14},{"not_picked":["Venomology","Unload"],"picked":"Die Die Die","floor":16},{"not_picked":["Bane","Calculated Gamble","Underhanded Strike"],"picked":"SKIP","floor":18},{"not_picked":["Dagger Spray","PiercingWail"],"picked":"Cloak And Dagger","floor":19},{"not_picked":["Outmaneuver","Escape Plan"],"picked":"Backstab","floor":21}],"player_experience":369075,"relics_obtained":[{"floor":7,"key":"Gremlin Horn"},{"floor":9,"key":"Pantograph"},{"floor":21,"key":"Red Mask"}],"event_choices":[{"damage_healed":17,"gold_gain":0,"player_choice":"Healed","damage_taken":0,"max_hp_gain":0,"max_hp_loss":0,"event_name":"The Cleric","floor":2,"gold_loss":35},{"damage_healed":0,"gold_gain":0,"player_choice":"Lose Max HP","damage_taken":0,"relics_obtained":["Golden Idol"],"max_hp_gain":0,"max_hp_loss":5,"event_name":"Golden Idol","floor":5,"gold_loss":0},{"damage_healed":16,"gold_gain":0,"player_choice":"Healed and dodged fight","damage_taken":0,"max_hp_gain":0,"max_hp_loss":0,"event_name":"Mushrooms","floor":8,"gold_loss":0,"cards_obtained":["Parasite"]},{"damage_healed":0,"gold_gain":0,"player_choice":"Box","damage_taken":0,"relics_obtained":["Omamori"],"max_hp_gain":0,"max_hp_loss":0,"event_name":"Big Fish","floor":13,"gold_loss":0,"cards_obtained":["Regret"]},{"damage_healed":0,"gold_gain":0,"player_choice":"Opened","damage_taken":0,"relics_obtained":["MealTicket"],"max_hp_gain":0,"max_hp_loss":0,"event_name":"The Mausoleum","floor":20,"gold_loss":0},{"damage_healed":0,"gold_gain":0,"player_choice":"Fought Bandits","damage_taken":0,"max_hp_gain":0,"max_hp_loss":0,"event_name":"Masked Bandits","floor":21,"gold_loss":0},{"cards_removed":["Regret"],"damage_healed":0,"gold_gain":0,"player_choice":"Elegance","damage_taken":0,"max_hp_gain":0,"max_hp_loss":0,"event_name":"Back to Basics","floor":22,"gold_loss":0}],"is_beta":false,"boss_relics":[{"not_picked":["Velvet Choker","Runic Dome"],"picked":"Cursed Key"}],"items_purged_floors":[],"is_endless":false,"potions_floor_spawned":[1,7,14,18],"killed_by":"Book of Stabbing","ascension_level":8}}