{"host":"ds1yr10zonoc6w4a","time":1609994635,"event":{"mods":["BaseMod","Better Match","Better Third Choice","BetterRewards","Minty Spire (QoL Compilation)","StSLib","The Animator"],"gold_per_floor":[126,136,136,136,0,35,0,12,38,70,70,70,90,153,153,255,255,275,275,275,275,275],"floor_reached":21,"playtime":1713,"items_purged":["animator:Strike"],"score":392,"play_id":"d34fac02-be5e-4655-8193-de5f04dce179","local_time":"20210106214355","is_ascension_mode":true,"campfire_choices":[{"data":"Enlightenment","floor":12,"key":"SMITH"},{"data":"animator:NagisaMomoe","floor":15,"key":"SMITH"}],"circlet_count":0,"master_deck":["AscendersBane","animator:Strike_MadokaMagica","animator:Defend_MadokaMagica","animator:Defend","animator:Defend","animator:IrohaTamaki","animator:YuiTsuruno","animator:SuzuneAmano+1","animator:DolaCouronne","animator:Patchouli","animator:KyokoSakura+1","animator:HomuraAkemi","Enlightenment+1","animator:MamiTomoe","animator:NagisaMomoe+1","Injury","animator:SayakaMiki","animator:OrikoMikuni","animator:Ainz","animator:YachiyoNanami","animator:KrulTepes","animator:Eve"],"relics":["animator:LivingPicture","animator:TheMissingPiece","animator:PurgingStone","NeowsBlessing","Whetstone","Lantern","Golden Idol","Sundial","animator:HolyGrailRelic"],"acts_visited":["Exordium","TheCity"],"potions_floor_usage":[16],"damage_taken":[{"damage":0,"enemies":"2 Louse","floor":1,"turns":1},{"damage":0,"enemies":"Small Slimes","floor":2,"turns":1},{"damage":0,"enemies":"Lagavulin","floor":6,"turns":1},{"damage":0,"enemies":"Jaw Worm","floor":8,"turns":3},{"damage":11,"enemies":"3 Louse","floor":10,"turns":3},{"damage":15,"enemies":"Large Slime","floor":13,"turns":5},{"damage":22,"enemies":"3 Sentries","floor":14,"turns":8},{"damage":29,"enemies":"Slime Boss","floor":16,"turns":8},{"damage":42,"enemies":"3 Byrds","floor":18,"turns":7},{"damage":29,"enemies":"Masked Bandits","floor":21,"turns":4}],"seed_played":"-3452494081595294832","potions_obtained":[{"floor":10,"key":"Regen Potion"},{"floor":18,"key":"BlessingOfTheForge"}],"is_trial":false,"path_per_floor":["M","M","?","?","$","E","?","M","T","M","?","R","M","E","R","B",null,"M","?","?","?"],"character_chosen":"THE_ANIMATOR","items_purchased":["animator:Patchouli","animator:KyokoSakura","animator:HomuraAkemi"],"campfire_rested":0,"item_purchase_floors":[5,5,5],"current_hp_per_floor":[54,54,59,59,59,59,65,66,66,55,55,55,41,19,19,5,64,24,24,24,0,0],"gold":275,"neow_bonus":"THREE_ENEMY_KILL","is_daily":false,"chose_seed":false,"campfire_upgraded":2,"win_rate":0.0,"timestamp":1609994635,"path_taken":["M","M","?","?","$","E","?","M","T","M","?","R","M","E","R","BOSS","M","?","?","?"],"items_purchased_type":["Card","Card","Card"],"build_version":"2020-12-22","purchased_purges":1,"victory":false,"max_hp_per_floor":[60,60,65,65,65,65,71,72,72,72,72,72,73,73,73,73,81,80,80,80,77,77],"card_choices":[{"not_picked":["animator:PandorasActor","animator:Aisha"],"picked":"animator:SuzuneAmano","floor":1},{"not_picked":["animator:Azekura","animator:LizardPriest"],"picked":"animator:DolaCouronne","floor":2},{"not_picked":["animator:Vesta","animator:Ciel","animator:Priestess"],"picked":"SKIP","floor":6},{"not_picked":["animator:IrohaTamaki","animator:SayakaMiki"],"picked":"animator:MamiTomoe","floor":8},{"not_picked":["animator:YuiTsuruno","animator:Fredrika"],"picked":"animator:NagisaMomoe","floor":10},{"not_picked":["animator:Ain","animator:Entoma"],"picked":"animator:SayakaMiki","floor":13},{"not_picked":["animator:Azekura","animator:Yuuichirou"],"picked":"animator:OrikoMikuni","floor":14},{"not_picked":["animator:AcuraShin","animator:Albedo"],"picked":"animator:Ainz","floor":16},{"not_picked":["animator:OrikoMikuni","animator:YuiTsuruno"],"picked":"animator:YachiyoNanami","floor":18}],"player_experience":665628,"relics_obtained":[{"floor":6,"key":"Whetstone"},{"floor":9,"key":"Lantern"},{"floor":14,"key":"Sundial"}],"event_choices":[{"damage_healed":0,"gold_gain":0,"player_choice":"Donut","damage_taken":0,"max_hp_gain":5,"max_hp_loss":0,"event_name":"Big Fish","floor":3,"gold_loss":0},{"cards_removed":["animator:Strike"],"damage_healed":0,"gold_gain":0,"player_choice":"Forget","damage_taken":0,"max_hp_gain":0,"max_hp_loss":0,"event_name":"Living Wall","floor":4,"gold_loss":0},{"damage_healed":0,"gold_gain":0,"player_choice":"RENOUNCE","damage_taken":35,"max_hp_gain":0,"max_hp_loss":0,"event_name":"betterThird:BetterSerpent","floor":7,"gold_loss":35,"cards_obtained":["Enlightenment"]},{"damage_healed":0,"gold_gain":0,"player_choice":"Take Wound","damage_taken":0,"relics_obtained":["Golden Idol"],"max_hp_gain":0,"max_hp_loss":0,"event_name":"Golden Idol","floor":11,"gold_loss":0,"cards_obtained":["Injury"]},{"damage_healed":0,"gold_gain":0,"player_choice":"Ignored","damage_taken":0,"max_hp_gain":0,"max_hp_loss":0,"event_name":"Vampires","floor":19,"gold_loss":0},{"damage_healed":0,"gold_gain":0,"cards_transformed":["animator:Strike","animator:Defend"],"player_choice":"Became Test Subject","damage_taken":0,"max_hp_gain":0,"max_hp_loss":0,"event_name":"Drug Dealer","floor":20,"gold_loss":0,"cards_obtained":["animator:KrulTepes","animator:Eve"]},{"damage_healed":0,"gold_gain":0,"player_choice":"Fought Bandits","damage_taken":0,"max_hp_gain":0,"max_hp_loss":0,"event_name":"Masked Bandits","floor":21,"gold_loss":0}],"is_beta":false,"boss_relics":[{"not_picked":["Ectoplasm","Velvet Choker"],"picked":"animator:HolyGrailRelic"}],"items_purged_floors":[5],"is_endless":false,"potions_floor_spawned":[10,18],"killed_by":"Masked Bandits","ascension_level":17}}