{"host":"tnsigirk6wurdark","time":1609986382,"event":{"mods":["BaseMod","Colored Map","Colored Powertips","DeckTracker","Highlight Path","Minty Spire (QoL Compilation)","Quick Restart","Relic Sorter","StSLib","SuperFastMode","Synergy Search"],"gold_per_floor":[112,123,138,152,166,197,207,240,240,270,283,37,54,89,89,191,191,202,202,217,228,242,273,273,308,332,344,369,128,128,138,138,240,240,260,260,310,310,321,355,355,382,405,436,436,468,468,468,468,468],"floor_reached":51,"playtime":2930,"items_purged":["Defend_G","Grand Finale"],"score":1027,"play_id":"24694374-7a1b-4565-b843-f8b6c9113275","local_time":"20210107022622","is_ascension_mode":true,"campfire_choices":[{"floor":15,"key":"REST"},{"floor":24,"key":"REST"},{"floor":32,"key":"REST"},{"floor":41,"key":"REST"},{"floor":45,"key":"REST"},{"floor":47,"key":"REST"},{"data":"Bouncing Flask","floor":49,"key":"SMITH"}],"circlet_count":0,"master_deck":["Neutralize","Backstab","Noxious Fumes","Backstab","Backflip","Cloak And Dagger","Backflip","Backstab","Deflect","Corpse Explosion","Bane","Crippling Poison","Die Die Die","Catalyst+1","Die Die Die","Tactician","Deadly Poison","Burst","Die Die Die","Heel Hook","Malaise","Dagger Throw","Finisher","Backflip","Dagger Throw+1","Bane+1","Backflip","Leg Sweep","Bouncing Flask+1","PiercingWail","Catalyst","Footwork+1","Bullet Time","Mayhem","Dramatic Entrance","Cloak And Dagger+1","Blade Dance+1","Bane+1","Blade Dance+1","Doppelganger+1","Accuracy+1","Blade Dance+1","Deflect+1"],"relics":["Ring of the Snake","SlaversCollar","Blood Vial","Bottled Lightning","Pandora\u0027s Box","The Courier","Regal Pillow","Dream Catcher","Potion Belt","Bronze Scales","Incense Burner","HornCleat","Bag of Marbles","TwistedFunnel","Snake Skull","Nunchaku","Boot","Vajra","Toxic Egg 2","Pen Nib"],"acts_visited":["Exordium","TheCity","TheBeyond"],"potions_floor_usage":[5,6,6,8,16,22,25,31,33,37,50,50],"damage_taken":[{"damage":0,"enemies":"Cultist","floor":1,"turns":3},{"damage":0,"enemies":"Jaw Worm","floor":2,"turns":4},{"damage":0,"enemies":"2 Louse","floor":3,"turns":2},{"damage":0,"enemies":"2 Fungi Beasts","floor":4,"turns":4},{"damage":1,"enemies":"Blue Slaver","floor":5,"turns":3},{"damage":11,"enemies":"3 Sentries","floor":6,"turns":8},{"damage":2,"enemies":"Large Slime","floor":7,"turns":4},{"damage":8,"enemies":"Lagavulin","floor":8,"turns":8},{"damage":0,"enemies":"3 Sentries","floor":10,"turns":8},{"damage":0,"enemies":"2 Fungi Beasts","floor":11,"turns":1},{"damage":0,"enemies":"Blue Slaver","floor":13,"turns":1},{"damage":4,"enemies":"Lagavulin","floor":14,"turns":5},{"damage":13,"enemies":"The Guardian","floor":16,"turns":10},{"damage":0,"enemies":"3 Byrds","floor":18,"turns":3},{"damage":0,"enemies":"Chosen","floor":20,"turns":3},{"damage":0,"enemies":"Centurion and Healer","floor":21,"turns":4},{"damage":0,"enemies":"Shelled Parasite and Fungi","floor":22,"turns":1},{"damage":11,"enemies":"Book of Stabbing","floor":23,"turns":6},{"damage":30,"enemies":"Gremlin Leader","floor":25,"turns":6},{"damage":21,"enemies":"Snake Plant","floor":27,"turns":2},{"damage":4,"enemies":"Book of Stabbing","floor":28,"turns":4},{"damage":0,"enemies":"Cultist and Chosen","floor":31,"turns":2},{"damage":63,"enemies":"Champ","floor":33,"turns":13},{"damage":0,"enemies":"3 Darklings","floor":35,"turns":1},{"damage":28,"enemies":"Mind Bloom Boss Battle","floor":37,"turns":3},{"damage":0,"enemies":"Orb Walker","floor":39,"turns":2},{"damage":0,"enemies":"Reptomancer","floor":40,"turns":4},{"damage":13,"enemies":"Giant Head","floor":42,"turns":5},{"damage":0,"enemies":"Nemesis","floor":44,"turns":3},{"damage":13,"enemies":"Giant Head","floor":46,"turns":4},{"damage":43,"enemies":"Time Eater","floor":50,"turns":8}],"seed_played":"7653173391649316529","potions_obtained":[{"floor":1,"key":"Energy Potion"},{"floor":2,"key":"Explosive Potion"},{"floor":4,"key":"AttackPotion"},{"floor":6,"key":"Weak Potion"},{"floor":8,"key":"SmokeBomb"},{"floor":10,"key":"Explosive Potion"},{"floor":20,"key":"CunningPotion"},{"floor":21,"key":"LiquidMemories"},{"floor":28,"key":"SteroidPotion"},{"floor":31,"key":"LiquidBronze"},{"floor":35,"key":"AttackPotion"},{"floor":37,"key":"Dexterity Potion"},{"floor":44,"key":"SkillPotion"}],"is_trial":false,"path_per_floor":["M","M","M","M","M","E","M","E","T","E","M","$","M","E","R","B",null,"M","?","M","M","M","E","R","E","T","M","E","$","?","M","R","B",null,"M","?","?","?","M","E","R","E","T","E","R","E","R","?","R","B",null],"character_chosen":"THE_SILENT","items_purchased":["TwistedFunnel","Bane","PiercingWail","Nunchaku"],"campfire_rested":6,"item_purchase_floors":[12,12,29,29],"current_hp_per_floor":[77,77,77,77,76,65,63,55,55,55,55,55,55,51,77,64,77,77,77,77,77,77,66,77,47,47,26,22,22,22,24,62,1,77,77,72,46,46,48,50,77,64,64,66,77,64,77,77,77,34],"gold":468,"neow_bonus":"TEN_PERCENT_HP_BONUS","is_daily":false,"chose_seed":false,"campfire_upgraded":1,"win_rate":0.0,"timestamp":1609986382,"path_taken":["M","M","?","M","?","E","M","E","T","E","?","?","M","E","R","BOSS","M","?","M","?","M","E","R","E","T","M","E","$","?","M","R","BOSS","M","?","?","?","M","E","R","E","T","E","R","E","R","?","R","BOSS"],"items_purchased_type":["Relic","Card","Card","Relic"],"build_version":"2020-12-22","purchased_purges":2,"victory":true,"max_hp_per_floor":[77,77,77,77,77,77,77,77,77,77,77,77,77,77,77,77,77,77,77,77,77,77,77,77,77,77,77,77,77,77,77,77,77,77,77,77,77,77,77,77,77,77,77,77,77,77,77,77,77,77],"card_choices":[{"not_picked":["Flying Knee","Caltrops"],"picked":"Backstab","floor":1},{"not_picked":["PiercingWail","Dagger Spray"],"picked":"Noxious Fumes","floor":2},{"not_picked":["Tools of the Trade","Dagger Throw"],"picked":"Backstab","floor":3},{"not_picked":["Poisoned Stab","Outmaneuver","Flechettes"],"picked":"SKIP","floor":4},{"not_picked":["Flechettes","Escape Plan"],"picked":"Backflip","floor":5},{"not_picked":["Concentrate","Flying Knee"],"picked":"Cloak And Dagger","floor":6},{"not_picked":["Dagger Throw","Dagger Spray"],"picked":"Backflip","floor":7},{"not_picked":["Terror","Tactician"],"picked":"Backstab","floor":8},{"not_picked":["Venomology","Dodge and Roll"],"picked":"Deflect","floor":10},{"not_picked":["Sucker Punch","Backflip"],"picked":"Corpse Explosion","floor":11},{"not_picked":["Sucker Punch","Quick Slash"],"picked":"Crippling Poison","floor":13},{"not_picked":["Deadly Poison","Flechettes"],"picked":"Die Die Die","floor":14},{"not_picked":["Footwork","Dagger Throw"],"picked":"Catalyst","floor":15},{"not_picked":["Doppelganger","Phantasmal Killer"],"picked":"Die Die Die","floor":16},{"not_picked":["Dagger Throw","Sucker Punch+1"],"picked":"Backflip","floor":18},{"not_picked":["Quick Slash","Cloak And Dagger"],"picked":"Dagger Throw+1","floor":20},{"not_picked":["Finisher","Slice"],"picked":"Bane+1","floor":21},{"not_picked":["Prepared","Slice"],"picked":"Backflip","floor":22},{"not_picked":["Distraction","Poisoned Stab"],"picked":"Leg Sweep","floor":23},{"not_picked":["Backflip+1","Deflect"],"picked":"Bouncing Flask","floor":24},{"not_picked":["Expertise","Dodge and Roll","Flechettes"],"picked":"SKIP","floor":25},{"not_picked":["Flechettes","All Out Attack","Blade Dance"],"picked":"SKIP","floor":27},{"not_picked":["Phantasmal Killer","Expertise","Deadly Poison"],"picked":"SKIP","floor":28},{"not_picked":["Skewer","Acrobatics","Deadly Poison"],"picked":"SKIP","floor":31},{"not_picked":["Flying Knee","Infinite Blades"],"picked":"Footwork+1","floor":32},{"not_picked":["Phantasmal Killer","A Thousand Cuts"],"picked":"Bullet Time","floor":33},{"not_picked":["Prepared","Deadly Poison","Catalyst"],"picked":"SKIP","floor":35},{"not_picked":["Forethought","Sadistic Nature"],"picked":"Mayhem","floor":36},{"not_picked":["Discovery","Trip"],"picked":"Dramatic Entrance","floor":36},{"not_picked":["Terror+1","Escape Plan"],"picked":"Cloak And Dagger+1","floor":37},{"not_picked":["Reflex","Caltrops"],"picked":"Blade Dance+1","floor":39},{"not_picked":["Sucker Punch","PiercingWail","Dagger Throw"],"picked":"SKIP","floor":40},{"not_picked":["Quick Slash+1","Deadly Poison+1"],"picked":"Bane+1","floor":41},{"not_picked":["Bouncing Flask","Heel Hook+1"],"picked":"Blade Dance+1","floor":42},{"not_picked":["Bane","Crippling Poison+1"],"picked":"Doppelganger+1","floor":44},{"not_picked":["Tactician+1","Slice"],"picked":"Accuracy+1","floor":45},{"not_picked":["Skewer+1","Expertise+1"],"picked":"Blade Dance+1","floor":46},{"not_picked":["Dagger Throw+1","Sucker Punch"],"picked":"Deflect+1","floor":47}],"player_experience":640889,"relics_obtained":[{"floor":6,"key":"Bag of Marbles"},{"floor":8,"key":"HornCleat"},{"floor":9,"key":"Dream Catcher"},{"floor":10,"key":"Regal Pillow"},{"floor":14,"key":"Potion Belt"},{"floor":23,"key":"The Courier"},{"floor":25,"key":"Bottled Lightning"},{"floor":26,"key":"Snake Skull"},{"floor":28,"key":"Blood Vial"},{"floor":37,"key":"Incense Burner"},{"floor":40,"key":"Bronze Scales"},{"floor":42,"key":"Boot"},{"floor":43,"key":"Vajra"},{"floor":44,"key":"Toxic Egg 2"},{"floor":46,"key":"Pen Nib"}],"event_choices":[{"damage_healed":0,"gold_gain":0,"player_choice":"Upgraded","damage_taken":0,"max_hp_gain":0,"max_hp_loss":0,"event_name":"Upgrade Shrine","floor":19,"gold_loss":0,"cards_upgraded":["Catalyst"]},{"damage_healed":0,"gold_gain":0,"player_choice":"Read","damage_taken":0,"max_hp_gain":0,"max_hp_loss":0,"event_name":"The Library","floor":30,"gold_loss":0,"cards_obtained":["Catalyst"]},{"damage_healed":0,"gold_gain":0,"player_choice":"Memory 2","damage_taken":5,"max_hp_gain":0,"max_hp_loss":0,"event_name":"SensoryStone","floor":36,"gold_loss":0},{"damage_healed":0,"gold_gain":0,"player_choice":"Fight","damage_taken":0,"max_hp_gain":0,"max_hp_loss":0,"event_name":"MindBloom","floor":37,"gold_loss":0},{"damage_healed":0,"gold_gain":0,"player_choice":"Ignored","damage_taken":0,"max_hp_gain":0,"max_hp_loss":0,"event_name":"Tomb of Lord Red Mask","floor":38,"gold_loss":0},{"cards_removed":["Survivor"],"damage_healed":0,"gold_gain":0,"player_choice":"Removed Skill","damage_taken":0,"max_hp_gain":0,"max_hp_loss":0,"event_name":"Falling","floor":48,"gold_loss":0}],"is_beta":false,"boss_relics":[{"not_picked":["Astrolabe","Runic Dome"],"picked":"Pandora\u0027s Box"},{"not_picked":["Velvet Choker","Snecko Eye"],"picked":"SlaversCollar"}],"items_purged_floors":[12,29],"is_endless":false,"potions_floor_spawned":[1,2,4,6,8,10,20,21,28,31,35,37,44],"ascension_level":1}}