{"host":"Qube","time":1609995468,"event":{"mods":["AchievementEnabler","BaseMod","Colored Map","Colored Powertips","Minty Spire (QoL Compilation)","Quick Restart","Random Character Button","StSLib"],"gold_per_floor":[109,127,138,158,158,158,184,198,251,251,286,286,286,336,336,336,336],"floor_reached":16,"playtime":723,"items_purged":[],"score":209,"play_id":"6a3e1e73-5f6a-4b92-b4e0-85bca546f84f","local_time":"20210106205748","is_ascension_mode":true,"campfire_choices":[{"data":"Deflect","floor":6.0,"key":"SMITH"},{"floor":10.0,"key":"REST"},{"data":"Die Die Die","floor":13.0,"key":"SMITH"},{"floor":15.0,"key":"REST"}],"circlet_count":0,"master_deck":["AscendersBane","Strike_G","Strike_G","Strike_G","Strike_G","Strike_G","Defend_G","Defend_G","Defend_G","Defend_G","Defend_G","Survivor","Neutralize","Infinite Blades","Deflect+1","Predator","Die Die Die+1","Poisoned Stab"],"relics":["Ring of the Snake","NeowsBlessing","Toy Ornithopter","CeramicFish","Sundial"],"acts_visited":["Exordium"],"potions_floor_usage":[],"damage_taken":[{"damage":0.0,"enemies":"Cultist","floor":1.0,"turns":1.0},{"damage":0.0,"enemies":"2 Louse","floor":2.0,"turns":2.0},{"damage":0.0,"enemies":"Jaw Worm","floor":3.0,"turns":1.0},{"damage":1.0,"enemies":"Red Slaver","floor":4.0,"turns":3.0},{"damage":31.0,"enemies":"3 Sentries","floor":7.0,"turns":9.0},{"damage":0.0,"enemies":"Gremlin Gang","floor":8.0,"turns":1.0},{"damage":23.0,"enemies":"Gremlin Nob","floor":11.0,"turns":4.0},{"damage":41,"enemies":"The Guardian","floor":16,"turns":10}],"seed_played":"-4002136308647703176","potions_obtained":[{"floor":1.0,"key":"AttackPotion"},{"floor":2.0,"key":"Dexterity Potion"},{"floor":7.0,"key":"LiquidMemories"},{"floor":8.0,"key":"DuplicationPotion"}],"is_trial":false,"path_per_floor":["M","M","M","M","?","R","E","M","T","R","E","?","R","?","R","B"],"character_chosen":"THE_SILENT","items_purchased":[],"campfire_rested":2,"item_purchase_floors":[],"current_hp_per_floor":[59,59,59,58,58,58,27,27,27,46,33,26,26,26,45,4,4],"gold":336,"neow_bonus":"THREE_ENEMY_KILL","is_daily":false,"chose_seed":false,"campfire_upgraded":2,"win_rate":0.0,"timestamp":1609995468,"path_taken":["M","M","M","?","?","R","E","?","T","R","E","?","R","?","R","BOSS"],"items_purchased_type":[],"build_version":"2020-12-18","purchased_purges":0,"victory":false,"max_hp_per_floor":[66,66,66,66,66,66,66,66,66,66,66,66,66,66,66,66,66],"card_choices":[{"not_picked":["Dodge and Roll","Dagger Throw"],"picked":"Infinite Blades","floor":1.0},{"not_picked":["Outmaneuver","Tactician"],"picked":"Deflect","floor":2.0},{"not_picked":["Underhanded Strike","Flying Knee"],"picked":"Predator","floor":3.0},{"not_picked":["Sucker Punch","Storm of Steel","Blade Dance"],"picked":"SKIP","floor":4.0},{"not_picked":["Outmaneuver","Concentrate"],"picked":"Die Die Die","floor":7.0},{"not_picked":["Skewer","Tactician","Prepared"],"picked":"SKIP","floor":8.0},{"not_picked":["Setup","Terror"],"picked":"Poisoned Stab","floor":11.0}],"player_experience":842708,"relics_obtained":[{"floor":7.0,"key":"Toy Ornithopter"},{"floor":9.0,"key":"CeramicFish"},{"floor":11.0,"key":"Sundial"}],"event_choices":[{"damage_healed":0.0,"max_hp_gain":0.0,"max_hp_loss":0.0,"gold_gain":0.0,"event_name":"Wheel of Change","player_choice":"Cursed","floor":5.0,"gold_loss":0.0,"damage_taken":0.0,"cards_obtained":["Decay"]},{"cards_removed":["Decay"],"damage_healed":0.0,"max_hp_gain":0.0,"max_hp_loss":0.0,"gold_gain":0.0,"event_name":"Golden Wing","player_choice":"Card Removal","floor":12.0,"gold_loss":0.0,"damage_taken":7.0},{"damage_healed":0.0,"max_hp_gain":0.0,"max_hp_loss":0.0,"gold_gain":50.0,"event_name":"Golden Shrine","player_choice":"Pray","floor":14.0,"gold_loss":0.0,"damage_taken":0.0}],"is_beta":true,"boss_relics":[],"items_purged_floors":[],"is_endless":false,"potions_floor_spawned":[1,2,7,8],"killed_by":"The Guardian","ascension_level":18}}