{"host":"ifd7sfhtlbe34qll","time":1609991756,"event":{"mods":["2.2 Compatiblity","BaseMod","Block Reminder","Colored Map","Curses Come First","Downfall","Highlight Path","Minty Spire (QoL Compilation)","Potion Indicator Mod","Quick Restart","Relic Stats","StSLib"],"gold_per_floor":[99,113,125,137,152,170,195,195,210,210,226,226,226,59,73,73,73,73],"floor_reached":16,"playtime":850,"items_purged":["Doubt"],"score":192,"play_id":"444d6273-f64d-47c4-96cc-acef57be3eba","local_time":"20210106215556","is_ascension_mode":true,"campfire_choices":[{"data":"champ:Execute","floor":1,"key":"SMITH"},{"floor":10,"key":"REST"},{"data":"champ:Taunt","floor":13,"key":"SMITH"}],"circlet_count":0,"master_deck":["AscendersBane","champ:Strike","champ:Strike","champ:Strike","champ:Strike","champ:Defend","champ:Defend","champ:Defend","champ:Defend","champ:Execute+1","champ:Taunt+1","expansioncontent:Chronoboost","champ:FaceSlap+1","champ:Duel+1","champ:BringItOn","champ:RecklessLeap","champ:FaceSlap+1","champ:CheapShot","champ:BerserkersShout","champ:Endure","champ:HeartStrike","champ:SwordThrow"],"relics":["champ:ChampionCrown","champ:DefensiveTrainingManual"],"acts_visited":["Exordium"],"potions_floor_usage":[9,11,16],"damage_taken":[{"damage":13,"enemies":"Cultist","floor":2,"turns":4},{"damage":14,"enemies":"Jaw Worm","floor":3,"turns":4},{"damage":5,"enemies":"2 Louse","floor":4,"turns":3},{"damage":19,"enemies":"Exordium Thugs","floor":5,"turns":6},{"damage":15,"enemies":"3 Louse","floor":6,"turns":2},{"damage":18,"enemies":"Large Slime","floor":9,"turns":4},{"damage":22,"enemies":"Gremlin Gang","floor":11,"turns":4},{"damage":40,"enemies":"downfall:FleeingMerchant","floor":14,"turns":5},{"damage":15,"enemies":"Red Slaver","floor":15,"turns":4},{"damage":33,"enemies":"downfall:Watcher","floor":16,"turns":4}],"seed_played":"-3449820499655946130","potions_obtained":[{"floor":4,"key":"Energy Potion"},{"floor":5,"key":"hexamod:SoulburnPotion"},{"floor":9,"key":"Dexterity Potion"},{"floor":15,"key":"bronze:BurnAndBuffPotion"}],"is_trial":false,"path_per_floor":["R","M","M","M","M","M","T","?","M","R","M","?","R","$","M","B"],"character_chosen":"THE_CHAMP","items_purchased":["champ:HeartStrike"],"campfire_rested":1,"item_purchase_floors":[14],"current_hp_per_floor":[73,65,56,56,37,37,37,37,24,48,46,46,46,41,32,0,0,0],"gold":73,"neow_bonus":"RANDOM_COLORLESS","is_daily":false,"chose_seed":false,"campfire_upgraded":2,"win_rate":0.0,"timestamp":1609991756,"path_taken":["R","M","M","M","?","M","T","?","M","R","M","?","R","$","M","BOSS"],"items_purchased_type":["Card"],"build_version":"2020-12-22","purchased_purges":1,"victory":false,"max_hp_per_floor":[81,81,81,81,81,81,81,81,81,81,81,81,81,81,81,81,81,81],"relic_stats":{"counters":[10,40],"obtain_stats":[{"champ:DefensiveTrainingManual":7,"champ:ChampionCrown":0},{"champ:DefensiveTrainingManual":5,"champ:ChampionCrown":0},{"champ:DefensiveTrainingManual":19,"champ:ChampionCrown":0}]},"card_choices":[{"not_picked":["Panacea","expansioncontent:ManipulateTime"],"picked":"expansioncontent:Chronoboost","floor":0},{"not_picked":["champ:GladiatorStyle","champ:StanceDance"],"picked":"champ:FaceSlap","floor":2},{"not_picked":["champ:CalledShot","champ:CrownThrow"],"picked":"champ:Duel","floor":3},{"not_picked":["champ:FancyFootwork","champ:ShieldSigil"],"picked":"champ:BringItOn","floor":4},{"not_picked":["champ:BladeFlurry","champ:Circumvent"],"picked":"champ:RecklessLeap","floor":5},{"not_picked":["champ:FlashCut","champ:ShieldSlam"],"picked":"champ:FaceSlap","floor":6},{"not_picked":["champ:HeartStrike","champ:DefensiveStyle"],"picked":"champ:CheapShot","floor":9},{"not_picked":["champ:RisingSlash","champ:StanceDance"],"picked":"champ:BerserkersShout","floor":11},{"not_picked":["champ:BladeFlurry","champ:DefensiveStyle"],"picked":"champ:Endure","floor":14},{"not_picked":["champ:AdrenalArmor","champ:FancyFootwork"],"picked":"champ:SwordThrow","floor":15}],"player_experience":1648664,"relics_obtained":[{"floor":7,"key":"champ:DefensiveTrainingManual"}],"event_choices":[{"damage_healed":0,"gold_gain":0,"player_choice":"Grow","damage_taken":0,"max_hp_gain":0,"max_hp_loss":0,"event_name":"Living Wall","floor":8,"gold_loss":0,"cards_upgraded":["champ:Duel"]}],"is_beta":false,"boss_relics":[],"items_purged_floors":[14],"is_endless":false,"potions_floor_spawned":[4,5,9,15],"killed_by":"downfall:Watcher","ascension_level":20}}