{"host":"vddkjx04kiwje1tk","time":1609992994,"event":{"mods":["AchievementEnabler","BaseMod","Colored Map","Minty Spire (QoL Compilation)","Quick Restart","SuperFastMode"],"gold_per_floor":[118,118,43,43,63,89,89,106,106,126,143,143,143],"floor_reached":12,"playtime":203,"items_purged":["Strike_R"],"score":142,"play_id":"84e9cef0-43b1-4874-b4d8-5ee6a8d17d2f","local_time":"20210107131634","is_ascension_mode":true,"campfire_choices":[],"circlet_count":0,"master_deck":["Strike_R","Strike_R","Strike_R","Defend_R","Defend_R","Defend_R","Defend_R","Bash","Heavy Blade","Spot Weakness"],"relics":["Burning Blood","NeowsBlessing","Bottled Flame","Eternal Feather"],"acts_visited":["Exordium"],"potions_floor_usage":[12,12],"damage_taken":[{"damage":0,"enemies":"Small Slimes","floor":1,"turns":1},{"damage":0,"enemies":"Cultist","floor":5,"turns":1},{"damage":0,"enemies":"Lagavulin","floor":6,"turns":1},{"damage":14,"enemies":"Jaw Worm","floor":8,"turns":3},{"damage":31,"enemies":"Lots of Slimes","floor":10,"turns":5},{"damage":29,"enemies":"Exordium Thugs","floor":11,"turns":4},{"damage":15,"enemies":"3 Sentries","floor":12,"turns":4}],"seed_played":"7721415024386178546","potions_obtained":[{"floor":8,"key":"Fire Potion"},{"floor":10,"key":"FairyPotion"},{"floor":11,"key":"CultistPotion"}],"is_trial":false,"path_per_floor":["M","?","$","$","M","E","?","M","T","M","M","E"],"character_chosen":"IRONCLAD","items_purchased":[],"campfire_rested":0,"item_purchase_floors":[],"current_hp_per_floor":[78,78,78,78,80,80,73,65,65,40,17,2,2],"gold":143,"neow_bonus":"THREE_ENEMY_KILL","is_daily":false,"chose_seed":false,"campfire_upgraded":0,"win_rate":0.0,"timestamp":1609992994,"path_taken":["M","?","?","$","M","E","?","M","T","M","?","E"],"items_purchased_type":[],"build_version":"2020-12-22","purchased_purges":1,"victory":false,"max_hp_per_floor":[80,80,80,80,80,80,80,80,80,80,80,80,80],"card_choices":[{"not_picked":["Body Slam","Headbutt"],"picked":"Heavy Blade","floor":1},{"not_picked":["Ghostly Armor","True Grit","Clash"],"picked":"SKIP","floor":5},{"not_picked":["Disarm","Twin Strike","Bloodletting"],"picked":"SKIP","floor":6},{"not_picked":["Carnage","Power Through","Fire Breathing"],"picked":"SKIP","floor":8},{"not_picked":["Clash","Pommel Strike"],"picked":"Spot Weakness","floor":10},{"not_picked":["Metallicize","Cleave","Twin Strike"],"picked":"SKIP","floor":11}],"player_experience":245972,"relics_obtained":[{"floor":6,"key":"Bottled Flame"},{"floor":9,"key":"Eternal Feather"}],"event_choices":[{"damage_healed":0,"gold_gain":0,"player_choice":"0 cards matched","damage_taken":0,"max_hp_gain":0,"max_hp_loss":0,"event_name":"Match and Keep!","floor":2,"gold_loss":0,"cards_obtained":[]},{"cards_removed":["Strike_R"],"damage_healed":0,"gold_gain":0,"player_choice":"Card Removal","damage_taken":7,"max_hp_gain":0,"max_hp_loss":0,"event_name":"Golden Wing","floor":7,"gold_loss":0}],"is_beta":false,"boss_relics":[],"items_purged_floors":[3],"is_endless":false,"potions_floor_spawned":[8,10,11],"killed_by":"3 Sentries","ascension_level":7}}