{"host":"ds28d883r3sz42zs","time":1609983332,"event":{"mods":["2.2 Compatiblity","AchievementEnabler","Act Like it!","BaseMod","Bestiary","Better Match","Better Sensory Stone","Better Third Choice","Better-Laid Plans","BetterRewards","Block Reminder","Challenge The Spire","Colored Map","Colored Powertips","DeckTracker","Defuse TimeMaze Blight","Disable Question Mark Monsters","Displayed Cursed Tome","Emptier Cage","GifTheSpireLib","Gold Saver","Hallownest","Infinite Spire","Minty Spire (QoL Compilation)","Permanent Neow","Practice Mode","Quick Restart","Random Character Button","Rare Cards Sparkle","Relic Filter","Relic Sorter","Relic Stats","SacredBarkPlus","Shop Mod","StSLib","SuperFastMode","The Bug Knight","Uncapped","Unknown Chances"],"gold_per_floor":[377,392,52,70,70,105,65,65,119,119,144,156,156,172,172,248,248,263,17,27,27,46,46,77,77,77,109,122,122,122,141,141,220,220,239,239,239],"floor_reached":36,"playtime":1051,"items_purged":["Strike_B","Dualcast"],"score":721,"play_id":"cc7851db-8e65-406f-949e-f0334d75f0d5","local_time":"20210106203532","is_ascension_mode":true,"campfire_choices":[{"data":"Streamline","floor":8,"key":"SMITH"},{"data":"Go for the Eyes","floor":10,"key":"SMITH"},{"data":"Sweeping Beam","floor":13,"key":"SMITH"},{"data":"Go for the Eyes","floor":15,"key":"SMITH"},{"data":"Hyperbeam","floor":23,"key":"SMITH"},{"data":"Undo","floor":25,"key":"SMITH"},{"data":"1","floor":30,"key":"LIFT"},{"data":"2","floor":32,"key":"LIFT"}],"circlet_count":0,"master_deck":["AscendersBane","Strike_B+1","Strike_B","Strike_B","Defend_B","Defend_B","Defend_B","Defend_B","Zap+1","Streamline+1","BootSequence","Sweeping Beam+1","Go for the Eyes+1","Go for the Eyes+1","Leap","Rip and Tear","Hyperbeam+1","Undo+1","Hologram","Steam+1","Echo Form","Sweeping Beam"],"relics":["Coffee Dripper","Eternal Feather","Art of War","HollowMod:PaleOreRelic","infinitespire:Joker Card","Sozu","Orichalcum","infinitespire:Golems Mask","Darkstone Periapt","HornCleat","Girya","Nuclear Battery"],"acts_visited":["Exordium","TheCity","TheBeyond"],"potions_floor_usage":[11,16,36],"damage_taken":[{"damage":0,"enemies":"2 Louse","floor":1,"turns":3},{"damage":0,"enemies":"Jaw Worm","floor":2,"turns":4},{"damage":1,"enemies":"Cultist","floor":4,"turns":3},{"damage":17,"enemies":"3 Sentries","floor":6,"turns":7},{"damage":10,"enemies":"Gremlin Nob","floor":11,"turns":3},{"damage":13,"enemies":"Exordium Thugs","floor":12,"turns":4},{"damage":1,"enemies":"2 Fungi Beasts","floor":14,"turns":3},{"damage":10,"enemies":"The Guardian","floor":16,"turns":6},{"damage":0,"enemies":"3 Byrds","floor":18,"turns":5},{"damage":0,"enemies":"Chosen","floor":20,"turns":2},{"damage":16,"enemies":"Snake Plant","floor":22,"turns":3},{"damage":14,"enemies":"Slavers","floor":24,"turns":4},{"damage":1,"enemies":"Book of Stabbing","floor":27,"turns":6},{"damage":0,"enemies":"Chosen and Byrds","floor":28,"turns":5},{"damage":0,"enemies":"Snecko","floor":31,"turns":2},{"damage":40,"enemies":"Collector","floor":33,"turns":8},{"damage":13,"enemies":"3 Darklings","floor":35,"turns":4},{"damage":0,"enemies":"infinitespire:Three Voidlings","floor":36,"turns":1},{"damage":47,"enemies":"Nightmare_Alpha","floor":36,"turns":7}],"seed_played":"-653747074943425222","potions_obtained":[{"floor":4,"key":"CultistPotion"},{"floor":6,"key":"Dexterity Potion"},{"floor":7,"key":"FearPotion"},{"floor":12,"key":"infinitespire:BlackPotion"}],"is_trial":false,"path_per_floor":["M","M","$","M","?","E","?","R","T","R","E","M","R","M","R","B",null,"M","$","M","T","M","R","E","R","T","E","M","?","R","M","R","B",null,"M","?"],"character_chosen":"DEFECT","items_purchased":["Eternal Feather","Sweeping Beam","Orichalcum"],"campfire_rested":0,"item_purchase_floors":[3,3,19],"current_hp_per_floor":[64,64,64,63,42,25,25,34,34,43,33,20,29,28,37,27,60,60,60,60,60,44,53,39,48,48,47,47,47,56,56,68,28,60,47,0,0],"gold":239,"neow_bonus":"BOSS_RELIC","is_daily":false,"chose_seed":false,"campfire_upgraded":6,"win_rate":0.0,"timestamp":1609983332,"path_taken":["M","M","$","M","?","E","?","R","T","R","E","M","R","M","R","BOSS","M","?","M","?","M","R","E","R","T","E","M","?","R","M","R","BOSS","M","?"],"items_purchased_type":["Relic","Card","Relic"],"build_version":"2020-12-22","purchased_purges":2,"victory":false,"max_hp_per_floor":[71,71,71,71,71,71,71,71,71,71,71,71,71,71,71,71,71,71,71,71,71,71,71,71,71,71,71,71,71,71,71,71,71,71,71,71,71],"relic_stats":{"Sozu":4,"Darkstone Periapt":0,"counters":[19,80],"Eternal Feather":75,"Art of War":[2],"Orichalcum":[36],"obtain_stats":[{"Darkstone Periapt":24,"Girya":27,"Eternal Feather":3,"infinitespire:Joker Card":11,"Orichalcum":19,"Nuclear Battery":34,"Sozu":17,"HornCleat":26,"infinitespire:Golems Mask":21,"Coffee Dripper":0,"Art of War":6,"HollowMod:PaleOreRelic":9,"Cracked Core":0},{"Darkstone Periapt":12,"Girya":13,"Eternal Feather":2,"infinitespire:Joker Card":5,"Orichalcum":9,"Nuclear Battery":16,"Sozu":8,"HornCleat":12,"infinitespire:Golems Mask":10,"Coffee Dripper":0,"Art of War":4,"HollowMod:PaleOreRelic":4,"Cracked Core":0},{"Darkstone Periapt":47,"Girya":53,"Eternal Feather":7,"infinitespire:Joker Card":20,"Orichalcum":38,"Nuclear Battery":68,"Sozu":33,"HornCleat":47,"infinitespire:Golems Mask":40,"Coffee Dripper":0,"Art of War":17,"HollowMod:PaleOreRelic":17,"Cracked Core":0}]},"card_choices":[{"not_picked":["Beam Cell","Hologram"],"picked":"Streamline","floor":1},{"not_picked":["Cold Snap","Rebound"],"picked":"BootSequence","floor":2},{"not_picked":["Redo","Streamline"],"picked":"Go for the Eyes","floor":4},{"not_picked":["Capacitor","Cold Snap"],"picked":"Go for the Eyes","floor":6},{"not_picked":["Turbo","Gash"],"picked":"Leap","floor":11},{"not_picked":["Hello World","Cold Snap","Streamline"],"picked":"SKIP","floor":12},{"not_picked":["Leap","Melter"],"picked":"Rip and Tear","floor":14},{"not_picked":["Fission","Creative AI"],"picked":"Hyperbeam","floor":16},{"not_picked":["Streamline","Consume","Doom and Gloom"],"picked":"SKIP","floor":18},{"not_picked":["Leap","Glacier","Go for the Eyes"],"picked":"SKIP","floor":20},{"not_picked":["Coolheaded","Gash","Barrage"],"picked":"SKIP","floor":22},{"not_picked":["Leap","Rainbow"],"picked":"Undo","floor":24},{"not_picked":["Leap","Ball Lightning","Defragment"],"picked":"SKIP","floor":27},{"not_picked":["Steam Power","Compile Driver","Undo"],"picked":"SKIP","floor":28},{"not_picked":["Stack","White Noise"],"picked":"Steam+1","floor":31},{"not_picked":["Biased Cognition","Machine Learning"],"picked":"Echo Form","floor":33},{"not_picked":["Streamline","Self Repair+1"],"picked":"Sweeping Beam","floor":35}],"player_experience":760918,"relics_obtained":[{"floor":6,"key":"Art of War"},{"floor":9,"key":"HollowMod:PaleOreRelic"},{"floor":11,"key":"infinitespire:Joker Card"},{"floor":21,"key":"infinitespire:Golems Mask"},{"floor":24,"key":"Darkstone Periapt"},{"floor":26,"key":"HornCleat"},{"floor":27,"key":"Girya"}],"event_choices":[{"damage_healed":63,"gold_gain":0,"player_choice":"Upgrade","damage_taken":21,"max_hp_gain":0,"max_hp_loss":71,"event_name":"betterThird:BetterShining","floor":5,"gold_loss":0,"cards_upgraded":["Strike_B","Zap"]},{"damage_healed":0,"gold_gain":0,"player_choice":"Bought 3 Potions","damage_taken":0,"max_hp_gain":0,"max_hp_loss":0,"event_name":"The Woman in Blue","floor":7,"gold_loss":0},{"damage_healed":0,"gold_gain":0,"player_choice":"Read","damage_taken":0,"max_hp_gain":0,"max_hp_loss":0,"event_name":"The Library","floor":29,"gold_loss":0,"cards_obtained":["Hologram"]}],"is_beta":false,"boss_relics":[{"not_picked":["Velvet Choker","Pandora\u0027s Box"],"picked":"Sozu"},{"not_picked":["Cursed Key","Runic Pyramid"],"picked":"Nuclear Battery"}],"items_purged_floors":[3,19],"is_endless":false,"potions_floor_spawned":[4,6,12,22,24,27,33],"killed_by":"Nightmare_Alpha","ascension_level":15}}