{"host":"zksvs3x2ysy9npnz","time":1609984657,"event":{"mods":["Aspiration","BaseMod","Beaked The Cultist","BetterRewards","Clockwork Mod","Colored Map","Conspire","Downfall","Duelist Mod","Ekko","Halation","Highlight Path","Hubris","Hunter ??","Infinite Spire","Jedi Mod","JesterMod","Minty Spire (QoL Compilation)","Permanent Neow","Quick Restart","Relic Stats","Replay The Spire","Retaliation","Shade Mod","Shop Mod","StSLib"],"gold_per_floor":[99,109,109,109,119,134,161,191,116,151,8,8,21,35,54,153,153,153,153],"floor_reached":17,"playtime":1231,"items_purged":[],"score":192,"play_id":"dade2af3-6ddc-44bc-ad93-8b835a932383","local_time":"20210107025737","is_ascension_mode":false,"campfire_choices":[{"data":"champ:Taunt","floor":1,"key":"SMITH"},{"data":"champ:FalseCounter","floor":9,"key":"SMITH"},{"data":"champ:BerserkerStyle","floor":12,"key":"SMITH"}],"circlet_count":0,"master_deck":["champ:Strike","champ:Strike","champ:Strike","champ:Strike","champ:Defend","champ:Defend","champ:Defend","champ:Defend","champ:Execute+1","champ:Taunt+1","champ:DefensiveShout+1","champ:Circumvent","champ:AdrenalArmor","champ:FalseCounter+1","champ:LastStand","champ:FocusedBerserking+1","champ:BerserkerStyle+1","champ:GladiatorsShout","champ:SkillfulDodge","champ:DancingMaster"],"relics":["champ:ChampionCrown","Pear","downfall:HeartBlessingBlue","infinitespire:EmpoweringShard","Painkiller Herb"],"acts_visited":["Exordium","TheCity"],"potions_floor_usage":[],"damage_taken":[{"damage":14,"enemies":"Small Slimes","floor":2,"turns":5},{"damage":0,"enemies":"2 Louse","floor":5,"turns":2},{"damage":5,"enemies":"Cultist","floor":6,"turns":3},{"damage":28,"enemies":"Lagavulin","floor":8,"turns":10},{"damage":58,"enemies":"3 Sentries","floor":10,"turns":16},{"damage":10,"enemies":"downfall:FleeingMerchant","floor":11,"turns":4},{"damage":15,"enemies":"Blue Slaver","floor":13,"turns":5},{"damage":24,"enemies":"Gremlin Gang","floor":14,"turns":7},{"damage":10,"enemies":"3 Louse","floor":15,"turns":3},{"damage":75,"enemies":"downfall:Watcher","floor":16,"turns":15}],"seed_played":"3348316718153316800","potions_obtained":[{"floor":5,"key":"champ:TechniquePotion"},{"floor":6,"key":"DDmod:CleansePotion"},{"floor":13,"key":"champ:TechniquePotion"},{"floor":14,"key":"jedi:wingpotion"}],"is_trial":false,"path_per_floor":["R","M","?","?","M","M","T","E","R","E","$","R","M","M","M","B",null],"character_chosen":"THE_CHAMP","items_purchased":["champ:FocusedBerserking+1","champ:BerserkerStyle"],"campfire_rested":0,"item_purchase_floors":[11,11],"current_hp_per_floor":[90,86,86,86,86,86,86,93,103,66,66,66,62,54,49,10,110,110,110],"gold":153,"neow_bonus":"UPGRADE_CARD","is_daily":false,"chose_seed":false,"campfire_upgraded":3,"win_rate":0.0,"timestamp":1609984657,"path_taken":["R","M","?","?","M","M","T","E","R","E","$","R","M","?","M","BOSS"],"items_purchased_type":["Card","Card"],"build_version":"2020-12-22","purchased_purges":0,"victory":false,"max_hp_per_floor":[90,90,90,90,90,90,90,100,110,110,110,110,110,110,110,110,110,110,110],"relic_stats":{"counters":[10,70],"obtain_stats":[{"Pear":8,"downfall:HeartBlessingBlue":9,"champ:ChampionCrown":0,"Painkiller Herb":17,"infinitespire:EmpoweringShard":10},{"Pear":4,"downfall:HeartBlessingBlue":4,"champ:ChampionCrown":0,"Painkiller Herb":10,"infinitespire:EmpoweringShard":5},{"Pear":20,"downfall:HeartBlessingBlue":20,"champ:ChampionCrown":0,"Painkiller Herb":70,"infinitespire:EmpoweringShard":36}]},"card_choices":[{"not_picked":["champ:Duel","champ:CrookedStrike"],"picked":"champ:DefensiveShout","floor":2},{"not_picked":["champ:FocusedBerserking","champ:BerserkerStyle"],"picked":"champ:Circumvent","floor":5},{"not_picked":["champ:Haymaker","champ:ArenaPreparation"],"picked":"champ:AdrenalArmor","floor":6},{"not_picked":["champ:RapidStrikes","champ:Improvising"],"picked":"champ:FalseCounter","floor":8},{"not_picked":["champ:RisingSlash","champ:RecklessLeap"],"picked":"champ:LastStand","floor":10},{"not_picked":["champ:BladeFlurry","champ:RisingSlash","champ:PerfectedStrike"],"picked":"SKIP","floor":11},{"not_picked":["champ:BladeFlurry","champ:RisingSlash","champ:FocusedGladiator"],"picked":"SKIP","floor":13},{"not_picked":["champ:TornadoPunch","champ:Lariat"],"picked":"champ:GladiatorsShout","floor":14},{"not_picked":["champ:BringItOn","champ:HeartStrike"],"picked":"champ:SkillfulDodge","floor":15},{"not_picked":["champ:CheapShot","champ:LastStand"],"picked":"champ:DancingMaster","floor":16}],"player_experience":1795313,"relics_obtained":[{"floor":8,"key":"Pear"},{"floor":10,"key":"infinitespire:EmpoweringShard"}],"event_choices":[{"damage_healed":0,"gold_gain":0,"player_choice":"Forge","damage_taken":0,"max_hp_gain":0,"max_hp_loss":0,"event_name":"Accursed Blacksmith","floor":4,"gold_loss":0,"cards_upgraded":["champ:DefensiveShout"]}],"is_beta":false,"boss_relics":[{"not_picked":["aspiration:SecretTechniqueScroll","halation:Risk"],"picked":"Painkiller Herb"}],"items_purged_floors":[],"is_endless":false,"potions_floor_spawned":[5,6,13,14],"ascension_level":0}}