{"host":"ig7tc0uedzltt2sr","time":1609991801,"event":{"mods":["BaseMod","Better Twitch Integration","Block Reminder","Colored Map","Colored Powertips","Communication Mod","Current Relic Mod","GifTheSpireLib","HexUI Lib","Minty Spire (QoL Compilation)","Quick Restart","Random Character Button","Rare Cards Sparkle","Relic Sorter","Relic Stats","Slay the Relics Exporter","StSLib","SuperFastMode","Synergy Search","Twitch Decklist","Twitch Utils","everything is the same but u backflip on backflip","slay the spire mod where everything is the same but ironclad has a cowboy hat"],"gold_per_floor":[110,110,120,134,104,104,117,135,135,153,28,43,43,13,13,13,13],"floor_reached":16,"playtime":139,"items_purged":[],"score":94,"play_id":"4a998c36-c915-4085-879a-26fa66ff5465","local_time":"20210106195641","is_ascension_mode":false,"campfire_choices":[{"data":"Dual Wield","floor":6,"key":"SMITH"},{"floor":13,"key":"REST"},{"data":"Whirlwind","floor":15,"key":"SMITH"}],"circlet_count":0,"master_deck":["Strike_R","Strike_R","Strike_R","Strike_R","Strike_R","Defend_R","Defend_R","Defend_R","Defend_R","Bash","Flame Barrier","Thunderclap","Thunderclap","Dual Wield+1","Rage","Whirlwind+1","Pommel Strike","Rampage"],"relics":["Burning Blood","NeowsBlessing","Unceasing Top"],"acts_visited":["Exordium"],"potions_floor_usage":[],"damage_taken":[{"damage":0,"enemies":"Cultist","floor":1,"turns":1},{"damage":0,"enemies":"2 Louse","floor":3,"turns":1},{"damage":0,"enemies":"Small Slimes","floor":4,"turns":2},{"damage":5,"enemies":"Looter","floor":5,"turns":4},{"damage":34,"enemies":"Exordium Wildlife","floor":7,"turns":10},{"damage":12,"enemies":"2 Fungi Beasts","floor":8,"turns":4},{"damage":30,"enemies":"Lots of Slimes","floor":10,"turns":5},{"damage":33,"enemies":"Large Slime","floor":12,"turns":11},{"damage":0,"enemies":"Looter","floor":14,"turns":4},{"damage":58,"enemies":"The Guardian","floor":16,"turns":7}],"seed_played":"-1225287469296636197","potions_obtained":[{"floor":3,"key":"FairyPotion"},{"floor":8,"key":"Weak Potion"}],"is_trial":false,"path_per_floor":["M","?","M","M","M","R","M","M","T","M","$","M","R","M","R","B"],"character_chosen":"IRONCLAD","items_purchased":["Weak Potion","LiquidBronze"],"campfire_rested":1,"item_purchase_floors":[11,11],"current_hp_per_floor":[80,80,80,80,80,80,52,46,46,22,22,28,52,58,58,0,0],"gold":13,"neow_bonus":"THREE_ENEMY_KILL","is_daily":false,"chose_seed":false,"campfire_upgraded":2,"win_rate":0.0,"timestamp":1609991801,"path_taken":["M","?","M","M","M","R","M","M","T","M","$","M","R","M","R","BOSS"],"items_purchased_type":["Potion","Potion"],"build_version":"2020-12-22","purchased_purges":0,"victory":false,"max_hp_per_floor":[80,80,80,80,80,80,80,80,80,80,80,80,80,80,80,80,80],"relic_stats":{"counters":[10,49],"obtain_stats":[{"NeowsBlessing":0,"Burning Blood":0,"Unceasing Top":9},{"NeowsBlessing":0,"Burning Blood":0,"Unceasing Top":6},{"NeowsBlessing":0,"Burning Blood":0,"Unceasing Top":22}],"Burning Blood":35,"Unceasing Top":[0]},"card_choices":[{"not_picked":["Perfected Strike","Shrug It Off"],"picked":"Flame Barrier","floor":1},{"not_picked":["Armaments","Bloodletting"],"picked":"Thunderclap","floor":3},{"not_picked":["Havoc","Battle Trance"],"picked":"Thunderclap","floor":4},{"not_picked":["Wild Strike","Searing Blow"],"picked":"Dual Wield","floor":5},{"not_picked":["Armaments","Twin Strike"],"picked":"Rage","floor":7},{"not_picked":["Thunderclap","Perfected Strike"],"picked":"Whirlwind","floor":8},{"not_picked":["Shrug It Off","Combust","Armaments"],"picked":"SKIP","floor":10},{"not_picked":["Wild Strike","Sword Boomerang"],"picked":"Pommel Strike","floor":12},{"not_picked":["Rupture","Wild Strike"],"picked":"Rampage","floor":14}],"player_experience":1444249,"relics_obtained":[{"floor":9,"key":"Unceasing Top"}],"event_choices":[{"damage_healed":0,"gold_gain":0,"player_choice":"Ignored","damage_taken":0,"max_hp_gain":0,"max_hp_loss":0,"event_name":"NoteForYourself","floor":2,"gold_loss":0}],"is_beta":false,"boss_relics":[],"items_purged_floors":[],"is_endless":false,"potions_floor_spawned":[3,8],"killed_by":"The Guardian","ascension_level":0}}