{"host":"qgpuimdto8vl2dfg","time":1609994479,"event":{"mods":["Act Like it!","BaseMod","Colored Powertips","Gensokyo","KinomotoSakuraMod(木之本樱)","Koishi","Minty Spire (QoL Compilation)","Quick Restart","Relic Stats","Remilia（蕾米莉亚）","Replay The Spire","Shop Mod","StSLib"],"gold_per_floor":[118,3,13,93,179,179,214,63,63,76,110,120,120,137,137,239,239,249,94,54,74,74,102,128,128,154,404,37,52,52,67,67,170,170,180,198,198,211,7,38,38,64,116,146,146,146,146,180,180,180,180,180,42,71,71],"floor_reached":56,"playtime":6853,"items_purged":["Koishi:BasicStrike","Koishi:BasicStrike","Koishi:BasicStrike"],"score":1434,"play_id":"fc97f36c-3226-475e-83e8-9b7356dd3323","local_time":"20210107124119","is_ascension_mode":true,"campfire_choices":[{"data":"Koishi:TerrifyingSpectre","floor":6.0,"key":"SMITH"},{"floor":13.0,"key":"DIG"},{"data":"Koishi:EmbersOfLove","floor":15.0,"key":"SMITH"},{"floor":25.0,"key":"DIG"},{"data":"Apotheosis","floor":30.0,"key":"SMITH"},{"floor":32.0,"key":"DIG"},{"floor":41.0,"key":"DIG"},{"floor":47.0,"key":"RECALL"},{"floor":49.0,"key":"DIG"},{"data":"Koishi:ConfinedInnocent","floor":52.0,"key":"SMITH"}],"circlet_count":0,"master_deck":["Koishi:BasicStrike+1","Koishi:BasicDefend","Koishi:BasicDefend","Koishi:BasicDefend","Koishi:BasicDefend","Koishi:Provoke","Koishi:HauntingSlash+1","Koishi:TerrifyingSpectre+1","Koishi:UnseenTerror","Koishi:Whimsy","Koishi:PredatoryInstincts","Koishi:PredatoryInstincts","Koishi:EmbersOfLove+1","Koishi:MentalBreakdown+1","Koishi:TremblingHands+1","Koishi:PhilosophyOfTheDespised","Apotheosis+1","Koishi:TerrifyingSpectre+1","Koishi:Vanish","Koishi:MindNumbingTerror","Koishi:ConfinedInnocent+1","Koishi:FadingMemory","Koishi:GeneticsOfTheUnconscious","Koishi:Catatonia","Gensokyo:ReactiveArmor","Koishi:ImGoingToCallYouNow+1","Koishi:Untouchable","Koishi:PredatoryInstincts+1","Koishi:RacingHeart"],"relics":["Koishi:ImaginaryFriend","NeowsBlessing","Boot","PreservedInsect","TungstenRod","Kunai","Shovel","Prayer Wheel","Pocketwatch","Sozu","Du-Vu Doll","Koishi:BloodstainedWhiteRose","Matryoshka","Whetstone","ReplayTheSpireMod:Lightbulb","ReplayTheSpireMod:ShopPack","DollysMirror","Centennial Puzzle","Replay:Baseball","Replay:Wax Seal","Black Star","ReplayTheSpireMod:Ring of Collecting","Ring of Searing","ReplayFunnel","Replay:Mystery Machine","Pen Nib","Eternal Feather","Letter Opener","Bird Faced Urn","Smiling Mask","Toy Ornithopter","Replay:Bottled Steam","StoneCalendar","Replay:Bottled Eggs"],"acts_visited":["Exordium","Gensokyo:Gensokyo","Gensokyo:Gensokyoer","TheEnding"],"potions_floor_usage":[55],"damage_taken":[{"damage":0.0,"enemies":"Gensokyo:2_Kodama","floor":1.0,"turns":1.0},{"damage":0.0,"enemies":"Gensokyo:Python","floor":3.0,"turns":2.0},{"damage":0.0,"enemies":"Gensokyo:Aya","floor":7.0,"turns":2.0},{"damage":2.0,"enemies":"Gensokyo:3_Fairies","floor":10.0,"turns":7.0},{"damage":6.0,"enemies":"Gensokyo:Mamizou","floor":11.0,"turns":9.0},{"damage":16.0,"enemies":"Gensokyo:Gryphon_and_Rabbit","floor":12.0,"turns":7.0},{"damage":13.0,"enemies":"Gensokyo:2_Rabbits","floor":14.0,"turns":4.0},{"damage":34.0,"enemies":"Gensokyo:Reimu","floor":16.0,"turns":14.0},{"damage":7.0,"enemies":"Gensokyo:2_Gloops","floor":18.0,"turns":6.0},{"damage":1.0,"enemies":"Gensokyo:CosmicMonolith","floor":21.0,"turns":5.0},{"damage":60.0,"enemies":"Gensokyo:Reisen","floor":23.0,"turns":12.0},{"damage":0.0,"enemies":"Gensokyo:Swordslinger","floor":29.0,"turns":6.0},{"damage":4.0,"enemies":"Gensokyo:Wraith","floor":31.0,"turns":7.0},{"damage":47.0,"enemies":"Gensokyo:Eternal_Rivals","floor":33.0,"turns":14.0},{"damage":6.0,"enemies":"Gensokyo:3_Bats","floor":35.0,"turns":4.0},{"damage":0.0,"enemies":"Gensokyo:AncientGuardian","floor":36.0,"turns":12.0},{"damage":18.0,"enemies":"Gensokyo:Dusk_and_Dawn","floor":38.0,"turns":5.0},{"damage":16.0,"enemies":"Gensokyo:Kasen","floor":40.0,"turns":5.0},{"damage":18.0,"enemies":"Gensokyo:Marisa","floor":42.0,"turns":5.0},{"damage":16.0,"enemies":"Gensokyo:Kasen","floor":44.0,"turns":5.0},{"damage":22.0,"enemies":"Gensokyo:Marisa","floor":48.0,"turns":4.0},{"damage":52.0,"enemies":"Gensokyo:Yuyuko","floor":50.0,"turns":9.0},{"damage":12.0,"enemies":"Shield and Spear","floor":54.0,"turns":5.0},{"damage":28,"enemies":"The Heart","floor":55,"turns":7}],"seed_played":"-5919380641412281540","potions_obtained":[{"floor":10.0,"key":"PowerPotion"},{"floor":14.0,"key":"DistilledChaos"},{"floor":16.0,"key":"Fire Potion"}],"is_trial":false,"path_per_floor":["M","COS","M","?","?","R","E","$","T","M","E","M","R","M","R","B",null,"M","$","?","M","?","E","T","R","T","?","COS","M","R","M","R","B",null,"M","M","?","M","$","E","R","E","T","E","?","?","R","E","R","B",null,"R","$","E","B",null],"character_chosen":"KOISHI","items_purchased":["Koishi:PredatoryInstincts","Koishi:TremblingHands+1","Koishi:Catatonia","Koishi:Untouchable","Koishi:PredatoryInstincts+1"],"campfire_rested":0,"item_purchase_floors":[8,19,39,53,53],"current_hp_per_floor":[60,60,60,60,45,45,46,46,46,58,60,60,60,60,60,60,60,60,60,60,60,60,23,23,23,23,23,23,42,42,57,57,47,57,57,57,57,57,57,57,57,57,57,57,57,57,57,57,57,57,57,57,57,57,57],"gold":71,"neow_bonus":"THREE_ENEMY_KILL","is_daily":false,"chose_seed":false,"campfire_upgraded":4,"win_rate":0.0,"timestamp":1609994479,"path_taken":["M","COS","M","?","?","R","E","?","T","M","E","M","R","?","R","BOSS","M","?","?","?","?","E","?","R","T","?","COS","?","R","M","R","BOSS","M","M","?","M","$","E","R","E","T","E","?","?","R","E","R","BOSS","R","$","E","BOSS"],"items_purchased_type":["Card","Card","Card","Card","Card"],"build_version":"2020-12-22","purchased_purges":3,"victory":true,"max_hp_per_floor":[60,60,60,60,60,60,60,60,60,60,60,60,60,60,60,60,60,60,60,60,60,60,60,60,60,60,57,57,57,57,57,57,57,57,57,57,57,57,57,57,57,57,57,57,57,57,57,57,57,57,57,57,57,57,57],"relic_stats":{"counters":[24,157],"Eternal Feather":0,"StoneCalendar":[0],"PreservedInsect":471,"Pen Nib":[6],"Whetstone":["Koishi:HauntingSlash","Koishi:BasicStrike"],"Letter Opener":[65],"Boot":[48],"Smiling Mask":0,"Sozu":8,"Centennial Puzzle":[27],"Shovel":5,"Bird Faced Urn":[20],"Prayer Wheel":11,"Black Star":5,"Kunai":[29],"obtain_stats":[{"ReplayFunnel":40,"StoneCalendar":54,"Whetstone":26,"Replay:Mystery Machine":40,"Boot":5,"Smiling Mask":44,"Ring of Searing":37,"Sozu":17,"Centennial Puzzle":31,"Shovel":11,"Matryoshka":25,"DollysMirror":28,"Prayer Wheel":12,"Kunai":9,"Replay:Wax Seal":33,"Replay:Bottled Eggs":54,"Koishi:BloodstainedWhiteRose":24,"Replay:Bottled Steam":49,"NeowsBlessing":0,"Eternal Feather":42,"PreservedInsect":7,"Pen Nib":41,"Letter Opener":43,"Du-Vu Doll":23,"Replay:Baseball":32,"ReplayTheSpireMod:Ring of Collecting":37,"Bird Faced Urn":44,"Black Star":34,"ReplayTheSpireMod:Lightbulb":26,"TungstenRod":7,"Toy Ornithopter":48,"Koishi:ImaginaryFriend":0,"Pocketwatch":13,"ReplayTheSpireMod:ShopPack":28},{"ReplayFunnel":18,"StoneCalendar":23,"Whetstone":11,"Replay:Mystery Machine":18,"Boot":2,"Smiling Mask":20,"Ring of Searing":16,"Sozu":8,"Centennial Puzzle":13,"Shovel":5,"Matryoshka":11,"DollysMirror":11,"Prayer Wheel":6,"Kunai":3,"Replay:Wax Seal":14,"Replay:Bottled Eggs":23,"Koishi:BloodstainedWhiteRose":11,"Replay:Bottled Steam":21,"NeowsBlessing":0,"Eternal Feather":19,"PreservedInsect":3,"Pen Nib":18,"Letter Opener":19,"Du-Vu Doll":11,"Replay:Baseball":13,"ReplayTheSpireMod:Ring of Collecting":16,"Bird Faced Urn":20,"Black Star":14,"ReplayTheSpireMod:Lightbulb":11,"TungstenRod":3,"Toy Ornithopter":21,"Koishi:ImaginaryFriend":0,"Pocketwatch":6,"ReplayTheSpireMod:ShopPack":11},{"ReplayFunnel":122,"StoneCalendar":150,"Whetstone":69,"Replay:Mystery Machine":122,"Boot":3,"Smiling Mask":132,"Ring of Searing":112,"Sozu":46,"Centennial Puzzle":78,"Shovel":21,"Matryoshka":69,"DollysMirror":69,"Prayer Wheel":22,"Kunai":5,"Replay:Wax Seal":85,"Replay:Bottled Eggs":150,"Koishi:BloodstainedWhiteRose":69,"Replay:Bottled Steam":136,"NeowsBlessing":0,"Eternal Feather":127,"PreservedInsect":4,"Pen Nib":122,"Letter Opener":127,"Du-Vu Doll":69,"Replay:Baseball":82,"ReplayTheSpireMod:Ring of Collecting":112,"Bird Faced Urn":132,"Black Star":96,"ReplayTheSpireMod:Lightbulb":69,"TungstenRod":5,"Toy Ornithopter":136,"Koishi:ImaginaryFriend":0,"Pocketwatch":28,"ReplayTheSpireMod:ShopPack":69}],"TungstenRod":147,"Toy Ornithopter":0,"Pocketwatch":[124]},"card_choices":[{"not_picked":["Koishi:PhantomBarrier","Koishi:Jaunt","Koishi:StingingMind"],"picked":"SKIP","floor":1.0},{"not_picked":["Koishi:UnansweredLove","Koishi:TraumaticStroke","Koishi:LastRemote"],"picked":"SKIP","floor":3.0},{"not_picked":["Koishi:FleetingPhantom","Koishi:CatchAndRose"],"picked":"Koishi:TerrifyingSpectre","floor":5.0},{"not_picked":["Koishi:SpiritedAway","Koishi:SubconsciousSweep"],"picked":"Koishi:UnseenTerror","floor":5.0},{"not_picked":["Koishi:SpiritedAway","Koishi:UnconsciousUprising"],"picked":"Koishi:Whimsy","floor":7.0},{"not_picked":["Koishi:Bloodlust","Koishi:StrangeCloudFist","Koishi:EmbryosDream"],"picked":"SKIP","floor":10.0},{"not_picked":["Koishi:ReleaseOfTheId","Koishi:FleetingPhantom"],"picked":"Koishi:PredatoryInstincts","floor":11.0},{"not_picked":["Koishi:SubterraneanRose","Koishi:FourthEye","Koishi:PhantomStrike"],"picked":"SKIP","floor":12.0},{"not_picked":["Koishi:Possession","Koishi:PhantomBarrier","Koishi:RollingInRichesHeart"],"picked":"SKIP","floor":12.0},{"not_picked":["Koishi:SubterraneanRose","Koishi:FourthEye","Koishi:PhantomStrike"],"picked":"SKIP","floor":12.0},{"not_picked":["Koishi:Possession","Koishi:PhantomBarrier","Koishi:RollingInRichesHeart"],"picked":"SKIP","floor":12.0},{"not_picked":["Koishi:ReflexRadar","Koishi:GhostParty"],"picked":"Koishi:EmbersOfLove","floor":14.0},{"not_picked":["Koishi:UnconsciousUprising","Koishi:StingingMind","Koishi:SubterraneanRose"],"picked":"SKIP","floor":14.0},{"not_picked":["Koishi:SuperEgo","Koishi:HeartStoppingHorror"],"picked":"Koishi:MentalBreakdown","floor":16.0},{"not_picked":["Koishi:UnansweredLove","Koishi:Jaunt","Koishi:Prune"],"picked":"SKIP","floor":18.0},{"not_picked":["Koishi:FidgetySnatcher","Koishi:SubconsciousSweep","Koishi:ParalyzingFear+1"],"picked":"SKIP","floor":18.0},{"not_picked":["Koishi:CatchAndRose+1","Koishi:PhantomBarrier"],"picked":"Koishi:PhilosophyOfTheDespised","floor":21.0},{"not_picked":["Koishi:JumpScare","Koishi:FourthEye+1","Koishi:SubterraneanRose"],"picked":"SKIP","floor":21.0},{"not_picked":["Koishi:JumpScare+1","Koishi:FleetingPhantom","Koishi:PhantomStrike"],"picked":"SKIP","floor":23.0},{"not_picked":["Secret Weapon","The Bomb"],"picked":"Apotheosis","floor":28.0},{"not_picked":["Koishi:SubconsciousSweep","Koishi:TraumaticStroke"],"picked":"Koishi:Vanish","floor":29.0},{"not_picked":["Koishi:RacingHeart","Koishi:ReleaseOfTheId","Koishi:BloodcurdlingScream"],"picked":"SKIP","floor":29.0},{"not_picked":["Koishi:UnconsciousUprising","Koishi:ReflexRadar"],"picked":"Koishi:MindNumbingTerror","floor":31.0},{"not_picked":["Koishi:Prune","Koishi:SpiritedAway","Koishi:FleetingPhantom"],"picked":"SKIP","floor":31.0},{"not_picked":["Koishi:RuptureMind","Koishi:MindStellarRelief"],"picked":"Koishi:ConfinedInnocent","floor":33.0},{"not_picked":["Koishi:EmbryosDream+1","Koishi:IdleWhim+1","Koishi:ReflexRadar+1"],"picked":"SKIP","floor":35.0},{"not_picked":["Koishi:SubterraneanRose","Koishi:DreadfulBlow+1","Koishi:UnconsciousUprising"],"picked":"SKIP","floor":35.0},{"not_picked":["Koishi:DNAsFlaw","Koishi:RacingHeart+1"],"picked":"Koishi:FadingMemory","floor":36.0},{"not_picked":["Koishi:MassHysteria","Koishi:HeartAttack","Koishi:Bloodlust+1"],"picked":"SKIP","floor":36.0},{"not_picked":["Koishi:SprinkleStarAndHeart+1","Koishi:RacingHeart"],"picked":"Koishi:GeneticsOfTheUnconscious","floor":38.0},{"not_picked":["Koishi:DreadfulBlow","Koishi:LastRemote","Koishi:ParalyzingFear+1"],"picked":"SKIP","floor":38.0},{"not_picked":["Koishi:DreadfulBlow","Koishi:MindNumbingTerror+1","Koishi:PhilosophyOfTheDespised"],"picked":"SKIP","floor":40.0},{"not_picked":["Koishi:DreadfulBlow","Koishi:MindNumbingTerror+1","Koishi:PhilosophyOfTheDespised"],"picked":"SKIP","floor":40.0},{"not_picked":["Koishi:TremblingHands","Koishi:UnconsciousUprising","Koishi:HeartfeltFancy+1"],"picked":"SKIP","floor":42.0},{"not_picked":["Koishi:PhilosophyOfTheDespised+1","Koishi:HeartAttack+1","Koishi:LastRemote+1"],"picked":"SKIP","floor":44.0},{"not_picked":["Koishi:FleetingPhantom+1","Koishi:SpiritedAway"],"picked":"Koishi:ImGoingToCallYouNow","floor":48.0},{"not_picked":["Koishi:ReflexRadar+1","Koishi:SprinkleStarAndHeart"],"picked":"Koishi:RacingHeart","floor":54.0}],"player_experience":463042,"relics_obtained":[{"floor":5.0,"key":"Boot"},{"floor":7.0,"key":"TungstenRod"},{"floor":9.0,"key":"Kunai"},{"floor":11.0,"key":"Shovel"},{"floor":13.0,"key":"Pocketwatch"},{"floor":23.0,"key":"Du-Vu Doll"},{"floor":24.0,"key":"Koishi:BloodstainedWhiteRose"},{"floor":25.0,"key":"Matryoshka"},{"floor":26.0,"key":"Whetstone"},{"floor":26.0,"key":"ReplayTheSpireMod:Lightbulb"},{"floor":32.0,"key":"Replay:Baseball"},{"floor":37.0,"key":"ReplayTheSpireMod:Ring of Collecting"},{"floor":37.0,"key":"Ring of Searing"},{"floor":40.0,"key":"ReplayFunnel"},{"floor":40.0,"key":"Replay:Mystery Machine"},{"floor":41.0,"key":"Pen Nib"},{"floor":42.0,"key":"Eternal Feather"},{"floor":43.0,"key":"Letter Opener"},{"floor":44.0,"key":"Bird Faced Urn"},{"floor":44.0,"key":"Smiling Mask"},{"floor":48.0,"key":"Toy Ornithopter"},{"floor":49.0,"key":"Replay:Bottled Steam"},{"floor":54.0,"key":"StoneCalendar"},{"floor":54.0,"key":"Replay:Bottled Eggs"}],"event_choices":[],"is_beta":false,"boss_relics":[{"not_picked":["Abe\u0027s Treasure","Empty Cage"],"picked":"Sozu"},{"not_picked":["SlaversCollar","Runic Dome"],"picked":"Black Star"}],"items_purged_floors":[8,19,39],"is_endless":false,"potions_floor_spawned":[10,14,16,23,29,33,35,36,40,48,54],"ascension_level":1}}