{"host":"dzit4ljil6490tuf","time":1609987535,"event":{"mods":["BaseMod","Downfall","Hermit","Hubris","Marisa????????","Minty Spire (QoL Compilation)","StSLib","The Cursed","The Runesmith","The Servant 0.9.4"],"gold_per_floor":[99,119,32,32,48,67,91,91,76,88,88,121,46,102,113,210,210,210,225,243,256,256,103,103,103,121,156,89,93,111,111,126,228,228,228,247,247,257,79,90,169,182,194,227,227,241,241,272,285,285],"floor_reached":51,"playtime":3905,"items_purged":[],"score":806,"play_id":"fcc118fb-2ef9-4bc0-b228-1e43a210b533","local_time":"20210107034535","is_ascension_mode":false,"campfire_choices":[{"data":"champ:Taunt","floor":1,"key":"SMITH"},{"data":"champ:RecklessLeap","floor":13,"key":"SMITH"},{"data":"champ:Execute","floor":18,"key":"SMITH"},{"data":"champ:Backstep","floor":25,"key":"SMITH"},{"data":"champ:GladiatorsShout","floor":35,"key":"SMITH"},{"floor":45,"key":"REST"}],"circlet_count":0,"master_deck":["champ:Strike","champ:Strike","champ:Strike","champ:Defend","champ:Defend","champ:Defend","champ:Defend","champ:Execute+1","champ:Taunt+1","champ:BringItOn","champ:Haymaker","champ:RecklessLeap+1","champ:GutPunch+1","champ:BringItOn","champ:FanOfKnives+1","champ:FaceSlap+1","champ:TornadoPunch+1","champ:Devastate+1","champ:DefensiveShout","champ:GladiatorsShout+1","champ:CrookedStrike+1","champ:DeathBlow+1","champ:Backstep+1","champ:BerserkersShout","champ:FaceSlap+1","champ:StanceDance+1","champ:TornadoPunch+1","champ:FlashCut+1","expansioncontent:DonusPower","champ:FlashCut+1","Writhe","champ:HeavySlash+1","champ:Shatter+1","champ:CrookedStrike+1","champ:FlashCut+1","champ:IgnorePain"],"relics":["champ:ChampionCrown","Molten Egg 2","Runesmith:AutoHammer","hubris:Towel","champ:FightingForDummies","downfall:HeartBlessingGreen","Vajra","Busted Crown","CaptainsWheel","Pen Nib","hubris:SphereOfDissonance","Ginger","hubris:Backtick","Shuriken","Lee\u0027s Waffle","hubris:Reverence","Centennial Puzzle","hubris:ToyBattleship"],"acts_visited":["Exordium","TheCity","TheBeyond"],"potions_floor_usage":[50,50],"damage_taken":[{"damage":17,"enemies":"Cultist","floor":2,"turns":4},{"damage":10,"enemies":"downfall:FleeingMerchant","floor":3,"turns":4},{"damage":23,"enemies":"Small Slimes","floor":5,"turns":3},{"damage":5,"enemies":"2 Louse","floor":6,"turns":2},{"damage":30,"enemies":"downfall:FleeingMerchant","floor":9,"turns":4},{"damage":39,"enemies":"Large Slime","floor":10,"turns":6},{"damage":43,"enemies":"3 Sentries","floor":12,"turns":8},{"damage":13,"enemies":"Gremlin Nob","floor":14,"turns":4},{"damage":5,"enemies":"Exordium Thugs","floor":15,"turns":3},{"damage":34,"enemies":"downfall:Watcher","floor":16,"turns":7},{"damage":5,"enemies":"3 Byrds","floor":19,"turns":4},{"damage":39,"enemies":"Shelled Parasite and Fungi","floor":20,"turns":5},{"damage":26,"enemies":"Chosen and Byrds","floor":21,"turns":4},{"damage":46,"enemies":"downfall:FleeingMerchant","floor":23,"turns":4},{"damage":11,"enemies":"Snake Plant","floor":26,"turns":4},{"damage":18,"enemies":"Book of Stabbing","floor":27,"turns":4},{"damage":24,"enemies":"downfall:FleeingMerchant","floor":28,"turns":4},{"damage":41,"enemies":"downfall:FleeingMerchant","floor":29,"turns":4},{"damage":28,"enemies":"Cultist and Chosen","floor":30,"turns":4},{"damage":5,"enemies":"Snecko","floor":32,"turns":3},{"damage":50,"enemies":"downfall:Ironclad","floor":33,"turns":4},{"damage":3,"enemies":"3 Shapes","floor":36,"turns":3},{"damage":32,"enemies":"3 Darklings","floor":38,"turns":3},{"damage":61,"enemies":"Maw","floor":40,"turns":6},{"damage":8,"enemies":"Jaw Worm Horde","floor":42,"turns":2},{"damage":56,"enemies":"4 Shapes","floor":43,"turns":5},{"damage":34,"enemies":"Giant Head","floor":44,"turns":6},{"damage":3,"enemies":"Maw","floor":46,"turns":4},{"damage":56,"enemies":"Nemesis","floor":48,"turns":3},{"damage":33,"enemies":"Sphere and 2 Shapes","floor":49,"turns":4},{"damage":12,"enemies":"downfall:Defect","floor":50,"turns":6}],"seed_played":"317345446621123269","potions_obtained":[{"floor":2,"key":"LiquidMemories"},{"floor":6,"key":"Dexterity Potion"},{"floor":10,"key":"BlessingOfTheForge"},{"floor":42,"key":"Strength Potion"},{"floor":43,"key":"FairyPotion"},{"floor":44,"key":"champ:UltimateStancePotion"}],"is_trial":false,"path_per_floor":["R","M","$","T","M","M","T","?","$","M","?","E","R","?","M","B",null,"R","M","M","M","?","$","T","R","M","E","$","$","M","?","M","B",null,"R","M","?","M","$","M","T","M","M","E","R","M","?","E","M","B",null],"character_chosen":"THE_CHAMP","items_purchased":["champ:RecklessLeap","champ:Backstep","champ:BerserkersShout","champ:FaceSlap+1","champ:FlashCut+1","hubris:SphereOfDissonance","expansioncontent:DonusPower","champ:Shatter+1","Lee\u0027s Waffle"],"campfire_rested":1,"item_purchase_floors":[3,23,23,23,28,29,29,39,39],"current_hp_per_floor":[99,92,92,92,89,89,89,89,89,78,78,55,55,47,42,33,99,99,99,85,85,85,70,70,70,67,67,67,64,64,64,64,52,99,99,96,96,79,106,89,89,81,69,53,86,86,86,41,31,19],"gold":285,"neow_bonus":"TEN_PERCENT_HP_BONUS","is_daily":false,"chose_seed":false,"campfire_upgraded":5,"win_rate":0.0,"timestamp":1609987535,"path_taken":["R","M","$","?","M","?","T","?","$","?","?","E","R","?","M","BOSS","R","M","M","M","?","$","T","R","M","E","?","$","?","?","M","BOSS","R","M","?","M","$","M","T","?","M","E","R","M","?","E","M","BOSS"],"items_purchased_type":["Card","Card","Card","Card","Card","Relic","Card","Card","Relic"],"build_version":"2020-12-22","purchased_purges":0,"victory":true,"max_hp_per_floor":[99,99,99,99,99,99,99,99,99,99,99,99,99,99,99,99,99,99,99,99,99,99,99,99,99,99,99,99,99,99,99,99,99,99,99,99,99,99,106,106,106,106,111,111,111,111,111,111,111,111],"card_choices":[{"not_picked":["champ:TornadoPunch","champ:BladeFlurry"],"picked":"champ:BringItOn","floor":2},{"not_picked":["champ:StrikeOfGenius","champ:ShieldWall"],"picked":"champ:Haymaker","floor":3},{"not_picked":["champ:CrookedStrike+1","champ:BerserkerStyle"],"picked":"champ:FightOn","floor":5},{"not_picked":["champ:StanceDance","champ:Haymaker+1"],"picked":"champ:GutPunch+1","floor":6},{"not_picked":["champ:PreciseThrust+1","champ:Backstep"],"picked":"champ:BringItOn","floor":9},{"not_picked":["champ:PreciseThrust+1","champ:BladeFlurry+1"],"picked":"champ:FanOfKnives+1","floor":10},{"not_picked":["champ:DefensiveShout","champ:Backstep"],"picked":"champ:FaceSlap+1","floor":12},{"not_picked":["champ:BerserkersShout","champ:Backstep"],"picked":"champ:TornadoPunch+1","floor":14},{"not_picked":["champ:Riposte","champ:BringItOn","champ:Circumvent"],"picked":"SKIP","floor":15},{"not_picked":["champ:ShieldThrow+1","champ:HeavySlash+1"],"picked":"champ:Devastate+1","floor":16},{"not_picked":[],"picked":"champ:DefensiveShout","floor":19},{"not_picked":[],"picked":"champ:GladiatorsShout","floor":20},{"not_picked":[],"picked":"champ:CrookedStrike+1","floor":21},{"not_picked":[],"picked":"champ:DeathBlow+1","floor":23},{"not_picked":[],"picked":"champ:StanceDance+1","floor":26},{"not_picked":[],"picked":"champ:TornadoPunch+1","floor":27},{"not_picked":["champ:EnGarde+1"],"picked":"SKIP","floor":28},{"not_picked":["champ:StanceDance"],"picked":"SKIP","floor":29},{"not_picked":[],"picked":"champ:FlashCut+1","floor":30},{"not_picked":["champ:BringItOn+1"],"picked":"SKIP","floor":32},{"not_picked":[],"picked":"champ:HeavySlash+1","floor":33},{"not_picked":["champ:Haymaker+1"],"picked":"SKIP","floor":36},{"not_picked":[],"picked":"champ:IronFortress","floor":38},{"not_picked":["champ:BerserkersShout+1"],"picked":"SKIP","floor":40},{"not_picked":[],"picked":"champ:CrookedStrike+1","floor":42},{"not_picked":[],"picked":"champ:FlashCut+1","floor":43},{"not_picked":[],"picked":"champ:IgnorePain","floor":44},{"not_picked":["champ:FanOfKnives+1"],"picked":"SKIP","floor":46},{"not_picked":["champ:StanceDance+1"],"picked":"SKIP","floor":48},{"not_picked":["champ:AdrenalArmor+1"],"picked":"SKIP","floor":49}],"player_experience":547487,"relics_obtained":[{"floor":4,"key":"Molten Egg 2"},{"floor":7,"key":"Runesmith:AutoHammer"},{"floor":12,"key":"champ:FightingForDummies"},{"floor":14,"key":"Vajra"},{"floor":24,"key":"CaptainsWheel"},{"floor":27,"key":"Pen Nib"},{"floor":41,"key":"hubris:Reverence"},{"floor":44,"key":"Centennial Puzzle"},{"floor":48,"key":"hubris:ToyBattleship"}],"event_choices":[{"damage_healed":0,"gold_gain":0,"player_choice":"Ignored","damage_taken":0,"max_hp_gain":0,"max_hp_loss":0,"event_name":"NoteForYourself","floor":8,"gold_loss":0},{"cards_removed":["champ:Strike"],"damage_healed":0,"gold_gain":0,"player_choice":"Purged","damage_taken":0,"max_hp_gain":0,"max_hp_loss":0,"event_name":"Purifier","floor":22,"gold_loss":0},{"cards_removed":["champ:IronFortress"],"damage_healed":0,"gold_gain":0,"player_choice":"Removed Power","damage_taken":0,"max_hp_gain":0,"max_hp_loss":0,"event_name":"Falling","floor":47,"gold_loss":0}],"is_beta":false,"boss_relics":[{"not_picked":["hubris:CrackedHourglass","hubris:RunicObelisk"],"picked":"Busted Crown"},{"not_picked":["hubris:GrandSneckoEye","Calling Bell"],"picked":"hubris:Backtick"}],"items_purged_floors":[],"is_endless":false,"potions_floor_spawned":[2,6,10,12,14,20,26,30,33,42,43,44,48],"ascension_level":0}}