{"host":"9eiowk8mxro5m2sz","time":1609983587,"event":{"mods":["Act Like it!","Alarm Clock","Arknights The Spire","BaseMod","CapriCore","Decade(王小明)","Friendly Minions","Gensokyo","Kiyohime（清姬）","LagranYue(拉格朗・月)","Luminous","Minty Spire (QoL Compilation)","Prisma Mod","Quick Restart","Reimu（博丽灵梦）","Relic Stats","Replay The Spire","StSLib","The Alterego","The Immortal","The Servant 0.9.4","WarShipGirlsR/战舰少女R mod","Yakumo Yukari mod","Yohane!","Youmu（魂魄妖梦）","Yuri Mod","Yuyuko","【遗物卡牌】REMEMod"],"gold_per_floor":[113,113,113,113,113,113,125,125,152,185,185,213,66,66,66,161,161,180,198,158,173,102,136,136,136,136,147,182,26,43,43,43],"floor_reached":31,"playtime":1031,"items_purged":[],"score":279,"play_id":"d70d32ed-291c-4038-8422-6bf91b90df72","local_time":"20210107093947","daily_mods":["Heirloom","Time Dilation","Flight"],"is_ascension_mode":false,"campfire_choices":[{"floor":6.0,"key":"REST"},{"data":"ats:Rapid Magazine","floor":8.0,"key":"SMITH"},{"floor":11.0,"key":"REST"},{"data":"ats:Childhood Dance","floor":15.0,"key":"SMITH"},{"floor":25.0,"key":"REST"}],"circlet_count":0,"master_deck":["ats:Strike C","ats:Strike S+1","ats:Strike V+1","ats:Armor Crushing Shot","ats:Defend","ats:Defend","ats:Defend","ats:Defend","ats:Emotion Absorption+1","The Bomb","ats:Very Hot Blade","ats:Rapid Magazine+1","ats:Mental Burst","ats:Ignite","ats:Childhood Dance+1","ats:Cat Scratch","ats:Consecutive Shot Auto","ats:Ignite","ats:Steam Pump","ats:Roar Of Ursus","ZunPunch:ReiMu","ats:Apocalypse","ats:Neurotoxin","ats:Hammer On+1","ats:Childhood Dance+1"],"relics":["ats:Sanity","REME_ComplimentaryCards","Peace Pipe","Divine Protection","ReplayTheSpireMod:TigerMarble","ats:Originium","ats:Ability Aura","Bottled Lightning","Lee\u0027s Waffle","Painkiller Herb","REME_HourglassOfDeath","ats:Bonebreaker","Replay:Bottled Flurry","Regal Pillow"],"acts_visited":["Exordium","TheCity"],"potions_floor_usage":[],"damage_taken":[{"damage":14.0,"enemies":"Jaw Worm","floor":1.0,"turns":4.0},{"damage":4.0,"enemies":"2 Louse","floor":7.0,"turns":3.0},{"damage":24.0,"enemies":"Gremlin Nob","floor":10.0,"turns":4.0},{"damage":19.0,"enemies":"3 Sentries","floor":12.0,"turns":4.0},{"damage":13.0,"enemies":"Fading Forest","floor":16.0,"turns":11.0},{"damage":10.0,"enemies":"Shell Parasite","floor":18.0,"turns":4.0},{"damage":2.0,"enemies":"3 Byrds","floor":19.0,"turns":3.0},{"damage":19.0,"enemies":"Snake Plant","floor":21.0,"turns":3.0},{"damage":39.0,"enemies":"REME_1_Revenger","floor":23.0,"turns":4.0},{"damage":2.0,"enemies":"Snecko","floor":27.0,"turns":4.0},{"damage":19.0,"enemies":"Replay:Snechameleon","floor":28.0,"turns":3.0},{"damage":8,"enemies":"Centurion and Healer","floor":30,"turns":3},{"damage":19,"enemies":"Chosen and Byrds","floor":31,"turns":4}],"seed_played":"-2555705960762598196","potions_obtained":[{"floor":7.0,"key":"ColorlessPotion"},{"floor":12.0,"key":"Venom Potion"},{"floor":16.0,"key":"LiquidBronze"},{"floor":21.0,"key":"Explosive Potion"},{"floor":30,"key":"SkillPotion"}],"is_trial":true,"path_per_floor":["M","?","?","?","?","R","M","R","T","E","R","E","$","?","R","B",null,"?","?","?","?","T","E","?","T","T","?","E","T","?","?"],"character_chosen":"DOCTOR_CLASS","items_purchased":["Lee\u0027s Waffle","ats:Neurotoxin","Regal Pillow"],"campfire_rested":3,"item_purchase_floors":[13,22,29],"current_hp_per_floor":[58,44,37,25,25,46,42,42,42,18,39,20,79,79,79,66,79,69,67,67,48,48,9,9,32,32,30,11,11,3,0,0],"gold":43,"neow_bonus":"","is_daily":false,"chose_seed":false,"campfire_upgraded":2,"win_rate":0.0,"timestamp":1609983587,"path_taken":["M","?","?","?","?","R","M","R","T","E","R","E","$","?","R","BOSS","?","?","?","?","T","E","?","T","T","?","E","T","?","?"],"items_purchased_type":["Relic","Card","Relic"],"build_version":"2020-12-22","purchased_purges":0,"victory":false,"max_hp_per_floor":[72,72,72,72,72,72,72,72,72,72,72,72,79,79,79,79,79,79,79,79,79,79,79,79,79,79,79,79,79,79,79,79],"relic_stats":{"Peace Pipe":0,"Lee\u0027s Waffle":59,"Regal Pillow":0,"counters":[13,53],"obtain_stats":[{"Divine Protection":4,"ats:Ability Aura":10,"Lee\u0027s Waffle":13,"Regal Pillow":29,"ZunR:ReiMu":20,"Painkiller Herb":17,"Peace Pipe":0,"ats:Originium":10,"REME_HourglassOfDeath":23,"ReplayTheSpireMod:TigerMarble":9,"Replay:Bottled Flurry":28,"ats:Sanity":0,"Bottled Lightning":12,"ats:Bonebreaker":26,"REME_ComplimentaryCards":0},{"Divine Protection":1,"ats:Ability Aura":3,"Lee\u0027s Waffle":4,"Regal Pillow":11,"ZunR:ReiMu":7,"Painkiller Herb":5,"Peace Pipe":0,"ats:Originium":3,"REME_HourglassOfDeath":9,"ReplayTheSpireMod:TigerMarble":2,"Replay:Bottled Flurry":11,"ats:Sanity":0,"Bottled Lightning":4,"ats:Bonebreaker":9,"REME_ComplimentaryCards":0},{"Divine Protection":4,"ats:Ability Aura":11,"Lee\u0027s Waffle":15,"Regal Pillow":46,"ZunR:ReiMu":33,"Painkiller Herb":26,"Peace Pipe":0,"ats:Originium":11,"REME_HourglassOfDeath":40,"ReplayTheSpireMod:TigerMarble":7,"Replay:Bottled Flurry":46,"ats:Sanity":0,"Bottled Lightning":15,"ats:Bonebreaker":40,"REME_ComplimentaryCards":0}]},"card_choices":[{"not_picked":["ats:Poison Spread","ats:Assault Order"],"picked":"ats:Very Hot Blade","floor":1.0},{"not_picked":["ats:Directed Diagnosis","ats:Leaping Hammer"],"picked":"ats:Rapid Magazine","floor":7.0},{"not_picked":["ats:Steam Pump","ats:Cat Scratch"],"picked":"ats:Mental Burst","floor":10.0},{"not_picked":["ats:Hammer On","ats:Disruption Kick"],"picked":"ats:Ignite","floor":12.0},{"not_picked":["ats:Echo Reverb","ats:True Silver Slash"],"picked":"ats:Roar Of Ursus","floor":16.0},{"not_picked":["ats:Powerful Strike","ats:Consecutive Shot Auto+1","ats:LN2 Cannon"],"picked":"SKIP","floor":18.0},{"not_picked":["ats:Shell Defense+1","ats:Powerful Strike","ats:Poison Spread+1"],"picked":"SKIP","floor":19.0},{"not_picked":["ats:Poison Spread","ats:Childhood Dance"],"picked":"ats:Apocalypse","floor":21.0},{"not_picked":["ats:Childhood Dance+1","ats:Powerful Strike+1"],"picked":"ats:Hammer On+1","floor":23.0},{"not_picked":["ats:Collapsing Strike+1","ats:Poison Spread","ats:Calcification"],"picked":"SKIP","floor":27.0},{"not_picked":["ats:Explosion Area Strengthen+1","ats:Revitalization","ats:Apocalypse+1"],"picked":"SKIP","floor":28.0},{"not_picked":["ats:Poison Spread","ats:Childhood Dance+1","ats:Demon Strength"],"picked":"SKIP","floor":30}],"player_experience":594198,"relics_obtained":[{"floor":9.0,"key":"ReplayTheSpireMod:TigerMarble"},{"floor":10.0,"key":"ats:Originium"},{"floor":10.0,"key":"ats:Ability Aura"},{"floor":12.0,"key":"ats:Originium"},{"floor":12.0,"key":"Bottled Lightning"},{"floor":23.0,"key":"ats:Originium"},{"floor":23.0,"key":"REME_HourglassOfDeath"},{"floor":26.0,"key":"ats:Bonebreaker"},{"floor":28.0,"key":"Replay:Bottled Flurry"}],"event_choices":[{"damage_healed":0.0,"max_hp_gain":0.0,"max_hp_loss":0.0,"gold_gain":0.0,"event_name":"Shining Light","player_choice":"Entered Light","floor":2.0,"gold_loss":0.0,"damage_taken":14.0,"cards_upgraded":["ats:Strike V","ats:Emotion Absorption"]},{"cards_removed":["ats:Strike G"],"damage_healed":0.0,"max_hp_gain":0.0,"max_hp_loss":0.0,"gold_gain":0.0,"event_name":"Golden Wing","player_choice":"Card Removal","floor":3.0,"gold_loss":0.0,"damage_taken":7.0},{"damage_healed":0.0,"max_hp_gain":0.0,"max_hp_loss":0.0,"gold_gain":0.0,"event_name":"Scrap Ooze","player_choice":"Success","floor":4.0,"gold_loss":0.0,"damage_taken":12.0,"relics_obtained":["Divine Protection"]},{"damage_healed":0.0,"max_hp_gain":0.0,"max_hp_loss":0.0,"gold_gain":0.0,"event_name":"ZunEvent","player_choice":"交出神酒","floor":20.0,"relics_lost":["ZunR:ReiMu"],"gold_loss":0.0,"damage_taken":0.0,"cards_obtained":["ZunPunch:ReiMu"]},{"damage_healed":0.0,"max_hp_gain":0.0,"max_hp_loss":0.0,"gold_gain":0.0,"event_name":"Duplicator","player_choice":"Copied","floor":24.0,"gold_loss":0.0,"damage_taken":0.0,"cards_obtained":["ats:Childhood Dance"]}],"is_beta":false,"boss_relics":[{"not_picked":["REME_DuelDisc","Astrolabe"],"picked":"Painkiller Herb"}],"items_purged_floors":[],"is_endless":false,"potions_floor_spawned":[7,12,16,21,30],"killed_by":"Chosen and Byrds","ascension_level":0}}