{"host":"cbabs5wvj1yqiyjm","time":1609996902,"event":{"mods":["AchievementEnabler","Act Like it!","Bartender","BaseMod","Bestiary","Better Third Choice","BetterRewards","Colored Powertips","Downfall","Friendly Minions","Hallownest","Hermit","Infinite Spire","Marisa????????","Minty Spire (QoL Compilation)","Rare Cards Sparkle","Replay The Spire","SOS???????","Spicy Shops","StSLib","Td1madao Mod","The Bladedancer","The Bug Knight","The Cursed","The Disciple","The Forsaken","The Marked","The Necromancer","The Servant 0.9.4","Wandering Minibosses","???Mod??????Boss"],"gold_per_floor":[110,110,123,123,123,156,156,185,185,185,185,185,195,195,213,232,232,328,328,347,347,347,275,287,287,386,386,464,499,499,141,166,183,183,281,281,294,312,312,312,312,347,347,347,418,437,437,464,464,101,101,101],"floor_reached":53,"playtime":4538,"items_purged":[],"score":712,"play_id":"cc68337c-dc8d-4195-9e07-e64c93031523","local_time":"20210107002142","is_ascension_mode":true,"campfire_choices":[{"floor":7,"key":"REST"},{"data":"Windup","floor":25,"key":"SMITH"},{"floor":34,"key":"REST"},{"floor":44,"key":"REST"},{"floor":49,"key":"REST"},{"floor":51,"key":"REST"}],"circlet_count":0,"master_deck":["Strike_Bartender","Strike_Bartender","Strike_Bartender","Defend_Bartender","Defend_Bartender","Defend_Bartender","Defend_Bartender","Somersault","Guardian:Strike_Guardian","theForsaken:TheForsaken_Strike","OpoOpo_Form+1","Free_Pour","Elbow_Slash","Mirage","Parasite","Perfect_Balance","Fading_Blow","On_The_House","Windup+1","Bitters","Blizzard_Spikes","Surge","Butterfly_Float","Step_Of_The_Wind","Dancing_Jab","Coeurl_Form","Dragonkick","Center_Self+1","Breathe_Deep","Mirage","Ball_Of_Ice+1","infinitespire:Execution","Top_Shelf","infinitespire:DeathsTouch","Step_Of_The_Wind+1","On_The_House","Power_Up_Punch+1","Rope_A_Dope","Surge","Amnesia","expansioncontent:PrepareCrush"],"relics":["Sneakers","Lizard Tail","Sundial","infinitespire:Satchel","Nunchaku","Pet Ghost","Sozu","Replay:Bottled Snecko","Mummified Hand","Ancient Tea Set","Matryoshka","SlaversCollar","Replay:Towering Pillar of Hats","Replay:Towering Pillar of Hats","Potion Belt","infinitespire:FocusingShard","theForsaken:Kindling","HollowMod:StagPassRelic","ReplayTheSpireMod:CursedCoin"],"acts_visited":["Exordium","TheCity","TheBeyond"],"potions_floor_usage":[35,52,52],"damage_taken":[{"damage":6,"enemies":"Jaw Worm","floor":1,"turns":4},{"damage":0,"enemies":"Cultist","floor":3,"turns":4},{"damage":52,"enemies":"Gremlin Nob","floor":6,"turns":7},{"damage":20,"enemies":"3 Sentries","floor":8,"turns":8},{"damage":0,"enemies":"Small Slimes","floor":13,"turns":4},{"damage":1,"enemies":"3 Louse","floor":15,"turns":3},{"damage":0,"enemies":"Large Slime","floor":16,"turns":7},{"damage":40,"enemies":"The Guardian","floor":18,"turns":21},{"damage":0,"enemies":"3 Byrds","floor":20,"turns":6},{"damage":8,"enemies":"2 Thieves","floor":24,"turns":4},{"damage":14,"enemies":"Gremlin Leader","floor":29,"turns":6},{"damage":1,"enemies":"Nightmare","floor":32,"turns":7},{"damage":0,"enemies":"Chosen and Byrds","floor":33,"turns":7},{"damage":27,"enemies":"Automaton","floor":35,"turns":11},{"damage":43,"enemies":"3 Shapes","floor":37,"turns":7},{"damage":0,"enemies":"3 Darklings","floor":38,"turns":9},{"damage":16,"enemies":"Nemesis","floor":42,"turns":7},{"damage":10,"enemies":"4 Shapes","floor":46,"turns":5},{"damage":0,"enemies":"Giant Head","floor":48,"turns":5},{"damage":56,"enemies":"Replay:Hell Engine","floor":52,"turns":20}],"seed_played":"-7220143411675716733","potions_obtained":[{"floor":1,"key":"Elixir"},{"floor":8,"key":"SkillPotion"},{"floor":15,"key":"Doom Potion"}],"is_trial":false,"path_per_floor":["M","?","M","T","?","E","R","E","PTL","PTL","T","?","M","?","M","M","R","B",null,"M","?","?","$","M","R","?","?","T","E","?","$","NM","M","R","B",null,"M","M","?","AVR","?","E","?","R","T","M","?","E","R","$","R","B",null],"character_chosen":"BARTENDER","items_purchased":["Blizzard_Spikes","Step_Of_The_Wind","Ancient Tea Set","Dancing_Jab","Coeurl_Form","Rope_A_Dope","HollowMod:StagPassRelic","Surge","ReplayTheSpireMod:CursedCoin","expansioncontent:PrepareCrush"],"campfire_rested":5,"item_purchase_floors":[23,31,31,31,31,50,50,50,50,50],"current_hp_per_floor":[64,64,64,64,64,12,33,13,13,13,13,30,30,30,29,29,50,10,70,70,70,70,70,62,62,62,62,62,48,35,35,34,34,56,29,75,32,32,66,66,66,50,34,53,53,43,43,43,67,67,76,20],"gold":101,"neow_bonus":"ONE_RARE_RELIC","is_daily":false,"chose_seed":false,"campfire_upgraded":1,"win_rate":0.0,"timestamp":1609996902,"path_taken":["M","?","?","?","?","E","R","E","PTL","PTL","T","?","M","?","M","?","R","BOSS","M","?","?","$","?","R","?","?","T","E","?","$","NM","M","R","BOSS","M","M","?","AVR","?","E","?","R","T","M","?","E","R","$","R","BOSS"],"items_purchased_type":["Card","Card","Relic","Card","Card","Card","Relic","Card","Relic","Card"],"build_version":"2020-12-22","purchased_purges":0,"victory":true,"max_hp_per_floor":[70,70,70,70,70,70,70,70,70,70,70,70,70,70,70,70,70,70,70,70,70,70,70,70,70,70,70,70,70,75,75,75,75,75,75,75,75,75,66,66,66,66,66,66,66,66,66,66,71,71,76,76],"card_choices":[{"not_picked":["Phantom_Blow","Free_Pour"],"picked":"OpoOpo_Form","floor":1},{"not_picked":["Stick_and_Move","RockBreaker"],"picked":"Free_Pour","floor":3},{"not_picked":["Ball_Of_Ice","Dolphin_Blow"],"picked":"Elbow_Slash","floor":6},{"not_picked":["Feint","Glare"],"picked":"Mirage","floor":8},{"not_picked":["Feint","Pony_Shot"],"picked":"Perfect_Balance","floor":13},{"not_picked":["Ripple","Phantom_Blow"],"picked":"Fading_Blow","floor":15},{"not_picked":["OpoOpo_Form","With_A_Twist"],"picked":"On_The_House","floor":16},{"not_picked":["Patience","Storage"],"picked":"Windup","floor":18},{"not_picked":["Wall_of_Ice","Blizzard_Spikes"],"picked":"Bitters","floor":20},{"not_picked":["On_The_Rocks","Axe_Heel_Kick"],"picked":"Surge","floor":24},{"not_picked":["Step_Of_The_Wind","Fading_Blow"],"picked":"Butterfly_Float","floor":29},{"not_picked":["Glare+1","Axe_Heel_Kick+1"],"picked":"Dragonkick","floor":32},{"not_picked":["Dolphin_Blow","ThreeSidedStar"],"picked":"Center_Self+1","floor":33},{"not_picked":["Dolphin_Blow","Top_Shelf"],"picked":"Breathe_Deep","floor":35},{"not_picked":["Foot_Thrust+1","Pony_Shot+1"],"picked":"Mirage","floor":37},{"not_picked":["Bitters","Perfect_Balance+1"],"picked":"Ball_Of_Ice+1","floor":38},{"not_picked":["Pony_Shot","Dolphin_Blow"],"picked":"Top_Shelf","floor":42},{"not_picked":["infinitespire:TheBestDefense","infinitespire:Menacing"],"picked":"infinitespire:DeathsTouch","floor":43},{"not_picked":["Scowl","Press_Forward"],"picked":"Step_Of_The_Wind+1","floor":46},{"not_picked":["ThreeSidedStar","Training_Dummy+1"],"picked":"Power_Up_Punch+1","floor":48}],"player_experience":50389,"relics_obtained":[{"floor":4,"key":"Sundial"},{"floor":6,"key":"infinitespire:Satchel"},{"floor":8,"key":"Nunchaku"},{"floor":11,"key":"Pet Ghost"},{"floor":28,"key":"Replay:Bottled Snecko"},{"floor":29,"key":"Mummified Hand"},{"floor":32,"key":"Matryoshka"},{"floor":42,"key":"Replay:Towering Pillar of Hats"},{"floor":45,"key":"Potion Belt"},{"floor":45,"key":"infinitespire:FocusingShard"},{"floor":48,"key":"theForsaken:Kindling"}],"event_choices":[{"damage_healed":0,"gold_gain":0,"player_choice":"Ignored","damage_taken":0,"max_hp_gain":0,"max_hp_loss":0,"event_name":"NoteForYourself","floor":2,"gold_loss":0},{"damage_healed":17,"gold_gain":0,"player_choice":"Healed and dodged fight","damage_taken":0,"max_hp_gain":0,"max_hp_loss":0,"event_name":"Mushrooms","floor":12,"gold_loss":0,"cards_obtained":["Parasite"]},{"damage_healed":0,"gold_gain":0,"player_choice":"Ignored","damage_taken":0,"max_hp_gain":0,"max_hp_loss":0,"event_name":"Purifier","floor":14,"gold_loss":0},{"damage_healed":0,"gold_gain":0,"player_choice":"Ignored","damage_taken":0,"max_hp_gain":0,"max_hp_loss":0,"event_name":"Ghosts","floor":21,"gold_loss":0},{"damage_healed":0,"gold_gain":0,"player_choice":"Ignored","damage_taken":0,"max_hp_gain":0,"max_hp_loss":0,"event_name":"The Mausoleum","floor":22,"gold_loss":0},{"damage_healed":0,"gold_gain":99,"player_choice":"Steal","damage_taken":0,"max_hp_gain":0,"max_hp_loss":0,"event_name":"betterThird:BetterNest","floor":26,"gold_loss":0},{"damage_healed":0,"gold_gain":0,"player_choice":"Shed Blood","damage_taken":18,"max_hp_gain":5,"max_hp_loss":0,"event_name":"Forgotten Altar","floor":30,"gold_loss":0},{"damage_healed":66,"gold_gain":0,"player_choice":"Heal","damage_taken":0,"max_hp_gain":0,"max_hp_loss":9,"event_name":"The Moai Head","floor":39,"gold_loss":0},{"cards_removed":["Strike_Bartender"],"damage_healed":0,"gold_gain":0,"player_choice":"Removed Attack","damage_taken":0,"max_hp_gain":0,"max_hp_loss":0,"event_name":"Falling","floor":41,"gold_loss":0},{"damage_healed":0,"gold_gain":0,"player_choice":"Copied","damage_taken":0,"max_hp_gain":0,"max_hp_loss":0,"event_name":"Duplicator","floor":47,"gold_loss":0,"cards_obtained":["On_The_House"]}],"is_beta":false,"boss_relics":[{"not_picked":["Tiny House","infinitespire:Cupcake"],"picked":"Sozu"},{"not_picked":["ReplayTheSpireMod:DimensionalGlitch","Replay:Wanted Poster"],"picked":"SlaversCollar"}],"items_purged_floors":[],"is_endless":false,"potions_floor_spawned":[1,8,15,18,20,29,35,38,46],"ascension_level":1}}