{"host":"o0q01dgb4z8zpo6o","time":1609984821,"event":{"mods":["BaseMod","GifTheSpireLib","Minty Spire (QoL Compilation)","Relic Stats","StSLib"],"gold_per_floor":[15,29,43,43,55,55,75,97,97,154,154,119,119,153,153,227,227,247,247,15,15,32,32,32],"floor_reached":23,"playtime":737,"items_purged":["Strike_B"],"score":384,"play_id":"3dc23659-f6cb-4411-a7a7-c0d06a0b077f","local_time":"20210106180021","is_ascension_mode":true,"campfire_choices":[{"data":"Streamline","floor":6,"key":"SMITH"},{"data":"Fission","floor":11,"key":"SMITH"},{"data":"Coolheaded","floor":13,"key":"SMITH"},{"data":"Heatsinks","floor":15,"key":"SMITH"}],"circlet_count":0,"master_deck":["AscendersBane","Defend_B","Defend_B","Defend_B","Defend_B","Zap","Dualcast","Hyperbeam+1","Conserve Battery","Streamline+1","Reinforced Body","Coolheaded+1","Fission+1","Heatsinks+1","Core Surge","Cold Snap+1","Bite","Bite","Bite","Bite","Bite","Ball Lightning"],"relics":["Cracked Core","Odd Mushroom","Pantograph","Mummified Hand","Nuclear Battery","ClockworkSouvenir"],"acts_visited":["Exordium","TheCity"],"potions_floor_usage":[16,22],"damage_taken":[{"damage":1,"enemies":"Cultist","floor":1,"turns":3},{"damage":0,"enemies":"Small Slimes","floor":2,"turns":3},{"damage":0,"enemies":"2 Louse","floor":3,"turns":1},{"damage":35,"enemies":"Large Slime","floor":5,"turns":6},{"damage":0,"enemies":"Gremlin Gang","floor":7,"turns":1},{"damage":0,"enemies":"The Mushroom Lair","floor":8,"turns":2},{"damage":10,"enemies":"3 Sentries","floor":14,"turns":3},{"damage":53,"enemies":"Slime Boss","floor":16,"turns":10},{"damage":22,"enemies":"Shell Parasite","floor":18,"turns":6},{"damage":14,"enemies":"3 Byrds","floor":22,"turns":4},{"damage":21,"enemies":"Shelled Parasite and Fungi","floor":23,"turns":1}],"seed_played":"1728929658206396699","potions_obtained":[{"floor":3,"key":"SpeedPotion"},{"floor":7,"key":"FearPotion"},{"floor":14,"key":"Ancient Potion"},{"floor":16,"key":"SpeedPotion"},{"floor":18,"key":"AttackPotion"},{"floor":22,"key":"FocusPotion"}],"is_trial":false,"path_per_floor":["M","M","M","?","M","R","M","?","T","?","R","?","R","E","R","B",null,"M","?","$","?","M","M"],"character_chosen":"DEFECT","items_purchased":["ClockworkSouvenir"],"campfire_rested":0,"item_purchase_floors":[20],"current_hp_per_floor":[63,63,63,63,28,28,28,28,28,28,28,45,45,35,35,7,55,33,13,13,13,11,0,0],"gold":32,"neow_bonus":"THREE_RARE_CARDS","is_daily":false,"chose_seed":false,"campfire_upgraded":4,"win_rate":0.0,"timestamp":1609984821,"path_taken":["M","M","?","?","M","R","M","?","T","?","R","?","R","E","R","BOSS","M","?","$","?","M","M"],"items_purchased_type":["Relic"],"build_version":"2020-12-22","purchased_purges":1,"victory":false,"max_hp_per_floor":[71,71,71,71,71,71,71,71,71,71,71,71,71,71,71,71,71,71,76,76,53,53,53,53],"relic_stats":{"counters":[11,40],"Mummified Hand":[2],"Pantograph":25,"obtain_stats":[{"Mummified Hand":14,"Pantograph":9,"Odd Mushroom":8,"Cracked Core":0,"Nuclear Battery":17,"ClockworkSouvenir":20},{"Mummified Hand":7,"Pantograph":6,"Odd Mushroom":6,"Cracked Core":0,"Nuclear Battery":8,"ClockworkSouvenir":9},{"Mummified Hand":19,"Pantograph":16,"Odd Mushroom":16,"Cracked Core":0,"Nuclear Battery":29,"ClockworkSouvenir":35}]},"card_choices":[{"not_picked":["Fission","Multi-Cast"],"picked":"Hyperbeam","floor":0},{"not_picked":["Leap","Compile Driver"],"picked":"Conserve Battery","floor":1},{"not_picked":["Force Field","Cold Snap"],"picked":"Streamline","floor":2},{"not_picked":["Storm","Aggregate"],"picked":"Reinforced Body","floor":3},{"not_picked":["Recycle","Stack","Chaos"],"picked":"SKIP","floor":5},{"not_picked":["Doom and Gloom","Go for the Eyes"],"picked":"Coolheaded","floor":7},{"not_picked":["Cold Snap","Go for the Eyes"],"picked":"Fission","floor":8},{"not_picked":["Reinforced Body","Sweeping Beam"],"picked":"Heatsinks","floor":14},{"not_picked":["Buffer","Seek"],"picked":"Core Surge","floor":16},{"not_picked":["Barrage","Doom and Gloom"],"picked":"Cold Snap+1","floor":18},{"not_picked":["Sweeping Beam","Genetic Algorithm"],"picked":"Ball Lightning","floor":22}],"player_experience":1048260,"relics_obtained":[{"floor":8,"key":"Odd Mushroom"},{"floor":9,"key":"Pantograph"},{"floor":14,"key":"Mummified Hand"}],"event_choices":[{"damage_healed":0,"gold_gain":0,"player_choice":"Grow","damage_taken":0,"max_hp_gain":0,"max_hp_loss":0,"event_name":"Living Wall","floor":4,"gold_loss":0,"cards_upgraded":["Hyperbeam"]},{"damage_healed":0,"gold_gain":0,"player_choice":"Fought Mushrooms","damage_taken":0,"max_hp_gain":0,"max_hp_loss":0,"event_name":"Mushrooms","floor":8,"gold_loss":0},{"damage_healed":0,"gold_gain":57,"player_choice":"Gained Gold","damage_taken":0,"max_hp_gain":0,"max_hp_loss":0,"event_name":"Golden Wing","floor":10,"gold_loss":0},{"damage_healed":17,"gold_gain":0,"player_choice":"Healed","damage_taken":0,"max_hp_gain":0,"max_hp_loss":0,"event_name":"The Cleric","floor":12,"gold_loss":35},{"damage_healed":0,"gold_gain":0,"player_choice":"Shed Blood","damage_taken":25,"max_hp_gain":5,"max_hp_loss":0,"event_name":"Forgotten Altar","floor":19,"gold_loss":0},{"damage_healed":0,"gold_gain":0,"player_choice":"Became a vampire","damage_taken":0,"max_hp_gain":0,"max_hp_loss":23,"event_name":"Vampires","floor":21,"gold_loss":0,"cards_obtained":["Bite","Bite","Bite","Bite","Bite"]}],"is_beta":false,"boss_relics":[{"not_picked":["SacredBark","Coffee Dripper"],"picked":"Nuclear Battery"}],"items_purged_floors":[20],"is_endless":false,"potions_floor_spawned":[3,7,14,16,18,22],"killed_by":"Shelled Parasite and Fungi","ascension_level":18}}