{"host":"ig7tc0uedzltt2sr","time":1609990792,"event":{"mods":["BaseMod","Better Twitch Integration","Block Reminder","Colored Map","Colored Powertips","Communication Mod","Current Relic Mod","GifTheSpireLib","HexUI Lib","Minty Spire (QoL Compilation)","Quick Restart","Random Character Button","Rare Cards Sparkle","Relic Sorter","Relic Stats","Slay the Relics Exporter","StSLib","SuperFastMode","Synergy Search","Twitch Decklist","Twitch Utils","everything is the same but u backflip on backflip","slay the spire mod where everything is the same but ironclad has a cowboy hat"],"gold_per_floor":[117,192,208,218,294,311,323,323,350,350,350],"floor_reached":10,"playtime":81,"items_purged":[],"score":60,"play_id":"c8fad7d2-418a-43b8-b40d-3658dd161f9f","local_time":"20210106193952","is_ascension_mode":false,"campfire_choices":[],"circlet_count":0,"master_deck":["Strike_R","Strike_R","Strike_R","Strike_R","Strike_R","Defend_R","Defend_R","Defend_R","Defend_R","Bash","Infernal Blade","Rampage","Reckless Charge","Blood for Blood","Dropkick"],"relics":["Burning Blood","White Beast Statue","Potion Belt"],"acts_visited":["Exordium"],"potions_floor_usage":[],"damage_taken":[{"damage":3,"enemies":"Small Slimes","floor":1,"turns":8},{"damage":14,"enemies":"Jaw Worm","floor":3,"turns":9},{"damage":7,"enemies":"2 Louse","floor":4,"turns":6},{"damage":12,"enemies":"Looter","floor":6,"turns":4},{"damage":49,"enemies":"Lots of Slimes","floor":7,"turns":5},{"damage":31,"enemies":"Lagavulin","floor":10,"turns":5}],"seed_played":"-1394945848513563050","potions_obtained":[{"floor":6,"key":"SkillPotion"},{"floor":7,"key":"FearPotion"}],"is_trial":false,"path_per_floor":["M","?","M","M","T","M","M","?","T","E"],"character_chosen":"IRONCLAD","items_purchased":[],"campfire_rested":0,"item_purchase_floors":[],"current_hp_per_floor":[88,77,69,68,68,62,19,24,24,0,0],"gold":350,"neow_bonus":"TEN_PERCENT_HP_BONUS","is_daily":false,"chose_seed":false,"campfire_upgraded":0,"win_rate":0.0,"timestamp":1609990792,"path_taken":["M","?","M","M","?","M","M","?","T","E"],"items_purchased_type":[],"build_version":"2020-12-22","purchased_purges":0,"victory":false,"max_hp_per_floor":[88,88,88,88,88,88,88,93,93,93,93],"relic_stats":{"counters":[6,37],"obtain_stats":[{"Potion Belt":9,"Burning Blood":0,"White Beast Statue":5},{"Potion Belt":5,"Burning Blood":0,"White Beast Statue":3},{"Potion Belt":32,"Burning Blood":0,"White Beast Statue":23}],"Burning Blood":27},"card_choices":[{"not_picked":["Pommel Strike","Flex"],"picked":"Infernal Blade","floor":1},{"not_picked":["Hemokinesis","Dual Wield"],"picked":"Rampage","floor":3},{"not_picked":["Havoc","Whirlwind"],"picked":"Reckless Charge","floor":4},{"not_picked":["Twin Strike","Pommel Strike"],"picked":"Blood for Blood","floor":6},{"not_picked":["Rupture","Cleave"],"picked":"Dropkick","floor":7}],"player_experience":1443483,"relics_obtained":[{"floor":5,"key":"White Beast Statue"},{"floor":9,"key":"Potion Belt"}],"event_choices":[{"damage_healed":0,"gold_gain":75,"player_choice":"Gather Gold","damage_taken":11,"max_hp_gain":0,"max_hp_loss":0,"event_name":"World of Goop","floor":2,"gold_loss":0},{"damage_healed":0,"gold_gain":0,"player_choice":"Donut","damage_taken":0,"max_hp_gain":5,"max_hp_loss":0,"event_name":"Big Fish","floor":8,"gold_loss":0}],"is_beta":false,"boss_relics":[],"items_purged_floors":[],"is_endless":false,"potions_floor_spawned":[6,7],"killed_by":"Lagavulin","ascension_level":0}}