{"host":"ig7tc0uedzltt2sr","time":1609980249,"event":{"mods":["BaseMod","Better Twitch Integration","Block Reminder","Colored Map","Colored Powertips","Communication Mod","Current Relic Mod","GifTheSpireLib","HexUI Lib","Minty Spire (QoL Compilation)","Quick Restart","Random Character Button","Rare Cards Sparkle","Relic Sorter","Relic Stats","Slay the Relics Exporter","StSLib","SuperFastMode","Synergy Search","Twitch Decklist","Twitch Utils","everything is the same but u backflip on backflip","slay the spire mod where everything is the same but ironclad has a cowboy hat"],"gold_per_floor":[117,134,148,158,171,171,171,171],"floor_reached":7,"playtime":98,"items_purged":[],"score":45,"play_id":"1062982f-348d-4835-8638-95cabfbc4988","local_time":"20210106164409","is_ascension_mode":false,"campfire_choices":[{"floor":6,"key":"REST"}],"circlet_count":0,"master_deck":["Strike_R","Strike_R","Strike_R","Strike_R","Strike_R","Defend_R","Defend_R","Defend_R","Defend_R","Bash","Iron Wave","Shockwave","Rupture","Clash","Dark Embrace"],"relics":["Burning Blood"],"acts_visited":["Exordium"],"potions_floor_usage":[],"damage_taken":[{"damage":40,"enemies":"Cultist","floor":1,"turns":9},{"damage":8,"enemies":"2 Louse","floor":2,"turns":7},{"damage":7,"enemies":"Small Slimes","floor":3,"turns":6},{"damage":13,"enemies":"Blue Slaver","floor":4,"turns":6},{"damage":21,"enemies":"Exordium Thugs","floor":5,"turns":7},{"damage":62,"enemies":"Lagavulin","floor":7,"turns":9}],"seed_played":"-407126348068567365","potions_obtained":[{"floor":1,"key":"FearPotion"},{"floor":5,"key":"Fruit Juice"}],"is_trial":false,"path_per_floor":["M","M","M","M","M","R","E"],"character_chosen":"IRONCLAD","items_purchased":[],"campfire_rested":1,"item_purchase_floors":[],"current_hp_per_floor":[54,52,51,44,29,55,0,0],"gold":171,"neow_bonus":"TEN_PERCENT_HP_BONUS","is_daily":false,"chose_seed":false,"campfire_upgraded":0,"win_rate":0.0,"timestamp":1609980249,"path_taken":["M","M","M","M","M","R","E"],"items_purchased_type":[],"build_version":"2020-12-22","purchased_purges":0,"victory":false,"max_hp_per_floor":[88,88,88,88,88,88,93,93],"relic_stats":{"counters":[6,44],"obtain_stats":[{"Burning Blood":0},{"Burning Blood":0},{"Burning Blood":0}],"Burning Blood":30},"card_choices":[{"not_picked":["Metallicize","True Grit"],"picked":"Iron Wave","floor":1},{"not_picked":["Heavy Blade","Shrug It Off"],"picked":"Shockwave","floor":2},{"not_picked":["Disarm","Rage"],"picked":"Rupture","floor":3},{"not_picked":["Clothesline","Thunderclap"],"picked":"Clash","floor":4},{"not_picked":["Perfected Strike","Twin Strike"],"picked":"Dark Embrace","floor":5}],"player_experience":1433546,"relics_obtained":[],"event_choices":[],"is_beta":false,"boss_relics":[],"items_purged_floors":[],"is_endless":false,"potions_floor_spawned":[1,5],"killed_by":"Lagavulin","ascension_level":0}}