{"host":"ordk2y2ebcetabk6","time":1609983179,"event":{"mods":["BaseMod","Better Debug","Colored Map","Colored Powertips","Downfall","Highlight Path","Minty Spire (QoL Compilation)","Permanent Neow","Rare Cards Sparkle","StSLib"],"gold_per_floor":[99,111,111,124,10,10,10,10,27,38,38,58,58,78,89,194,194,194,214,230,245,260,260,260,291,291,46,80,86,86,98,116,214,214,214,226,226,253,267,317,342,361,161,87,87,105,105,120,135,135],"floor_reached":51,"playtime":3455,"items_purged":["Slimebound:Defend_Slimebound"],"score":833,"play_id":"9028770e-6826-4b6c-a9ce-723fe4a70fb4","local_time":"20210106183259","is_ascension_mode":false,"campfire_choices":[{"data":"Slimebound:Split","floor":1,"key":"SMITH"},{"data":"Slimebound:DivideAndConquer","floor":6,"key":"SMITH"},{"data":"Slimebound:CorrosiveSpit","floor":11,"key":"SMITH"},{"data":"Slimebound:GoopSpray","floor":13,"key":"SMITH"},{"data":"Slimebound:LeadByExample","floor":18,"key":"SMITH"},{"data":"Slimebound:MassRepurpose","floor":23,"key":"SMITH"},{"data":"expansioncontent:DashGenerateEvil","floor":30,"key":"SMITH"},{"floor":35,"key":"RECALL"},{"data":"Slimebound:AcidTongue","floor":43,"key":"SMITH"},{"floor":47,"key":"REST"}],"circlet_count":0,"master_deck":["Slimebound:Strike_Slimebound","Slimebound:Tackle","Slimebound:Defend_Slimebound","Slimebound:Defend_Slimebound+1","Slimebound:Defend_Slimebound+1","Slimebound:Split+1","Slimebound:CorrosiveSpit+1","Slimebound:DivideAndConquer+1","Slimebound:SplitAcid","Slimebound:GoopSpray+1","Slimebound:PressTheAttack","Slimebound:LeadByExample+1","Slimebound:Recycling","Slimebound:SamplingLick","Slimebound:MassRepurpose+1","Ghostly+1","Ghostly+1","Ghostly+1","Ghostly+1","Ghostly+1","Slimebound:RainOfGoop+1","Slimebound:AcidTongue+1","expansioncontent:DashGenerateEvil+1","Slimebound:SplitLeeching+1","Slimebound:Repurpose+1","Slimebound:Replication+1"],"relics":["Runic Pyramid","Ornamental Fan","Busted Crown","Bottled Flame","Toxic Egg 2","Calipers","hexamod:BolsterEngine","Velvet Choker","Lizard Tail","War Paint","downfall:HeartBlessingBlue","downfall:HeartBlessingRed"],"acts_visited":["Exordium","TheCity","TheBeyond"],"potions_floor_usage":[5,16,19,20,28,33,33,42,50,50,50],"damage_taken":[{"damage":9,"enemies":"Jaw Worm","floor":2,"turns":4},{"damage":0,"enemies":"2 Louse","floor":4,"turns":1},{"damage":9,"enemies":"downfall:FleeingMerchant","floor":5,"turns":4},{"damage":0,"enemies":"Cultist","floor":9,"turns":2},{"damage":1,"enemies":"2 Fungi Beasts","floor":10,"turns":3},{"damage":6,"enemies":"3 Louse","floor":12,"turns":2},{"damage":0,"enemies":"Large Slime","floor":14,"turns":3},{"damage":2,"enemies":"Blue Slaver","floor":15,"turns":3},{"damage":22,"enemies":"downfall:Watcher","floor":16,"turns":4},{"damage":5,"enemies":"Chosen","floor":19,"turns":2},{"damage":8,"enemies":"Spheric Guardian","floor":20,"turns":4},{"damage":0,"enemies":"Snake Plant","floor":21,"turns":2},{"damage":11,"enemies":"Shelled Parasite and Fungi","floor":22,"turns":3},{"damage":0,"enemies":"Gremlin Leader","floor":25,"turns":3},{"damage":1,"enemies":"downfall:FleeingMerchant","floor":27,"turns":4},{"damage":0,"enemies":"Slavers","floor":28,"turns":2},{"damage":5,"enemies":"downfall:FleeingMerchant","floor":29,"turns":4},{"damage":12,"enemies":"Chosen and Byrds","floor":31,"turns":5},{"damage":0,"enemies":"Snake Plant","floor":32,"turns":4},{"damage":8,"enemies":"ArchetypeAct2MushroomsNewAge","floor":33,"turns":6},{"damage":1,"enemies":"Orb Walker","floor":36,"turns":3},{"damage":2,"enemies":"3 Shapes","floor":39,"turns":1},{"damage":0,"enemies":"3 Shapes","floor":40,"turns":5},{"damage":3,"enemies":"3 Darklings","floor":42,"turns":6},{"damage":1,"enemies":"4 Shapes","floor":46,"turns":3},{"damage":0,"enemies":"Jaw Worm Horde","floor":48,"turns":3},{"damage":0,"enemies":"Transient","floor":49,"turns":5},{"damage":0,"enemies":"downfall:Defect","floor":50,"turns":7}],"seed_played":"-7366310701766246181","potions_obtained":[{"floor":2,"key":"EntropicBrew"},{"floor":9,"key":"PowerPotion"},{"floor":19,"key":"AttackPotion"},{"floor":20,"key":"SpeedPotion"},{"floor":25,"key":"EssenceOfSteel"},{"floor":28,"key":"Fruit Juice"},{"floor":32,"key":"champ:CounterPotion"},{"floor":33,"key":"EntropicBrew"},{"floor":40,"key":"EssenceOfSteel"},{"floor":46,"key":"Slimebound:SlimyTonguePotion"},{"floor":49,"key":"Dexterity Potion"}],"is_trial":false,"path_per_floor":["R","M","?","M","$","R","T","?","M","M","R","M","R","M","M","B",null,"R","M","M","M","M","R","T","E","?","$","E","$","R","M","M","B",null,"R","M","?","?","M","?","T","M","R","$","?","M","R","M","M","B",null],"character_chosen":"SLIMEBOUND","items_purchased":["Slimebound:GoopSpray","Slimebound:PressTheAttack","Slimebound:RainOfGoop+1","Slimebound:AcidTongue","expansioncontent:DashGenerateEvil","hexamod:BolsterEngine","Slimebound:Replication+1"],"campfire_rested":1,"item_purchase_floors":[5,5,27,27,29,29,44],"current_hp_per_floor":[65,56,56,56,47,47,47,47,47,46,46,40,40,40,38,31,65,65,60,52,52,41,41,41,41,32,31,36,31,31,19,19,26,37,37,36,36,36,34,34,34,31,41,41,41,40,47,47,47,47],"gold":135,"neow_bonus":"BOSS_RELIC","is_daily":false,"chose_seed":false,"campfire_upgraded":8,"win_rate":0.0,"timestamp":1609983179,"path_taken":["R","M","?","M","$","R","T","?","M","M","R","M","R","M","M","BOSS","R","M","M","?","M","R","T","E","?","$","E","$","R","M","M","BOSS","R","M","?","?","M","?","T","M","R","$","?","M","R","M","M","BOSS"],"items_purchased_type":["Card","Card","Card","Card","Card","Relic","Card"],"build_version":"2020-12-22","purchased_purges":1,"victory":true,"max_hp_per_floor":[65,65,65,65,65,65,65,65,65,65,65,65,65,65,65,65,65,65,65,65,65,65,65,65,65,32,32,37,37,37,37,37,37,37,37,37,37,37,37,37,37,37,47,47,47,47,47,47,47,47],"card_choices":[{"not_picked":["Slimebound:Replication","Slimebound:Schlurp"],"picked":"Slimebound:DivideAndConquer","floor":2},{"not_picked":["Slimebound:BestDefense","Slimebound:SpikyOuterGoop","Slimebound:FinishingTackle"],"picked":"SKIP","floor":4},{"not_picked":["Slimebound:SamplingLick","Slimebound:GrowthPunch"],"picked":"Slimebound:SplitAcid","floor":5},{"not_picked":["Slimebound:DivideAndConquer","Slimebound:SamplingLick"],"picked":"Slimebound:LeadByExample","floor":9},{"not_picked":["Slimebound:GoopTackle","Slimebound:Equalize"],"picked":"Slimebound:Recycling","floor":10},{"not_picked":["Slimebound:SlimeBarrage","Slimebound:LeechEnergy","Slimebound:RollThrough"],"picked":"SKIP","floor":12},{"not_picked":["Slimebound:LivingWall","Slimebound:SlimeTap"],"picked":"Slimebound:SamplingLick","floor":14},{"not_picked":["Slimebound:SplitAcid","Slimebound:HauntingLick","Slimebound:MassFeed"],"picked":"SKIP","floor":15},{"not_picked":["Slimebound:PrepareCrush","Slimebound:FirmFortitude"],"picked":"Slimebound:MassRepurpose","floor":16},{"not_picked":["Slimebound:SpikyOuterGoop"],"picked":"SKIP","floor":19},{"not_picked":["Slimebound:ItLooksTasty"],"picked":"SKIP","floor":20},{"not_picked":["Slimebound:ProtectTheBoss"],"picked":"SKIP","floor":21},{"not_picked":["Slimebound:FinishingTackle"],"picked":"SKIP","floor":22},{"not_picked":["Slimebound:FinishingTackle"],"picked":"SKIP","floor":22},{"not_picked":["Slimebound:LeechEnergy"],"picked":"SKIP","floor":25},{"not_picked":["Slimebound:SlimeTap+1"],"picked":"SKIP","floor":27},{"not_picked":["Slimebound:ComboTackle"],"picked":"SKIP","floor":28},{"not_picked":["Slimebound:FinishingTackle"],"picked":"SKIP","floor":29},{"not_picked":["Slimebound:Schlurp+1"],"picked":"SKIP","floor":31},{"not_picked":["Slimebound:FinishingTackle"],"picked":"SKIP","floor":32},{"not_picked":["Slimebound:Prepare+1"],"picked":"SKIP","floor":36},{"not_picked":[],"picked":"Slimebound:SplitLeeching+1","floor":39},{"not_picked":[],"picked":"Slimebound:Repurpose+1","floor":40},{"not_picked":["Slimebound:Schlurp+1"],"picked":"SKIP","floor":42},{"not_picked":["Slimebound:GrowthPunch"],"picked":"SKIP","floor":46},{"not_picked":["Slimebound:SlimeBarrage"],"picked":"SKIP","floor":48},{"not_picked":["Slimebound:SplitBruiser+1"],"picked":"SKIP","floor":49}],"player_experience":987237,"relics_obtained":[{"floor":7,"key":"Ornamental Fan"},{"floor":24,"key":"Bottled Flame"},{"floor":25,"key":"Toxic Egg 2"},{"floor":28,"key":"Calipers"},{"floor":40,"key":"Lizard Tail"},{"floor":41,"key":"War Paint"}],"event_choices":[{"damage_healed":0,"gold_gain":0,"player_choice":"Became a Ghost","damage_taken":0,"max_hp_gain":0,"max_hp_loss":33,"event_name":"Ghosts","floor":26,"gold_loss":0,"cards_obtained":["Ghostly","Ghostly","Ghostly","Ghostly","Ghostly"]},{"damage_healed":0,"gold_gain":0,"player_choice":"Ignored","damage_taken":0,"max_hp_gain":0,"max_hp_loss":0,"event_name":"Mysterious Sphere","floor":37,"gold_loss":0}],"is_beta":false,"boss_relics":[{"not_picked":["Runic Dome","Slimebound:TarBlob"],"picked":"Busted Crown"},{"not_picked":["SlaversCollar","Black Star"],"picked":"Velvet Choker"}],"items_purged_floors":[27],"is_endless":false,"potions_floor_spawned":[2,9,12,14,19,20,25,28,32,33,40,46,48,49],"ascension_level":0}}