{"host":"jgqxb38yl0c1w101","time":1609991265,"event":{"mods":["BaseMod","Colored Map","Downfall","Minty Spire (QoL Compilation)","StSLib"],"gold_per_floor":[99,110,125,136,152,152,178,201,220,264,164,186,186,224,248,248,248,248],"floor_reached":16,"playtime":974,"items_purged":[],"score":139,"play_id":"0c98668e-40d1-4e71-8704-393689e38f90","local_time":"20210106224745","is_ascension_mode":true,"campfire_choices":[{"data":"champ:EnchantCrown","floor":1,"key":"SMITH"},{"floor":11,"key":"REST"},{"data":"champ:Taunt","floor":13,"key":"SMITH"}],"circlet_count":0,"master_deck":["champ:Strike+1","champ:Strike","champ:Strike","champ:Strike","champ:Defend+1","champ:Defend","champ:Defend","champ:Defend","champ:Execute+1","champ:Taunt+1","champ:EnchantCrown+1","champ:CrookedStrike","champ:AdrenalArmor","champ:DeathBlow","champ:GladiatorStyle","downfall:Malfunctioning","champ:RapidStrikes","champ:RecklessLeap","champ:AdrenalArmor","champ:GutPunch","champ:ViciousMockery","champ:CalledShot"],"relics":["champ:ChampionCrown","CeramicFish","champ:DefensiveTrainingManual","downfall:HeartBlessingGreen","Omamori"],"acts_visited":["Exordium"],"potions_floor_usage":[10,14],"damage_taken":[{"damage":5,"enemies":"Small Slimes","floor":2,"turns":4},{"damage":2,"enemies":"Jaw Worm","floor":3,"turns":3},{"damage":8,"enemies":"Cultist","floor":4,"turns":4},{"damage":36,"enemies":"Gremlin Gang","floor":5,"turns":4},{"damage":30,"enemies":"Exordium Thugs","floor":8,"turns":4},{"damage":19,"enemies":"Large Slime","floor":9,"turns":5},{"damage":57,"enemies":"Lagavulin","floor":10,"turns":9},{"damage":29,"enemies":"Blue Slaver","floor":12,"turns":4},{"damage":52,"enemies":"Gremlin Nob","floor":14,"turns":4},{"damage":20,"enemies":"Red Slaver","floor":15,"turns":4},{"damage":11,"enemies":"downfall:Watcher","floor":16,"turns":2}],"seed_played":"6275481709311383204","potions_obtained":[{"floor":5,"key":"hexamod:SoulburnPotion"},{"floor":8,"key":"SpeedPotion"},{"floor":12,"key":"ColorlessPotion"},{"floor":15,"key":"LiquidBronze"}],"is_trial":false,"path_per_floor":["R","M","M","M","M","?","T","M","M","E","R","M","R","E","M","B"],"character_chosen":"THE_CHAMP","items_purchased":[],"campfire_rested":1,"item_purchase_floors":[],"current_hp_per_floor":[90,90,88,85,64,64,64,49,49,20,47,40,40,14,6,0,0,0],"gold":248,"neow_bonus":"ONE_RANDOM_RARE_CARD","is_daily":false,"chose_seed":false,"campfire_upgraded":2,"win_rate":0.0,"timestamp":1609991265,"path_taken":["R","M","M","M","M","?","T","M","M","E","R","M","R","E","M","BOSS"],"items_purchased_type":[],"build_version":"2020-12-22","purchased_purges":0,"victory":false,"max_hp_per_floor":[90,90,90,90,90,90,90,90,90,90,90,90,90,90,90,90,90,90],"card_choices":[{"not_picked":["champ:EnGarde","champ:IronFortress"],"picked":"champ:CrookedStrike","floor":2},{"not_picked":["champ:DefensiveStyle","champ:EnGarde"],"picked":"champ:AdrenalArmor","floor":3},{"not_picked":["champ:DefensiveShout","champ:TornadoPunch"],"picked":"champ:DeathBlow","floor":4},{"not_picked":["champ:BladeFlurry","champ:AdrenalArmor"],"picked":"champ:GladiatorStyle","floor":5},{"not_picked":["champ:Backstep","champ:CrownThrow"],"picked":"champ:RapidStrikes","floor":8},{"not_picked":["champ:Parry","champ:Endure"],"picked":"champ:RecklessLeap","floor":9},{"not_picked":["champ:Lariat","champ:FalseCounter"],"picked":"champ:AdrenalArmor","floor":10},{"not_picked":["champ:BladeFlurry","champ:GladiatorForm"],"picked":"champ:GutPunch","floor":12},{"not_picked":["champ:Duel","champ:Devastate"],"picked":"champ:ViciousMockery","floor":14},{"not_picked":["champ:PreciseThrust","champ:Duel"],"picked":"champ:CalledShot","floor":15}],"player_experience":149122,"relics_obtained":[{"floor":7,"key":"CeramicFish"},{"floor":10,"key":"champ:DefensiveTrainingManual"},{"floor":14,"key":"Omamori"}],"event_choices":[],"is_beta":false,"boss_relics":[],"items_purged_floors":[],"is_endless":false,"potions_floor_spawned":[5,8,12,15],"killed_by":"downfall:Watcher","ascension_level":4}}