{"host":"3ek78t4i81ecmdy1","time":1609986792,"event":{"mods":["2.2 Compatiblity","AchievementEnabler","BaseMod","Colored Map","DeckTracker","Filter the Spire","Keyboard Shortcuts","Minty Spire (QoL Compilation)","Permanent Neow","Quick Restart","SuperFastMode","everything is the same but u backflip on backflip"],"gold_per_floor":[367,15,30,46,65,65,65,140,140,167,180,212,212,231,231,327,327,345,39,39,52,52,77,176,176,203,128,147,147,147,159,159,159,159],"floor_reached":33,"playtime":1183,"items_purged":["Strike_G"],"score":265,"play_id":"c99b7a33-4d49-4802-927c-8b3197ec7799","local_time":"20210107113312","is_ascension_mode":false,"campfire_choices":[{"data":"Terror","floor":6,"key":"SMITH"},{"data":"Cloak And Dagger","floor":13,"key":"SMITH"},{"data":"Envenom","floor":15,"key":"SMITH"},{"data":"Adrenaline","floor":29,"key":"SMITH"},{"data":"Catalyst","floor":32,"key":"SMITH"}],"circlet_count":0,"master_deck":["Strike_G","Strike_G","Defend_G","Defend_G","Defend_G","Survivor","Neutralize","Poisoned Stab","Swift Strike","Crippling Poison","Terror+1","Catalyst+1","Backstab","Noxious Fumes","Cloak And Dagger+1","Envenom+1","A Thousand Cuts","Footwork","Calculated Gamble","Deadly Poison","Adrenaline+1","All Out Attack","Reflex","Bouncing Flask","Cloak And Dagger+1","Slice"],"relics":["Ring of the Snake","Ninja Scroll","Eternal Feather","Pear","Odd Mushroom","Anchor","HoveringKite","Snake Skull","HornCleat","Enchiridion","Blood Vial"],"acts_visited":["Exordium","TheCity"],"potions_floor_usage":[10,16,18,31,33,33],"damage_taken":[{"damage":0,"enemies":"Cultist","floor":1,"turns":4},{"damage":0,"enemies":"Jaw Worm","floor":3,"turns":3},{"damage":0,"enemies":"Small Slimes","floor":4,"turns":1},{"damage":0,"enemies":"3 Louse","floor":5,"turns":2},{"damage":0,"enemies":"The Mushroom Lair","floor":10,"turns":3},{"damage":0,"enemies":"Looter","floor":11,"turns":2},{"damage":16,"enemies":"Lagavulin","floor":12,"turns":5},{"damage":0,"enemies":"2 Fungi Beasts","floor":14,"turns":2},{"damage":21,"enemies":"Slime Boss","floor":16,"turns":9},{"damage":2,"enemies":"2 Thieves","floor":18,"turns":3},{"damage":0,"enemies":"Chosen","floor":21,"turns":4},{"damage":27,"enemies":"Gremlin Leader","floor":23,"turns":7},{"damage":0,"enemies":"Snecko","floor":28,"turns":3},{"damage":22,"enemies":"Sentry and Sphere","floor":31,"turns":6},{"damage":57,"enemies":"Automaton","floor":33,"turns":6}],"seed_played":"-3650952305064323783","potions_obtained":[{"floor":5,"key":"Energy Potion"},{"floor":10,"key":"CunningPotion"},{"floor":14,"key":"Energy Potion"},{"floor":16,"key":"DuplicationPotion"},{"floor":18,"key":"GamblersBrew"},{"floor":31,"key":"BlessingOfTheForge"}],"is_trial":false,"path_per_floor":["M","$","M","M","M","R","?","?","T","?","M","E","R","M","R","B",null,"M","$","?","M","$","E","?","?","T","?","M","R","?","M","R","B"],"character_chosen":"THE_SILENT","items_purchased":["Ninja Scroll","Swift Strike","Snake Skull","Calculated Gamble","Deadly Poison"],"campfire_rested":0,"item_purchase_floors":[2,2,19,19,19],"current_hp_per_floor":[63,63,63,63,63,63,51,40,50,50,50,34,46,46,58,37,73,71,71,71,71,71,44,44,28,28,28,30,45,45,25,40,0,0],"gold":159,"neow_bonus":"TWO_FIFTY_GOLD","is_daily":false,"chose_seed":false,"campfire_upgraded":5,"win_rate":0.0,"timestamp":1609986792,"path_taken":["M","$","M","?","M","R","?","?","T","?","M","E","R","M","R","BOSS","M","$","?","M","$","E","?","?","T","?","?","R","?","M","R","BOSS"],"items_purchased_type":["Relic","Card","Relic","Card","Card"],"build_version":"2020-12-22","purchased_purges":1,"victory":false,"max_hp_per_floor":[63,63,63,63,63,63,63,63,73,73,73,73,73,73,73,73,73,73,73,73,73,73,73,73,73,73,73,73,73,73,73,73,73,73],"card_choices":[{"not_picked":["Bane","All Out Attack"],"picked":"Poisoned Stab","floor":1},{"not_picked":["Underhanded Strike","Choke"],"picked":"Crippling Poison","floor":3},{"not_picked":["Poisoned Stab","Sucker Punch"],"picked":"Terror","floor":4},{"not_picked":["Acrobatics","Underhanded Strike"],"picked":"Catalyst","floor":5},{"not_picked":["Flying Knee","Poisoned Stab"],"picked":"Backstab","floor":10},{"not_picked":["Deadly Poison","Cloak And Dagger"],"picked":"Noxious Fumes","floor":11},{"not_picked":["Dodge and Roll","Outmaneuver"],"picked":"Cloak And Dagger","floor":12},{"not_picked":["Prepared","Acrobatics"],"picked":"Envenom","floor":14},{"not_picked":["Night Terror","Unload"],"picked":"A Thousand Cuts","floor":16},{"not_picked":["Bane","Deadly Poison"],"picked":"Footwork","floor":18},{"not_picked":["Backstab","Blur+1"],"picked":"Reflex","floor":21},{"not_picked":["Cloak And Dagger","Acrobatics+1"],"picked":"Bouncing Flask","floor":23},{"not_picked":["Bane","Expertise+1"],"picked":"Cloak And Dagger+1","floor":28},{"not_picked":["Dagger Spray","Caltrops"],"picked":"Slice","floor":31}],"player_experience":51788,"relics_obtained":[{"floor":9,"key":"Pear"},{"floor":10,"key":"Odd Mushroom"},{"floor":12,"key":"Anchor"},{"floor":23,"key":"HornCleat"},{"floor":25,"key":"Enchiridion"},{"floor":26,"key":"Blood Vial"}],"event_choices":[{"damage_healed":0,"gold_gain":0,"player_choice":"Success","damage_taken":12,"relics_obtained":["Eternal Feather"],"max_hp_gain":0,"max_hp_loss":0,"event_name":"Scrap Ooze","floor":7,"gold_loss":0},{"damage_healed":0,"gold_gain":75,"player_choice":"Gather Gold","damage_taken":11,"max_hp_gain":0,"max_hp_loss":0,"event_name":"World of Goop","floor":8,"gold_loss":0},{"damage_healed":0,"gold_gain":0,"player_choice":"Fought Mushrooms","damage_taken":0,"max_hp_gain":0,"max_hp_loss":0,"event_name":"Mushrooms","floor":10,"gold_loss":0},{"damage_healed":0,"gold_gain":0,"cards_transformed":["Defend_G","Strike_G"],"player_choice":"Became Test Subject","damage_taken":0,"max_hp_gain":0,"max_hp_loss":0,"event_name":"Drug Dealer","floor":20,"gold_loss":0,"cards_obtained":["Adrenaline","All Out Attack"]},{"damage_healed":0,"gold_gain":99,"player_choice":"Stole From Cult","damage_taken":0,"max_hp_gain":0,"max_hp_loss":0,"event_name":"Nest","floor":24,"gold_loss":0},{"damage_healed":0,"gold_gain":0,"player_choice":"Obtained Book","damage_taken":16,"max_hp_gain":0,"max_hp_loss":0,"event_name":"Cursed Tome","floor":25,"gold_loss":0},{"cards_removed":["Defend_G"],"damage_healed":0,"gold_gain":0,"player_choice":"Gave Gold","damage_taken":0,"max_hp_gain":0,"max_hp_loss":0,"event_name":"Beggar","floor":27,"gold_loss":75},{"cards_removed":["Strike_G"],"damage_healed":0,"gold_gain":0,"player_choice":"Purged","damage_taken":0,"max_hp_gain":0,"max_hp_loss":0,"event_name":"Purifier","floor":30,"gold_loss":0}],"is_beta":false,"boss_relics":[{"not_picked":["Pandora\u0027s Box","Fusion Hammer"],"picked":"HoveringKite"}],"items_purged_floors":[19],"is_endless":false,"potions_floor_spawned":[5,10,14,16,18,31],"killed_by":"Automaton","ascension_level":0}}