{"host":"qa029bqsloh3rj2z","time":1609984888,"event":{"mods":["AchievementEnabler","BaseMod","Colored Powertips","DeckTracker","Minty Spire (QoL Compilation)"],"gold_per_floor":[17,17,17,33,33,45,57,101,181,211,223,235,235],"floor_reached":12,"playtime":515,"items_purged":[],"score":76,"play_id":"72c649f8-d144-4466-93a9-1766b76126fe","local_time":"20210106210128","is_ascension_mode":false,"campfire_choices":[{"data":"Bash","floor":6,"key":"SMITH"}],"circlet_count":0,"master_deck":["Strike_R","Strike_R","Strike_R","Strike_R","Defend_R","Defend_R","Defend_R","Defend_R","Bash+1","Limit Break","Clash","Shrug It Off"],"relics":["Burning Blood","MawBank","Ginger","Bottled Lightning"],"acts_visited":["Exordium"],"potions_floor_usage":[],"damage_taken":[{"damage":5,"enemies":"Cultist","floor":1,"turns":4},{"damage":7,"enemies":"Small Slimes","floor":4,"turns":6},{"damage":65,"enemies":"3 Sentries","floor":8,"turns":12},{"damage":13,"enemies":"2 Louse","floor":10,"turns":3},{"damage":39,"enemies":"Gremlin Nob","floor":12,"turns":4}],"seed_played":"6098477855524561210","potions_obtained":[{"floor":4,"key":"SteroidPotion"},{"floor":10,"key":"Dexterity Potion"}],"is_trial":false,"path_per_floor":["M","$","?","M","?","R","$","E","T","M","?","E"],"character_chosen":"IRONCLAD","items_purchased":[],"campfire_rested":0,"item_purchase_floors":[],"current_hp_per_floor":[80,80,80,79,79,79,79,20,20,13,13,0,0],"gold":235,"neow_bonus":"THREE_RARE_CARDS","is_daily":false,"chose_seed":false,"campfire_upgraded":1,"win_rate":0.0,"timestamp":1609984888,"path_taken":["M","?","?","M","?","R","$","E","T","?","?","E"],"items_purchased_type":[],"build_version":"2020-12-22","purchased_purges":0,"victory":false,"max_hp_per_floor":[80,80,80,80,80,80,80,80,80,80,80,80,80],"card_choices":[{"not_picked":["Juggernaut","Demon Form"],"picked":"Limit Break","floor":0},{"not_picked":["Iron Wave","Heavy Blade","Disarm"],"picked":"SKIP","floor":1},{"not_picked":["Body Slam","Heavy Blade"],"picked":"Clash","floor":4},{"not_picked":["Hemokinesis","Heavy Blade","Body Slam"],"picked":"SKIP","floor":8},{"not_picked":["Bloodletting","Juggernaut"],"picked":"Shrug It Off","floor":10}],"player_experience":23890,"relics_obtained":[{"floor":8,"key":"Ginger"},{"floor":9,"key":"Bottled Lightning"}],"event_choices":[{"cards_removed":["Strike_R"],"damage_healed":0,"gold_gain":0,"player_choice":"Forget","damage_taken":0,"max_hp_gain":0,"max_hp_loss":0,"event_name":"Living Wall","floor":3,"gold_loss":0},{"damage_healed":0,"gold_gain":0,"player_choice":"Gave Potion","damage_taken":0,"relics_obtained":["MawBank"],"max_hp_gain":0,"max_hp_loss":0,"event_name":"WeMeetAgain","floor":5,"gold_loss":0},{"damage_healed":0,"gold_gain":0,"player_choice":"Bought 0 Potions","damage_taken":0,"max_hp_gain":0,"max_hp_loss":0,"event_name":"The Woman in Blue","floor":11,"gold_loss":0}],"is_beta":false,"boss_relics":[],"items_purged_floors":[],"is_endless":false,"potions_floor_spawned":[4,10],"killed_by":"Gremlin Nob","ascension_level":0}}