{"host":"wg33yb1rgt3nbe17","time":1609978740,"event":{"mods":["AchievementEnabler","BaseMod","Colored Map","Minty Spire (QoL Compilation)","Permanent Neow","Relic Stats","StSLib"],"gold_per_floor":[111,111,111,111,123,123,34,60,133,148,212,226,19,19,19,98,98,98,98],"floor_reached":18,"playtime":2999,"items_purged":[],"score":300,"play_id":"e3d41d64-c59d-43de-8f85-f95e01d7d811","local_time":"20210106191900","is_ascension_mode":true,"campfire_choices":[{"data":"Pommel Strike","floor":6,"key":"SMITH"},{"data":"Mayhem","floor":15,"key":"SMITH"}],"circlet_count":0,"master_deck":["AscendersBane","Strike_R","Strike_R+1","Defend_R","Defend_R","Defend_R","Defend_R","Bash+1","Doubt","Pommel Strike+1","Rampage+1","Offering","Sever Soul+1","Inflame","Evolve","Mayhem+1","Parasite","Reaper+1","Warcry+1","Dark Embrace+1","Rampage+1"],"relics":["Burning Blood","Magic Flower","Molten Egg 2","Pocketwatch","Mummified Hand","Astrolabe"],"acts_visited":["Exordium","TheCity"],"potions_floor_usage":[12],"damage_taken":[{"damage":19,"enemies":"Jaw Worm","floor":1,"turns":4},{"damage":10,"enemies":"Small Slimes","floor":5,"turns":3},{"damage":19,"enemies":"Gremlin Nob","floor":8,"turns":3},{"damage":6,"enemies":"Cultist","floor":10,"turns":2},{"damage":9,"enemies":"Looter","floor":12,"turns":2},{"damage":29,"enemies":"Slime Boss","floor":16,"turns":6},{"damage":87,"enemies":"3 Byrds","floor":18,"turns":4}],"seed_played":"-6403798691475671793","potions_obtained":[{"floor":8,"key":"AttackPotion"},{"floor":10,"key":"SpeedPotion"}],"is_trial":false,"path_per_floor":["M","?","?","?","M","R","$","E","T","M","?","M","$","?","R","B",null,"M"],"character_chosen":"IRONCLAD","items_purchased":["Offering","Mayhem"],"campfire_rested":0,"item_purchase_floors":[7,13],"current_hp_per_floor":[58,63,39,39,38,38,38,28,28,31,31,31,31,51,51,31,68,0,0],"gold":98,"neow_bonus":"ONE_RARE_RELIC","is_daily":false,"chose_seed":false,"campfire_upgraded":2,"win_rate":0.0,"timestamp":1609978740,"path_taken":["M","?","?","?","?","R","$","E","T","M","?","M","?","?","R","BOSS","M"],"items_purchased_type":["Card","Card"],"build_version":"2020-12-22","purchased_purges":0,"victory":false,"max_hp_per_floor":[75,80,80,80,80,80,80,80,80,80,80,80,80,80,80,80,80,80,80],"relic_stats":{"counters":[7,24],"Mummified Hand":[6],"Astrolabe":["Warcry","Dark Embrace","Rampage"],"Magic Flower":[21],"obtain_stats":[{"Mummified Hand":9,"Astrolabe":17,"Magic Flower":0,"Molten Egg 2":4,"Burning Blood":0,"Pocketwatch":8},{"Mummified Hand":3,"Astrolabe":6,"Magic Flower":0,"Molten Egg 2":1,"Burning Blood":0,"Pocketwatch":3},{"Mummified Hand":10,"Astrolabe":20,"Magic Flower":0,"Molten Egg 2":4,"Burning Blood":0,"Pocketwatch":10}],"Burning Blood":54,"Pocketwatch":[9]},"card_choices":[{"not_picked":["Twin Strike","Iron Wave"],"picked":"Pommel Strike","floor":1},{"not_picked":["Bloodletting","Power Through"],"picked":"Rampage+1","floor":5},{"not_picked":["Exhume","Dark Embrace"],"picked":"Sever Soul+1","floor":8},{"not_picked":["Burning Pact","Infernal Blade"],"picked":"Inflame","floor":10},{"not_picked":["Clash+1","Flex"],"picked":"Evolve","floor":12},{"not_picked":["Brutality","Juggernaut"],"picked":"Reaper+1","floor":16}],"player_experience":551938,"relics_obtained":[{"floor":4,"key":"Molten Egg 2"},{"floor":8,"key":"Pocketwatch"},{"floor":9,"key":"Mummified Hand"}],"event_choices":[{"damage_healed":0,"gold_gain":0,"player_choice":"Donut","damage_taken":0,"max_hp_gain":5,"max_hp_loss":0,"event_name":"Big Fish","floor":2,"gold_loss":0},{"damage_healed":0,"gold_gain":0,"player_choice":"Entered Light","damage_taken":24,"max_hp_gain":0,"max_hp_loss":0,"event_name":"Shining Light","floor":3,"gold_loss":0,"cards_upgraded":["Strike_R","Bash"]},{"damage_healed":0,"gold_gain":0,"player_choice":"Relic","damage_taken":0,"max_hp_gain":0,"max_hp_loss":0,"event_name":"Wheel of Change","floor":4,"gold_loss":0},{"damage_healed":0,"gold_gain":64,"player_choice":"Gained Gold","damage_taken":0,"max_hp_gain":0,"max_hp_loss":0,"event_name":"Golden Wing","floor":11,"gold_loss":0},{"damage_healed":20,"gold_gain":0,"player_choice":"Healed and dodged fight","damage_taken":0,"max_hp_gain":0,"max_hp_loss":0,"event_name":"Mushrooms","floor":14,"gold_loss":0,"cards_obtained":["Parasite"]}],"is_beta":false,"boss_relics":[{"not_picked":["SlaversCollar","SacredBark"],"picked":"Astrolabe"}],"items_purged_floors":[],"is_endless":false,"potions_floor_spawned":[8,10],"killed_by":"3 Byrds","ascension_level":18}}