{"host":"9tch52zpouts7b2p","time":1609995316,"event":{"mods":["BaseMod","Colored Map","Minty Spire (QoL Compilation)","StSLib","UnlockEverythingMod"],"gold_per_floor":[113,113,113,31,51,51,78,78,159,179,179,190,190,201,201,300,300,319,336,347,367,367,400,400,412,412,412,412,511,511,524,524,524,524],"floor_reached":33,"playtime":1546,"items_purged":[],"score":280,"play_id":"fb0a312f-5f1d-4a5a-b288-4cc1360a6945","local_time":"20210107125516","is_ascension_mode":true,"campfire_choices":[{"data":"Armaments","floor":6.0,"key":"SMITH"},{"data":"Metallicize","floor":8.0,"key":"SMITH"},{"data":"Body Slam","floor":11.0,"key":"SMITH"},{"data":"Power Through","floor":15.0,"key":"SMITH"},{"data":"Limit Break","floor":24.0,"key":"SMITH"},{"floor":27,"key":"DIG"},{"floor":32,"key":"DIG"}],"circlet_count":0,"master_deck":["Strike_R","Strike_R","Strike_R","Defend_R","Defend_R","Defend_R","Defend_R","Bash","Doubt","Headbutt","Power Through","Cleave","Metallicize+1","Armaments+1","Inflame","Shrug It Off","Body Slam+1","Power Through+1","Spot Weakness","Limit Break+1","Shrug It Off+1","Bludgeon","Flame Barrier","Inflame+1","Pommel Strike","Parasite","Dual Wield+1"],"relics":["Burning Blood","Smiling Mask","Bronze Scales","Meat on the Bone","Bottled Flame","Cursed Key","Shovel","Self Forming Clay","Toxic Egg 2","Enchiridion","CaptainsWheel","InkBottle"],"acts_visited":["Exordium","TheCity"],"potions_floor_usage":[],"damage_taken":[{"damage":12.0,"enemies":"Small Slimes","floor":1.0,"turns":5.0},{"damage":0.0,"enemies":"2 Louse","floor":5.0,"turns":4.0},{"damage":17.0,"enemies":"3 Sentries","floor":7.0,"turns":9.0},{"damage":0.0,"enemies":"Jaw Worm","floor":10.0,"turns":4.0},{"damage":10.0,"enemies":"Gremlin Gang","floor":12.0,"turns":3.0},{"damage":0.0,"enemies":"Lots of Slimes","floor":14.0,"turns":4.0},{"damage":33.0,"enemies":"The Guardian","floor":16.0,"turns":12.0},{"damage":20.0,"enemies":"Spheric Guardian","floor":18.0,"turns":7.0},{"damage":0.0,"enemies":"Chosen","floor":19.0,"turns":5.0},{"damage":0.0,"enemies":"Snecko","floor":20.0,"turns":6.0},{"damage":0.0,"enemies":"Chosen and Byrds","floor":21.0,"turns":3.0},{"damage":17.0,"enemies":"Book of Stabbing","floor":23.0,"turns":5.0},{"damage":0.0,"enemies":"Snake Plant","floor":25.0,"turns":4.0},{"damage":0,"enemies":"Shelled Parasite and Fungi","floor":31,"turns":4},{"damage":82,"enemies":"Automaton","floor":33,"turns":12}],"seed_played":"4374320233773071447","potions_obtained":[{"floor":1.0,"key":"EntropicBrew"},{"floor":12.0,"key":"Ancient Potion"},{"floor":20.0,"key":"Energy Potion"},{"floor":23.0,"key":"Ancient Potion"},{"floor":25.0,"key":"DuplicationPotion"}],"is_trial":false,"path_per_floor":["M","?","?","$","M","R","E","R","T","M","R","M","T","M","R","B",null,"M","M","M","M","?","E","R","M","T","R","?","?","?","M","R","B"],"character_chosen":"IRONCLAD","items_purchased":["Metallicize","Armaments"],"campfire_rested":0,"item_purchase_floors":[4,4],"current_hp_per_floor":[74,71,76,76,82,82,71,71,71,77,77,73,73,79,79,52,85,71,77,83,85,85,74,74,80,80,80,64,64,64,70,70,0,0],"gold":524,"neow_bonus":"TRANSFORM_TWO_CARDS","is_daily":false,"chose_seed":false,"campfire_upgraded":5,"win_rate":0.0,"timestamp":1609995316,"path_taken":["M","?","?","$","M","R","E","R","T","M","R","M","?","M","R","BOSS","M","M","?","?","?","E","R","M","T","R","?","?","?","M","R","BOSS"],"items_purchased_type":["Card","Card"],"build_version":"2020-12-22","purchased_purges":0,"victory":false,"max_hp_per_floor":[80,80,85,85,85,85,85,85,85,85,85,85,85,85,85,85,85,85,85,85,85,85,85,85,85,85,85,85,85,85,85,85,85,85],"card_choices":[{"not_picked":["Havoc","Twin Strike"],"picked":"Cleave","floor":1.0},{"not_picked":["True Grit","Heavy Blade"],"picked":"Inflame","floor":5.0},{"not_picked":["Iron Wave","Twin Strike"],"picked":"Shrug It Off","floor":7.0},{"not_picked":["Combust","Warcry"],"picked":"Body Slam","floor":10.0},{"not_picked":["Warcry","True Grit"],"picked":"Power Through","floor":12.0},{"not_picked":["Perfected Strike","Thunderclap"],"picked":"Spot Weakness","floor":14.0},{"not_picked":["Fiend Fire","Immolate"],"picked":"Limit Break","floor":16.0},{"not_picked":["Havoc","Sword Boomerang","Clothesline+1"],"picked":"SKIP","floor":18.0},{"not_picked":["Armaments","Havoc"],"picked":"Shrug It Off+1","floor":19.0},{"not_picked":["Twin Strike","Battle Trance+1"],"picked":"Flex+1","floor":20.0},{"not_picked":["Sword Boomerang","Uppercut"],"picked":"Bludgeon","floor":21.0},{"not_picked":["Rampage","Sword Boomerang"],"picked":"Inflame+1","floor":23.0},{"not_picked":["Perfected Strike","Headbutt"],"picked":"Pommel Strike","floor":25.0},{"not_picked":["Headbutt+1","Warcry+1"],"picked":"Dual Wield+1","floor":31}],"player_experience":138129,"relics_obtained":[{"floor":7.0,"key":"Bronze Scales"},{"floor":9.0,"key":"Meat on the Bone"},{"floor":13.0,"key":"Bottled Flame"},{"floor":23.0,"key":"Shovel"},{"floor":26.0,"key":"Self Forming Clay"},{"floor":27,"key":"Toxic Egg 2"},{"floor":28,"key":"Enchiridion"},{"floor":32,"key":"InkBottle"}],"event_choices":[{"damage_healed":0.0,"max_hp_gain":0.0,"max_hp_loss":0.0,"gold_gain":0.0,"event_name":"Scrap Ooze","player_choice":"Success","floor":2.0,"gold_loss":0.0,"damage_taken":3.0,"relics_obtained":["Smiling Mask"]},{"damage_healed":0.0,"max_hp_gain":5.0,"max_hp_loss":0.0,"gold_gain":0.0,"event_name":"Big Fish","player_choice":"Donut","floor":3.0,"gold_loss":0.0,"damage_taken":0.0},{"damage_healed":0.0,"max_hp_gain":0.0,"max_hp_loss":0.0,"gold_gain":0.0,"event_name":"The Library","player_choice":"Read","floor":22.0,"gold_loss":0.0,"damage_taken":0.0,"cards_obtained":["Flame Barrier"]},{"damage_healed":0,"gold_gain":0,"player_choice":"Obtained Book","damage_taken":16,"max_hp_gain":0,"max_hp_loss":0,"event_name":"Cursed Tome","floor":28,"gold_loss":0},{"damage_healed":0,"gold_gain":99,"player_choice":"Stole From Cult","damage_taken":0,"max_hp_gain":0,"max_hp_loss":0,"event_name":"Nest","floor":29,"gold_loss":0},{"cards_removed":["Flex"],"damage_healed":0,"gold_gain":0,"player_choice":"Gave Card","damage_taken":0,"relics_obtained":["CaptainsWheel"],"max_hp_gain":0,"max_hp_loss":0,"event_name":"WeMeetAgain","floor":30,"gold_loss":0}],"is_beta":false,"boss_relics":[{"not_picked":["Velvet Choker","Runic Cube"],"picked":"Cursed Key"}],"items_purged_floors":[],"is_endless":false,"potions_floor_spawned":[1,12,20,23,25],"killed_by":"Automaton","ascension_level":1}}