{"host":"e4hse1vg61zltgzv","time":1609978226,"event":{"mods":["AchievementEnabler","BaseMod","Block Reminder","Colored Map","DeckTracker","GifTheSpireLib","Minty Spire (QoL Compilation)","Rare Cards Sparkle","StSLib","SuperFastMode","everything is the same but u backflip on backflip"],"gold_per_floor":[212,212,223,237,237,249,279,291,328,355,292,322,351,363,375,464,476,506,280,299,315,334,365,382,413,413,446,346,346,373,384,384,458,458,471,488,363,376,390,422,422,449,475,507,525,141,141,141],"floor_reached":47,"playtime":1831,"items_purged":["Infinite Blades","Caltrops","Dagger Throw","Survivor"],"score":1767,"play_id":"b6023b61-981a-4b82-abf0-7e31bfc04865","local_time":"20210107091026","is_ascension_mode":true,"campfire_choices":[{"data":"Prepared","floor":6,"key":"SMITH"},{"data":"Reflex","floor":8,"key":"SMITH"},{"data":"Envenom","floor":15,"key":"SMITH"},{"data":"Well Laid Plans","floor":32,"key":"SMITH"},{"floor":41,"key":"RECALL"}],"circlet_count":0,"master_deck":["AscendersBane","Neutralize","Prepared+1","Calculated Gamble","Well Laid Plans+1","Reflex+1","Escape Plan","After Image","Grand Finale"],"relics":["Ring of the Snake","MawBank","PreservedInsect","TheAbacus","Sundial","Sozu","Medical Kit","Oddly Smooth Stone","Red Mask","Lantern","FaceOfCleric","White Beast Statue","Busted Crown","WingedGreaves","Toy Ornithopter","Pear","Membership Card","Bottled Lightning"],"acts_visited":["Exordium","TheCity","TheBeyond"],"potions_floor_usage":[12,16,35],"damage_taken":[{"damage":1,"enemies":"2 Louse","floor":1,"turns":3},{"damage":10,"enemies":"Jaw Worm","floor":3,"turns":5},{"damage":1,"enemies":"Small Slimes","floor":4,"turns":3},{"damage":15,"enemies":"Exordium Wildlife","floor":7,"turns":3},{"damage":13,"enemies":"Blue Slaver","floor":10,"turns":3},{"damage":3,"enemies":"Gremlin Gang","floor":12,"turns":4},{"damage":0,"enemies":"Looter","floor":13,"turns":2},{"damage":0,"enemies":"The Guardian","floor":16,"turns":3},{"damage":8,"enemies":"2 Thieves","floor":18,"turns":2},{"damage":0,"enemies":"3 Byrds","floor":20,"turns":2},{"damage":0,"enemies":"Centurion and Healer","floor":21,"turns":1},{"damage":0,"enemies":"Snecko","floor":22,"turns":1},{"damage":0,"enemies":"Book of Stabbing","floor":23,"turns":1},{"damage":0,"enemies":"3 Cultists","floor":24,"turns":2},{"damage":0,"enemies":"Masked Bandits","floor":25,"turns":1},{"damage":0,"enemies":"Gremlin Leader","floor":27,"turns":2},{"damage":0,"enemies":"Book of Stabbing","floor":30,"turns":2},{"damage":0,"enemies":"Sentry and Sphere","floor":31,"turns":1},{"damage":0,"enemies":"Champ","floor":33,"turns":1},{"damage":0,"enemies":"3 Shapes","floor":35,"turns":1},{"damage":0,"enemies":"3 Darklings","floor":36,"turns":1},{"damage":0,"enemies":"Spire Growth","floor":38,"turns":1},{"damage":0,"enemies":"Maw","floor":39,"turns":1},{"damage":0,"enemies":"Reptomancer","floor":40,"turns":1},{"damage":0,"enemies":"Nemesis","floor":42,"turns":1},{"damage":7,"enemies":"Giant Head","floor":44,"turns":2},{"damage":0,"enemies":"3 Darklings","floor":45,"turns":1},{"damage":0,"enemies":"Transient","floor":47,"turns":1}],"seed_played":"-5562817817613652207","potions_obtained":[{"floor":4,"key":"CunningPotion"},{"floor":7,"key":"BlessingOfTheForge"},{"floor":13,"key":"SpeedPotion"},{"floor":16,"key":"AttackPotion"}],"is_trial":false,"path_per_floor":["M","?","M","M","?","R","M","R","T","M","?","M","M","?","R","B",null,"M","$","M","M","M","E","M","?","T","E","$","?","E","M","R","B",null,"M","M","$","M","M","E","R","E","T","E","M","$","M"],"character_chosen":"THE_SILENT","items_purchased":["Medical Kit","Membership Card","Bottled Lightning"],"campfire_rested":0,"item_purchase_floors":[19,46,46],"current_hp_per_floor":[58,58,48,47,42,42,27,27,27,14,14,11,11,11,11,11,52,44,66,66,66,66,66,66,66,66,66,76,76,77,78,78,79,79,80,81,81,82,83,84,84,85,85,89,90,107,107,107],"gold":141,"neow_bonus":"HUNDRED_GOLD","is_daily":false,"chose_seed":false,"campfire_upgraded":4,"win_rate":0.0,"timestamp":1609978226,"path_taken":["M","?","M","M","?","R","M","R","T","M","?","?","M","?","R","BOSS","M","$","M","M","?","E","M","?","T","E","$","?","E","M","R","BOSS","M","M","$","M","?","E","R","E","T","E","M","$","M"],"items_purchased_type":["Relic","Relic","Relic"],"build_version":"2020-12-22","purchased_purges":4,"victory":false,"max_hp_per_floor":[66,66,66,66,66,66,66,66,66,66,66,66,66,66,66,66,66,66,66,66,66,66,66,66,66,66,66,76,76,77,78,78,79,79,80,81,81,82,83,84,84,85,85,96,97,107,107,107],"card_choices":[{"not_picked":["Backflip","Distraction","Underhanded Strike"],"picked":"SKIP","floor":1},{"not_picked":["Deflect","Dagger Throw","Bullet Time"],"picked":"SKIP","floor":3},{"not_picked":["Deflect","Bullet Time"],"picked":"Dagger Throw","floor":3},{"not_picked":["Outmaneuver","Poisoned Stab","Backflip"],"picked":"SKIP","floor":4},{"not_picked":["Slice","Blade Dance","Distraction"],"picked":"SKIP","floor":7},{"not_picked":["Acrobatics","PiercingWail","Endless Agony"],"picked":"SKIP","floor":10},{"not_picked":["Bouncing Flask","Slice","Deflect"],"picked":"SKIP","floor":12},{"not_picked":["Slice","Quick Slash"],"picked":"Escape Plan","floor":13},{"not_picked":["Venomology","Unload"],"picked":"After Image","floor":16},{"not_picked":["Dagger Throw","Skewer","Prepared"],"picked":"SKIP","floor":18},{"not_picked":["PiercingWail","Masterful Stab","Flechettes"],"picked":"SKIP","floor":20},{"not_picked":["Poisoned Stab","Backflip+1","Concentrate"],"picked":"SKIP","floor":21},{"not_picked":["Expertise","All Out Attack","Reflex"],"picked":"SKIP","floor":22},{"not_picked":["Noxious Fumes","Footwork","PiercingWail"],"picked":"SKIP","floor":23},{"not_picked":["Dodge and Roll","Masterful Stab+1","Sucker Punch"],"picked":"SKIP","floor":24},{"not_picked":["Quick Slash","Deadly Poison","Skewer+1"],"picked":"SKIP","floor":27},{"not_picked":["Reflex","Backflip","Slice"],"picked":"SKIP","floor":30},{"not_picked":["Flying Knee","Outmaneuver+1","PiercingWail"],"picked":"SKIP","floor":31},{"not_picked":["Heel Hook"],"picked":"SKIP","floor":35},{"not_picked":["Concentrate"],"picked":"SKIP","floor":36},{"not_picked":["Predator"],"picked":"SKIP","floor":38},{"not_picked":["Expertise"],"picked":"SKIP","floor":39},{"not_picked":["Prepared"],"picked":"SKIP","floor":40},{"not_picked":["Dagger Throw+1"],"picked":"SKIP","floor":42},{"not_picked":["Bouncing Flask"],"picked":"SKIP","floor":44},{"not_picked":["Sucker Punch+1"],"picked":"SKIP","floor":45}],"player_experience":775867,"relics_obtained":[{"floor":9,"key":"PreservedInsect"},{"floor":23,"key":"Oddly Smooth Stone"},{"floor":25,"key":"Red Mask"},{"floor":27,"key":"Lantern"},{"floor":30,"key":"White Beast Statue"},{"floor":40,"key":"WingedGreaves"},{"floor":43,"key":"Toy Ornithopter"},{"floor":44,"key":"Pear"}],"event_choices":[{"damage_healed":0,"gold_gain":0,"cards_transformed":["Accuracy"],"player_choice":"Change","damage_taken":0,"max_hp_gain":0,"max_hp_loss":0,"event_name":"Living Wall","floor":2,"gold_loss":0,"cards_obtained":["Caltrops"]},{"damage_healed":0,"gold_gain":0,"player_choice":"Success","damage_taken":5,"relics_obtained":["MawBank"],"max_hp_gain":0,"max_hp_loss":0,"event_name":"Scrap Ooze","floor":5,"gold_loss":0},{"cards_removed":["Caltrops"],"damage_healed":0,"gold_gain":0,"player_choice":"Card Removal","damage_taken":0,"max_hp_gain":0,"max_hp_loss":0,"event_name":"The Cleric","floor":11,"gold_loss":75},{"damage_healed":0,"gold_gain":0,"player_choice":"0 cards matched","damage_taken":0,"max_hp_gain":0,"max_hp_loss":0,"event_name":"Match and Keep!","floor":14,"gold_loss":0,"cards_obtained":[]},{"cards_removed":["Crippling Poison"],"damage_healed":22,"gold_gain":0,"player_choice":"Offered Uncommon","damage_taken":0,"max_hp_gain":0,"max_hp_loss":0,"event_name":"Bonfire Elementals","floor":19,"gold_loss":0},{"damage_healed":0,"gold_gain":0,"player_choice":"Fought Bandits","damage_taken":0,"max_hp_gain":0,"max_hp_loss":0,"event_name":"Masked Bandits","floor":25,"gold_loss":0},{"cards_removed":["Envenom"],"damage_healed":0,"gold_gain":0,"player_choice":"Offered Rare","damage_taken":0,"max_hp_gain":10,"max_hp_loss":0,"event_name":"Bonfire Elementals","floor":28,"gold_loss":0},{"damage_healed":0,"gold_gain":0,"player_choice":"Trade","damage_taken":0,"relics_obtained":["FaceOfCleric"],"max_hp_gain":0,"max_hp_loss":0,"event_name":"FaceTrader","floor":29,"gold_loss":0},{"cards_removed":["Envenom"],"damage_healed":7,"gold_gain":0,"player_choice":"Offered Rare","damage_taken":0,"max_hp_gain":10,"max_hp_loss":0,"event_name":"Bonfire Elementals","floor":46,"gold_loss":0}],"is_beta":false,"boss_relics":[{"not_picked":["Cursed Key","Ectoplasm"],"picked":"Sozu"},{"not_picked":["Astrolabe","WristBlade"],"picked":"Busted Crown"}],"items_purged_floors":[19,28,37,46],"is_endless":false,"potions_floor_spawned":[4,7,13,16,20,23,24,25,27,31,33,35,36,38,39,40,42,44,45],"killed_by":"Transient","ascension_level":20}}