{"host":"mdbnki27vzqujy5q","time":1609999913,"event":{"mods":["BaseMod","Colored Powertips","Minty Spire (QoL Compilation)","Quick Restart"],"gold_per_floor":[117,117,117,117,132,159,175,175,175,209,220,220,232,260,260,358,358,375,474,474,399,399,433,445,445,445],"floor_reached":25,"playtime":1123,"items_purged":[],"score":277,"play_id":"76f6f69e-dd89-4599-b0a8-d8e932fb7c8c","local_time":"20210106221153","is_ascension_mode":true,"campfire_choices":[{"data":"Doppelganger","floor":8.0,"key":"SMITH"},{"floor":12.0,"key":"REST"},{"floor":15.0,"key":"REST"}],"circlet_count":0,"master_deck":["Strike_G","Strike_G","Strike_G","Strike_G+1","Strike_G","Defend_G","Defend_G","Defend_G","Defend_G","Survivor+1","Neutralize","Blade Dance","Doppelganger+1","Poisoned Stab","Glass Knife","Eviscerate","Acrobatics","Corpse Explosion","Quick Slash","Underhanded Strike","Tools of the Trade","Bane+1","Quick Slash","Quick Slash","Dash+1"],"relics":["Ring of the Snake","NeowsBlessing","Matryoshka","Darkstone Periapt","Anchor","Question Card","HornCleat","Juzu Bracelet","Cursed Key","Nilry\u0027s Codex","MealTicket"],"acts_visited":["Exordium","TheCity"],"potions_floor_usage":[],"damage_taken":[{"damage":0.0,"enemies":"Small Slimes","floor":1.0,"turns":1.0},{"damage":0.0,"enemies":"Jaw Worm","floor":5.0,"turns":1.0},{"damage":0.0,"enemies":"3 Sentries","floor":6.0,"turns":1.0},{"damage":4.0,"enemies":"Cultist","floor":7.0,"turns":3.0},{"damage":29.0,"enemies":"Lagavulin","floor":10.0,"turns":7.0},{"damage":2.0,"enemies":"Large Slime","floor":11.0,"turns":4.0},{"damage":0.0,"enemies":"3 Louse","floor":13.0,"turns":2.0},{"damage":28.0,"enemies":"Gremlin Nob","floor":14.0,"turns":4.0},{"damage":33.0,"enemies":"Hexaghost","floor":16.0,"turns":11.0},{"damage":0.0,"enemies":"3 Byrds","floor":18.0,"turns":2.0},{"damage":9.0,"enemies":"Slavers","floor":23.0,"turns":3.0},{"damage":0.0,"enemies":"Spheric Guardian","floor":24.0,"turns":3.0},{"damage":50,"enemies":"Book of Stabbing","floor":25,"turns":5}],"seed_played":"-5448608691611985436","potions_obtained":[{"floor":5.0,"key":"SpeedPotion"},{"floor":11.0,"key":"DuplicationPotion"},{"floor":14.0,"key":"DistilledChaos"},{"floor":18.0,"key":"ColorlessPotion"}],"is_trial":false,"path_per_floor":["M","?","?","?","M","E","M","R","T","E","M","R","M","E","R","B",null,"M","?","?","?","?","E","M","E"],"character_chosen":"THE_SILENT","items_purchased":[],"campfire_rested":2,"item_purchase_floors":[],"current_hp_per_floor":[70,70,56,56,56,56,52,52,52,23,21,42,42,14,35,2,70,70,70,70,70,54,45,45,0,0],"gold":445,"neow_bonus":"THREE_ENEMY_KILL","is_daily":false,"chose_seed":false,"campfire_upgraded":1,"win_rate":0.0,"timestamp":1609999913,"path_taken":["M","?","?","?","?","E","M","R","T","E","M","R","M","E","R","BOSS","M","?","?","?","?","E","M","E"],"items_purchased_type":[],"build_version":"2020-12-22","purchased_purges":0,"victory":false,"max_hp_per_floor":[70,70,70,70,70,70,70,70,70,70,70,70,70,70,70,70,70,70,70,70,70,70,70,70,70,70],"card_choices":[{"not_picked":["Flying Knee","Dagger Spray"],"picked":"Blade Dance","floor":1.0},{"not_picked":["Escape Plan","Reflex"],"picked":"Poisoned Stab","floor":5.0},{"not_picked":["Footwork","Poisoned Stab"],"picked":"Glass Knife","floor":6.0},{"not_picked":["Sucker Punch","Catalyst"],"picked":"Eviscerate","floor":7.0},{"not_picked":["Bane","Outmaneuver","Flechettes"],"picked":"Acrobatics","floor":10.0},{"not_picked":["Leg Sweep","PiercingWail","Backflip"],"picked":"Corpse Explosion","floor":11.0},{"not_picked":["PiercingWail","Deflect","Blur"],"picked":"Quick Slash","floor":13.0},{"not_picked":["Dodge and Roll","PiercingWail","Deadly Poison"],"picked":"Underhanded Strike","floor":14.0},{"not_picked":["Adrenaline","Die Die Die","A Thousand Cuts"],"picked":"Tools of the Trade","floor":16.0},{"not_picked":["Prepared","Dagger Spray+1","Masterful Stab"],"picked":"Bane+1","floor":18.0},{"not_picked":["Prepared","All Out Attack","Infinite Blades"],"picked":"Quick Slash","floor":23.0},{"not_picked":["Endless Agony","Prepared+1","Bane"],"picked":"Dash+1","floor":24.0}],"player_experience":34301,"relics_obtained":[{"floor":6.0,"key":"Darkstone Periapt"},{"floor":9.0,"key":"Anchor"},{"floor":9.0,"key":"Question Card"},{"floor":10.0,"key":"HornCleat"},{"floor":14.0,"key":"Juzu Bracelet"},{"floor":22.0,"key":"Nilry\u0027s Codex"},{"floor":23.0,"key":"MealTicket"}],"event_choices":[{"damage_healed":0.0,"max_hp_gain":0.0,"max_hp_loss":0.0,"gold_gain":0.0,"event_name":"Big Fish","player_choice":"Box","floor":2.0,"gold_loss":0.0,"damage_taken":0.0,"relics_obtained":["Matryoshka"],"cards_obtained":["Regret"]},{"damage_healed":0.0,"max_hp_gain":0.0,"max_hp_loss":0.0,"gold_gain":0.0,"event_name":"Shining Light","player_choice":"Entered Light","floor":3.0,"gold_loss":0.0,"damage_taken":14.0,"cards_upgraded":["Strike_G","Survivor"]},{"damage_healed":0.0,"max_hp_gain":0.0,"max_hp_loss":0.0,"gold_gain":0.0,"cards_transformed":["Defend_G"],"event_name":"Transmorgrifier","player_choice":"Transformed","floor":4.0,"gold_loss":0.0,"damage_taken":0.0,"cards_obtained":["Doppelganger"]},{"damage_healed":0.0,"max_hp_gain":0.0,"max_hp_loss":0.0,"gold_gain":99.0,"event_name":"Nest","player_choice":"Stole From Cult","floor":19.0,"gold_loss":0.0,"damage_taken":0.0},{"damage_healed":0.0,"max_hp_gain":0.0,"max_hp_loss":0.0,"gold_gain":0.0,"event_name":"Duplicator","player_choice":"Copied","floor":20.0,"gold_loss":0.0,"damage_taken":0.0,"cards_obtained":["Quick Slash"]},{"cards_removed":["Regret"],"damage_healed":0.0,"max_hp_gain":0.0,"max_hp_loss":0.0,"gold_gain":0.0,"event_name":"Beggar","player_choice":"Gave Gold","floor":21.0,"gold_loss":75.0,"damage_taken":0.0},{"damage_healed":0.0,"max_hp_gain":0.0,"max_hp_loss":0.0,"gold_gain":0.0,"event_name":"Cursed Tome","player_choice":"Obtained Book","floor":22.0,"gold_loss":0.0,"damage_taken":16.0}],"is_beta":false,"boss_relics":[{"not_picked":["Astrolabe","Fusion Hammer"],"picked":"Cursed Key"}],"items_purged_floors":[],"is_endless":false,"potions_floor_spawned":[5,11,14,18],"killed_by":"Book of Stabbing","ascension_level":1}}