{"host":"rolltorest","time":1609990201,"event":{"mods":["BaseMod","Minty Spire (QoL Compilation)","Relic Stats","Robot Space Explorer","Slay the Relics Exporter","StSLib"],"gold_per_floor":[119,135,135,135,151,151,180,180,180,207,207,382,399,428,428,503,503,517,536,536,536,135,164,180,180,203,234,47,73,86,185,185,258,258,274,274,174,174,189,215,215,240,263,287,287,0,32,44,44,44,44,44,44,44,44],"floor_reached":54,"playtime":4124,"items_purged":["Shame","RobotSpaceExplorer:Strike+1","Decay"],"score":1525,"play_id":"bf810bfc-028e-4076-8056-564c6b2cf03e","local_time":"20210106193001","is_ascension_mode":true,"campfire_choices":[{"data":"RobotSpaceExplorer:MiniLasers","floor":6,"key":"SMITH"},{"floor":8,"key":"REST"},{"data":"RobotSpaceExplorer:ChargingLaser","floor":11,"key":"SMITH"},{"floor":15,"key":"REST"},{"floor":25,"key":"REST"},{"data":"Doubt","floor":32,"key":"PURGE"},{"data":"RobotSpaceExplorer:Explosion","floor":41,"key":"SMITH"},{"data":"Shame","floor":45,"key":"PURGE"},{"floor":49,"key":"RECALL"},{"data":"RobotSpaceExplorer:Strike+1","floor":52,"key":"PURGE"}],"circlet_count":0,"master_deck":["AscendersBane","RobotSpaceExplorer:Strike+1","RobotSpaceExplorer:Strike+1","RobotSpaceExplorer:Defend+1","RobotSpaceExplorer:Defend+1","RobotSpaceExplorer:Defend+1","RobotSpaceExplorer:Defend+1","RobotSpaceExplorer:Scan+1","RobotSpaceExplorer:MiniLasers+1","RobotSpaceExplorer:TrailblazerForm","RobotSpaceExplorer:SurgingShield+1","RobotSpaceExplorer:ScrapMissile","RobotSpaceExplorer:Blitz","RobotSpaceExplorer:ChargingLaser+1","RobotSpaceExplorer:Blitz","RobotSpaceExplorer:SurgingShield+1","RobotSpaceExplorer:ShovelStrike","RobotSpaceExplorer:DoubleBlock+1","Necronomicurse","RobotSpaceExplorer:JunkDive+1","Blind+1","RobotSpaceExplorer:Electropulse+1","RobotSpaceExplorer:RigExplosive+1","RobotSpaceExplorer:Explosion+1","Master of Strategy+1","RobotSpaceExplorer:FranticSearch+1","RobotSpaceExplorer:PowerCollector","RobotSpaceExplorer:GearShield+1","Secret Technique+1","RobotSpaceExplorer:FranticSearch+1"],"relics":["RobotSpaceExplorer:RoboCore","Calipers","Peace Pipe","Toxic Egg 2","Bird Faced Urn","Dream Catcher","RobotSpaceExplorer:SearchSpecs","Eternal Feather","Necronomicon","Lantern","Tiny Chest","Orichalcum","TungstenRod","OrangePellets","RobotSpaceExplorer:BottledGravity","Cursed Key","War Paint","Ancient Tea Set","Oddly Smooth Stone","Question Card"],"acts_visited":["Exordium","TheCity","TheBeyond","TheEnding"],"potions_floor_usage":[7,13,13,13,39,42,42,47,48,50,54,54,54],"damage_taken":[{"damage":6,"enemies":"Jaw Worm","floor":1,"turns":5},{"damage":2,"enemies":"2 Louse","floor":2,"turns":4},{"damage":3,"enemies":"Small Slimes","floor":5,"turns":6},{"damage":35,"enemies":"Gremlin Nob","floor":7,"turns":5},{"damage":0,"enemies":"Lagavulin","floor":10,"turns":10},{"damage":0,"enemies":"2 Fungi Beasts","floor":13,"turns":4},{"damage":25,"enemies":"3 Sentries","floor":14,"turns":14},{"damage":15,"enemies":"Slime Boss","floor":16,"turns":15},{"damage":18,"enemies":"Shell Parasite","floor":18,"turns":12},{"damage":5,"enemies":"Chosen","floor":19,"turns":6},{"damage":13,"enemies":"Slavers","floor":23,"turns":9},{"damage":0,"enemies":"Snake Plant","floor":24,"turns":4},{"damage":0,"enemies":"Gremlin Leader","floor":27,"turns":8},{"damage":11,"enemies":"Slavers","floor":29,"turns":4},{"damage":0,"enemies":"Sentry and Sphere","floor":30,"turns":5},{"damage":4,"enemies":"Champ","floor":33,"turns":10},{"damage":0,"enemies":"Orb Walker","floor":35,"turns":3},{"damage":0,"enemies":"3 Shapes","floor":39,"turns":5},{"damage":0,"enemies":"Nemesis","floor":40,"turns":7},{"damage":0,"enemies":"Reptomancer","floor":42,"turns":5},{"damage":0,"enemies":"Giant Head","floor":47,"turns":7},{"damage":0,"enemies":"Writhing Mass","floor":48,"turns":9},{"damage":12,"enemies":"Awakened One","floor":50,"turns":13},{"damage":97,"enemies":"Shield and Spear","floor":54,"turns":6}],"seed_played":"-7192019469098298000","potions_obtained":[{"floor":1,"key":"Swift Potion"},{"floor":5,"key":"EntropicBrew"},{"floor":7,"key":"EssenceOfSteel"},{"floor":14,"key":"Regen Potion"},{"floor":24,"key":"PowerPotion"},{"floor":47,"key":"Fire Potion"}],"is_trial":false,"path_per_floor":["M","M","?","?","M","R","E","R","T","E","R","?","M","E","R","B",null,"M","M","?","?","$","E","M","R","T","E","$","E","M","?","R","B",null,"M","?","$","?","M","E","R","E","T","T","R","$","E","M","R","B",null,"R","$","E"],"character_chosen":"RobotSpaceExplorer","items_purchased":["Lantern","RobotSpaceExplorer:JunkDive+1","Blind+1","RobotSpaceExplorer:Blitz","OrangePellets","Secret Technique+1"],"campfire_rested":3,"item_purchase_floors":[22,22,22,28,28,46],"current_hp_per_floor":[58,56,61,58,55,55,20,42,42,42,42,42,44,21,43,30,65,49,46,46,30,30,19,19,56,56,58,58,47,49,49,64,62,73,73,73,73,73,75,76,76,76,76,76,76,76,76,76,76,64,73,76,76,0,0],"gold":44,"neow_bonus":"THREE_RARE_CARDS","is_daily":false,"chose_seed":false,"campfire_upgraded":3,"win_rate":0.0,"timestamp":1609990201,"path_taken":["M","M","?","?","M","R","E","R","T","E","R","?","M","E","R","BOSS","M","M","?","?","$","E","M","R","T","E","$","E","M","?","R","BOSS","M","?","$","?","M","E","R","E","T","?","R","$","E","M","R","BOSS","R","$","E"],"items_purchased_type":["Relic","Card","Card","Card","Relic","Card"],"build_version":"2020-12-18","purchased_purges":3,"victory":false,"max_hp_per_floor":[71,71,76,76,76,76,76,76,76,76,76,76,76,76,76,76,76,76,76,76,76,76,76,76,76,76,76,76,76,76,76,76,76,76,76,76,76,76,76,76,76,76,76,76,76,76,76,76,76,76,76,76,76,76,76],"relic_stats":{"counters":[24,176],"Eternal Feather":33,"Orichalcum":[24],"War Paint":["RobotSpaceExplorer:Scan","RobotSpaceExplorer:SurgingShield"],"Cursed Key":2,"Question Card":1,"Peace Pipe":3,"OrangePellets":[9],"Dream Catcher":2,"Bird Faced Urn":[23],"Tiny Chest":1,"Necronomicon":[46],"obtain_stats":[{"Lantern":22,"Calipers":4,"Oddly Smooth Stone":44,"RobotSpaceExplorer:RoboCore":0,"Eternal Feather":18,"Orichalcum":26,"War Paint":40,"Cursed Key":34,"Ancient Tea Set":42,"Question Card":47,"Peace Pipe":7,"OrangePellets":28,"Dream Catcher":14,"RobotSpaceExplorer:BottledGravity":29,"Bird Faced Urn":10,"Tiny Chest":23,"RobotSpaceExplorer:SearchSpecs":17,"Necronomicon":21,"Toxic Egg 2":9,"TungstenRod":27},{"Lantern":10,"Calipers":2,"Oddly Smooth Stone":20,"RobotSpaceExplorer:RoboCore":0,"Eternal Feather":9,"Orichalcum":12,"War Paint":19,"Cursed Key":16,"Ancient Tea Set":20,"Question Card":21,"Peace Pipe":4,"OrangePellets":13,"Dream Catcher":7,"RobotSpaceExplorer:BottledGravity":14,"Bird Faced Urn":5,"Tiny Chest":11,"RobotSpaceExplorer:SearchSpecs":8,"Necronomicon":10,"Toxic Egg 2":4,"TungstenRod":13},{"Lantern":81,"Calipers":9,"Oddly Smooth Stone":141,"RobotSpaceExplorer:RoboCore":0,"Eternal Feather":75,"Orichalcum":94,"War Paint":136,"Cursed Key":121,"Ancient Tea Set":141,"Question Card":148,"Peace Pipe":20,"OrangePellets":102,"Dream Catcher":48,"RobotSpaceExplorer:BottledGravity":106,"Bird Faced Urn":30,"Tiny Chest":90,"RobotSpaceExplorer:SearchSpecs":63,"Necronomicon":81,"Toxic Egg 2":20,"TungstenRod":102}],"TungstenRod":11},"card_choices":[{"not_picked":["RobotSpaceExplorer:Scanner","RobotSpaceExplorer:Asteroid"],"picked":"RobotSpaceExplorer:TrailblazerForm","floor":0},{"not_picked":["RobotSpaceExplorer:ShockKick","RobotSpaceExplorer:Counterblock"],"picked":"RobotSpaceExplorer:SurgingShield","floor":1},{"not_picked":["RobotSpaceExplorer:IronShell","RobotSpaceExplorer:SwiftStep","RobotSpaceExplorer:Pulsar"],"picked":"SKIP","floor":2},{"not_picked":["RobotSpaceExplorer:PowerGlove","RobotSpaceExplorer:MiniDrones"],"picked":"RobotSpaceExplorer:ScrapMissile","floor":5},{"not_picked":["RobotSpaceExplorer:Calculate","RobotSpaceExplorer:StunGrenade"],"picked":"RobotSpaceExplorer:Blitz","floor":7},{"not_picked":["RobotSpaceExplorer:JunkDive+1","RobotSpaceExplorer:FranticSearch+1"],"picked":"RobotSpaceExplorer:ChargingLaser","floor":10},{"not_picked":["RobotSpaceExplorer:FranticSearch+1","RobotSpaceExplorer:FreezeRay","RobotSpaceExplorer:Ammunition+1"],"picked":"SKIP","floor":13},{"not_picked":["RobotSpaceExplorer:Jetpack+1","RobotSpaceExplorer:GlueSpray+1"],"picked":"RobotSpaceExplorer:Blitz","floor":14},{"not_picked":["RobotSpaceExplorer:Smokescreen+1","RobotSpaceExplorer:FranticSearch+1"],"picked":"RobotSpaceExplorer:SurgingShield+1","floor":15},{"not_picked":["RobotSpaceExplorer:Comet+1","RobotSpaceExplorer:Multitool"],"picked":"RobotSpaceExplorer:Exploration+1","floor":16},{"not_picked":["RobotSpaceExplorer:SurgingStrike","RobotSpaceExplorer:SwiftStep+1"],"picked":"RobotSpaceExplorer:ShovelStrike","floor":18},{"not_picked":["RobotSpaceExplorer:LaserBurst","RobotSpaceExplorer:Ammunition+1"],"picked":"RobotSpaceExplorer:DoubleBlock+1","floor":19},{"not_picked":["RobotSpaceExplorer:SurgingShield+1","RobotSpaceExplorer:ImprovisedAttack","RobotSpaceExplorer:SwiftStep+1"],"picked":"SKIP","floor":23},{"not_picked":["RobotSpaceExplorer:FrostMissile","RobotSpaceExplorer:ScrapToss"],"picked":"RobotSpaceExplorer:Electropulse+1","floor":24},{"not_picked":["RobotSpaceExplorer:ImprovisedAttack","RobotSpaceExplorer:Jetpack+1","RobotSpaceExplorer:Ammunition+1"],"picked":"SKIP","floor":27},{"not_picked":["RobotSpaceExplorer:MetalStrike","RobotSpaceExplorer:SurgingStrike"],"picked":"RobotSpaceExplorer:RigExplosive+1","floor":29},{"not_picked":["RobotSpaceExplorer:SurgingStrike","RobotSpaceExplorer:RigExplosive+1","RobotSpaceExplorer:Arsenal+1"],"picked":"SKIP","floor":30},{"not_picked":["RobotSpaceExplorer:Blaster","RobotSpaceExplorer:Autoloader"],"picked":"RobotSpaceExplorer:Explosion","floor":33},{"not_picked":["RobotSpaceExplorer:LuckyStrike+1","RobotSpaceExplorer:MetalStrike+1","RobotSpaceExplorer:Electroshield+1"],"picked":"SKIP","floor":35},{"not_picked":["Thinking Ahead+1","Jack Of All Trades+1"],"picked":"Master of Strategy+1","floor":38},{"not_picked":["RobotSpaceExplorer:SwiftStep+1","RobotSpaceExplorer:ImprovisedAttack"],"picked":"RobotSpaceExplorer:FranticSearch+1","floor":39},{"not_picked":["RobotSpaceExplorer:Jetpack+1","RobotSpaceExplorer:ChargingLaser"],"picked":"RobotSpaceExplorer:PowerCollector","floor":40},{"not_picked":["RobotSpaceExplorer:JunkDive+1","RobotSpaceExplorer:ScrapToss"],"picked":"RobotSpaceExplorer:GearShield+1","floor":42},{"not_picked":["RobotSpaceExplorer:MiniBoosters+1","RobotSpaceExplorer:StunGrenade","RobotSpaceExplorer:SwiftStep+1"],"picked":"SKIP","floor":47},{"not_picked":["RobotSpaceExplorer:StarLightning","RobotSpaceExplorer:MetalStrike+1","RobotSpaceExplorer:FranticSearch+1","RobotSpaceExplorer:ToxicBomb+1"],"picked":"SKIP","floor":48},{"not_picked":["RobotSpaceExplorer:StarLightning","RobotSpaceExplorer:MetalStrike+1","RobotSpaceExplorer:ToxicBomb+1"],"picked":"RobotSpaceExplorer:FranticSearch+1","floor":48}],"player_experience":1773215,"relics_obtained":[{"floor":7,"key":"Peace Pipe"},{"floor":9,"key":"Toxic Egg 2"},{"floor":10,"key":"Bird Faced Urn"},{"floor":14,"key":"Dream Catcher"},{"floor":18,"key":"Eternal Feather"},{"floor":21,"key":"Necronomicon"},{"floor":23,"key":"Tiny Chest"},{"floor":26,"key":"Orichalcum"},{"floor":27,"key":"TungstenRod"},{"floor":29,"key":"RobotSpaceExplorer:BottledGravity"},{"floor":40,"key":"War Paint"},{"floor":42,"key":"Ancient Tea Set"},{"floor":44,"key":"Oddly Smooth Stone"},{"floor":47,"key":"Question Card"}],"event_choices":[{"damage_healed":0,"gold_gain":0,"player_choice":"Donut","damage_taken":0,"max_hp_gain":5,"max_hp_loss":0,"event_name":"Big Fish","floor":3,"gold_loss":0},{"damage_healed":0,"gold_gain":0,"player_choice":"Success","damage_taken":3,"relics_obtained":["Calipers"],"max_hp_gain":0,"max_hp_loss":0,"event_name":"Scrap Ooze","floor":4,"gold_loss":0},{"damage_healed":0,"gold_gain":175,"player_choice":"AGREE","damage_taken":0,"max_hp_gain":0,"max_hp_loss":0,"event_name":"Liars Game","floor":12,"gold_loss":0,"cards_obtained":["Doubt"]},{"damage_healed":0,"gold_gain":0,"player_choice":"Simplicity","damage_taken":0,"max_hp_gain":0,"max_hp_loss":0,"event_name":"Back to Basics","floor":20,"gold_loss":0,"cards_upgraded":["RobotSpaceExplorer:Strike","RobotSpaceExplorer:Strike","RobotSpaceExplorer:Strike","RobotSpaceExplorer:Strike","RobotSpaceExplorer:Defend","RobotSpaceExplorer:Defend","RobotSpaceExplorer:Defend","RobotSpaceExplorer:Defend"]},{"damage_healed":0,"gold_gain":0,"player_choice":"Obtained Book","damage_taken":16,"max_hp_gain":0,"max_hp_loss":0,"event_name":"Cursed Tome","floor":21,"gold_loss":0},{"damage_healed":0,"gold_gain":99,"player_choice":"Stole From Cult","damage_taken":0,"max_hp_gain":0,"max_hp_loss":0,"event_name":"Nest","floor":31,"gold_loss":0},{"cards_removed":["RobotSpaceExplorer:Blitz"],"damage_healed":0,"gold_gain":0,"player_choice":"Removed Attack","damage_taken":0,"max_hp_gain":0,"max_hp_loss":0,"event_name":"Falling","floor":36,"gold_loss":0},{"damage_healed":0,"gold_gain":0,"player_choice":"Memory 1","damage_taken":0,"max_hp_gain":0,"max_hp_loss":0,"event_name":"SensoryStone","floor":38,"gold_loss":0}],"is_beta":true,"boss_relics":[{"not_picked":["Pandora\u0027s Box","Velvet Choker"],"picked":"RobotSpaceExplorer:SearchSpecs"},{"not_picked":["RobotSpaceExplorer:TurboCore","Runic Dome"],"picked":"Cursed Key"}],"items_purged_floors":[22,37,46],"is_endless":false,"potions_floor_spawned":[1,5,7,14,19,24,30,33,47],"killed_by":"Shield and Spear","ascension_level":14}}