{"host":"Yuki","time":1609987067,"event":{"mods":["AchievementEnabler","BaseMod","Block Reminder","Colored Map","Colored Powertips","Googly Eyes","Highlight Path","Minty Spire (QoL Compilation)","Permanent Neow","Quick Restart","Random Character Button","Random Character Mod","Relic Stats","StSLib","The Wild Card","everything is the same but u backflip on backflip","slay the spire mod where everything is the same but ironclad has a cowboy hat"],"gold_per_floor":[114,129,148,168,181,215,215,225,225,225,237,237,257,289,289,386,386,398,410,410,429,444,444,444],"floor_reached":23,"playtime":1795,"items_purged":[],"score":337,"play_id":"91392b08-7c92-41b8-a6ce-603d859f4a52","local_time":"20210106203747","is_ascension_mode":true,"campfire_choices":[{"floor":7,"key":"REST"},{"data":"Genetic Algorithm","floor":10,"key":"SMITH"},{"data":"Capacitor","floor":12,"key":"SMITH"},{"data":"Loop","floor":15,"key":"SMITH"}],"circlet_count":0,"master_deck":["Strike_B","Strike_B","Strike_B","Strike_B","Defend_B","Defend_B","Defend_B","Defend_B","Zap","Dualcast","Coolheaded","Ball Lightning","Melter","Leap","Genetic Algorithm+1","Capacitor+1","Loop+1","Go for the Eyes","Echo Form","Self Repair+1","Hologram","Consume+1"],"relics":["Cracked Core","Calipers","TungstenRod","Meat on the Bone","Torii","Black Star","CultistMask"],"acts_visited":["Exordium","TheCity"],"potions_floor_usage":[6,16,22,22,22,22,22,22,22,23,23],"damage_taken":[{"damage":0,"enemies":"Cultist","floor":1,"turns":3},{"damage":0,"enemies":"Jaw Worm","floor":2,"turns":6},{"damage":4,"enemies":"2 Louse","floor":3,"turns":3},{"damage":0,"enemies":"Exordium Thugs","floor":4,"turns":4},{"damage":18,"enemies":"Exordium Wildlife","floor":5,"turns":3},{"damage":36,"enemies":"3 Sentries","floor":6,"turns":8},{"damage":0,"enemies":"Blue Slaver","floor":8,"turns":5},{"damage":1,"enemies":"Exordium Thugs","floor":11,"turns":5},{"damage":10,"enemies":"3 Louse","floor":13,"turns":3},{"damage":26,"enemies":"Gremlin Nob","floor":14,"turns":4},{"damage":0,"enemies":"Hexaghost","floor":16,"turns":11},{"damage":0,"enemies":"Spheric Guardian","floor":18,"turns":3},{"damage":29,"enemies":"3 Byrds","floor":19,"turns":6},{"damage":35,"enemies":"Centurion and Healer","floor":21,"turns":13},{"damage":40,"enemies":"Snake Plant","floor":22,"turns":6},{"damage":54,"enemies":"Book of Stabbing","floor":23,"turns":6}],"seed_played":"-8835153166249239810","potions_obtained":[{"floor":1,"key":"Swift Potion"},{"floor":3,"key":"Regen Potion"},{"floor":8,"key":"EntropicBrew"},{"floor":11,"key":"FearPotion"},{"floor":18,"key":"FocusPotion"},{"floor":22,"key":"Regen Potion"}],"is_trial":false,"path_per_floor":["M","M","M","M","M","E","R","M","T","R","M","R","M","E","R","B",null,"M","M","?","M","M","E"],"character_chosen":"DEFECT","items_purchased":[],"campfire_rested":1,"item_purchase_floors":[],"current_hp_per_floor":[68,68,64,64,46,10,30,30,30,30,41,41,43,29,29,44,62,62,45,45,42,34,0,0],"gold":444,"neow_bonus":"ONE_RARE_RELIC","is_daily":false,"chose_seed":false,"campfire_upgraded":3,"win_rate":0.0,"timestamp":1609987067,"path_taken":["M","M","M","M","?","E","R","M","T","R","M","R","M","E","R","BOSS","M","M","?","M","M","E"],"items_purchased_type":[],"build_version":"2020-12-18","purchased_purges":0,"victory":false,"max_hp_per_floor":[68,68,68,68,68,68,68,68,68,68,68,68,68,68,68,68,68,68,68,68,68,68,68,68],"relic_stats":{"Torii":64,"counters":[16,89],"Black Star":0,"obtain_stats":[{"Calipers":0,"Torii":14,"CultistMask":20,"Black Star":17,"Cracked Core":0,"TungstenRod":6,"Meat on the Bone":9},{"Calipers":0,"Torii":10,"CultistMask":13,"Black Star":11,"Cracked Core":0,"TungstenRod":6,"Meat on the Bone":7},{"Calipers":0,"Torii":44,"CultistMask":64,"Black Star":55,"Cracked Core":0,"TungstenRod":27,"Meat on the Bone":32}],"TungstenRod":94,"Meat on the Bone":72},"card_choices":[{"not_picked":["Heatsinks","Chill"],"picked":"Coolheaded","floor":1},{"not_picked":["Streamline","Stack"],"picked":"Ball Lightning","floor":2},{"not_picked":["Consume","Force Field"],"picked":"Melter","floor":3},{"not_picked":["Streamline","Ball Lightning"],"picked":"Leap","floor":4},{"not_picked":["Recycle","Gash","Sweeping Beam"],"picked":"SKIP","floor":5},{"not_picked":["Barrage","Beam Cell"],"picked":"Genetic Algorithm","floor":6},{"not_picked":["Aggregate","Fusion"],"picked":"Capacitor","floor":8},{"not_picked":["Static Discharge","Conserve Battery"],"picked":"Loop","floor":11},{"not_picked":["Doom and Gloom","Rip and Tear"],"picked":"Go for the Eyes","floor":13},{"not_picked":["Leap","Hello World","Biased Cognition"],"picked":"SKIP","floor":14},{"not_picked":["Machine Learning","Seek"],"picked":"Echo Form","floor":16},{"not_picked":["Redo","Force Field"],"picked":"Self Repair+1","floor":18},{"not_picked":["Compile Driver","Steam"],"picked":"Hologram","floor":19},{"not_picked":["Coolheaded","Reinforced Body+1"],"picked":"Consume+1","floor":21},{"not_picked":["Rebound","Heatsinks","Steam"],"picked":"SKIP","floor":22}],"player_experience":1252519,"relics_obtained":[{"floor":6,"key":"TungstenRod"},{"floor":9,"key":"Meat on the Bone"},{"floor":14,"key":"Torii"}],"event_choices":[{"damage_healed":0,"gold_gain":0,"player_choice":"Trade","damage_taken":0,"relics_obtained":["CultistMask"],"max_hp_gain":0,"max_hp_loss":0,"event_name":"FaceTrader","floor":20,"gold_loss":0}],"is_beta":true,"boss_relics":[{"not_picked":["Philosopher\u0027s Stone","Ectoplasm"],"picked":"Black Star"}],"items_purged_floors":[],"is_endless":false,"potions_floor_spawned":[1,3,8,11,18,22],"killed_by":"Book of Stabbing","ascension_level":6}}