{"host":"Rich","time":1609983801,"event":{"mods":["AchievementEnabler","BaseMod","Highlight Path","Minty Spire (QoL Compilation)","Relic Stats"],"gold_per_floor":[118,136,13,13,27,27,42,58,84,96,96,96,110,129,129,229,229,243,260,260,260,260,260],"floor_reached":22,"playtime":775,"items_purged":["Strike_R"],"score":180,"play_id":"b8288b3c-8256-4c16-9638-9a2f130cca4f","local_time":"20210106204321","is_ascension_mode":false,"campfire_choices":[{"data":"Body Slam","floor":6.0,"key":"SMITH"},{"data":"Body Slam","floor":11.0,"key":"SMITH"},{"data":"Seeing Red","floor":15.0,"key":"SMITH"}],"circlet_count":0,"master_deck":["Strike_R","Strike_R","Strike_R","Strike_R","Defend_R","Defend_R","Defend_R","Defend_R","Bash","Body Slam+1","Battle Trance","Body Slam+1","Seeing Red+1","Juggernaut","Armaments","Barricade","Armaments+1"],"relics":["Burning Blood"],"acts_visited":["Exordium","TheCity"],"potions_floor_usage":[22],"damage_taken":[{"damage":12.0,"enemies":"Small Slimes","floor":1.0,"turns":5.0},{"damage":4.0,"enemies":"2 Louse","floor":2.0,"turns":5.0},{"damage":1.0,"enemies":"Jaw Worm","floor":5.0,"turns":4.0},{"damage":6.0,"enemies":"Exordium Thugs","floor":7.0,"turns":4.0},{"damage":8.0,"enemies":"Lots of Slimes","floor":8.0,"turns":4.0},{"damage":11.0,"enemies":"Blue Slaver","floor":10.0,"turns":4.0},{"damage":11.0,"enemies":"Red Slaver","floor":13.0,"turns":3.0},{"damage":7.0,"enemies":"2 Fungi Beasts","floor":14.0,"turns":3.0},{"damage":34.0,"enemies":"The Guardian","floor":16.0,"turns":10.0},{"damage":17.0,"enemies":"2 Thieves","floor":18.0,"turns":4.0},{"damage":14.0,"enemies":"Spheric Guardian","floor":19.0,"turns":4.0},{"damage":64,"enemies":"Cultist and Chosen","floor":22,"turns":6}],"seed_played":"4735653019725670912","potions_obtained":[{"floor":1.0,"key":"Energy Potion"},{"floor":13.0,"key":"ColorlessPotion"},{"floor":14.0,"key":"SpeedPotion"},{"floor":16.0,"key":"ElixirPotion"},{"floor":18.0,"key":"SteroidPotion"}],"is_trial":false,"path_per_floor":["M","M","$","?","M","R","M","M","T","M","R","?","M","M","R","B",null,"M","M","?","?","M"],"character_chosen":"IRONCLAD","items_purchased":["ColorlessPotion"],"campfire_rested":0,"item_purchase_floors":[3],"current_hp_per_floor":[74,76,76,76,80,80,80,78,78,73,73,73,68,67,67,39,80,69,61,61,61,0,0],"gold":260,"neow_bonus":"THREE_CARDS","is_daily":false,"chose_seed":false,"campfire_upgraded":3,"win_rate":0.0,"timestamp":1609983801,"path_taken":["M","M","$","?","M","R","M","M","T","M","R","?","M","M","R","BOSS","M","M","?","?","M"],"items_purchased_type":["Potion"],"build_version":"2020-12-18","purchased_purges":1,"victory":false,"max_hp_per_floor":[80,80,80,80,80,80,80,80,80,80,80,80,80,80,80,80,80,80,80,80,80,80,80],"relic_stats":{"counters":[12,56],"obtain_stats":[{"Burning Blood":0},{"Burning Blood":0},{"Burning Blood":0}],"Burning Blood":65},"card_choices":[{"not_picked":["Perfected Strike","Havoc"],"picked":"Body Slam","floor":0.0},{"not_picked":["Cleave","Clash"],"picked":"Battle Trance","floor":1.0},{"not_picked":["Anger","Heavy Blade"],"picked":"Body Slam","floor":2.0},{"not_picked":["Clothesline","Hemokinesis"],"picked":"Seeing Red","floor":5.0},{"not_picked":["Inflame","Thunderclap"],"picked":"Juggernaut","floor":7.0},{"not_picked":["Headbutt","Pommel Strike","Heavy Blade"],"picked":"SKIP","floor":8.0},{"not_picked":["Pommel Strike","Rampage","Hemokinesis"],"picked":"SKIP","floor":10.0},{"not_picked":["Sword Boomerang","Sever Soul"],"picked":"Armaments","floor":13.0},{"not_picked":["Reckless Charge","Feel No Pain","Havoc"],"picked":"SKIP","floor":14.0},{"not_picked":["Bludgeon","Corruption"],"picked":"Barricade","floor":16.0},{"not_picked":["Clothesline","Cleave+1"],"picked":"Armaments+1","floor":18.0},{"not_picked":["Armaments","Dark Embrace","Infernal Blade"],"picked":"SKIP","floor":19.0}],"player_experience":1972472,"relics_obtained":[],"event_choices":[{"damage_healed":0.0,"max_hp_gain":0.0,"max_hp_loss":0.0,"gold_gain":0.0,"event_name":"Liars Game","player_choice":"Ignored","floor":4.0,"gold_loss":0.0,"damage_taken":0.0},{"damage_healed":0.0,"max_hp_gain":0.0,"max_hp_loss":0.0,"gold_gain":0.0,"event_name":"Scrap Ooze","player_choice":"Fled","floor":12.0,"gold_loss":0.0,"damage_taken":0.0},{"damage_healed":0.0,"max_hp_gain":0.0,"max_hp_loss":0.0,"gold_gain":0.0,"event_name":"Cursed Tome","player_choice":"Ignored","floor":20.0,"gold_loss":0.0,"damage_taken":0.0},{"damage_healed":0.0,"max_hp_gain":0.0,"max_hp_loss":0.0,"gold_gain":0.0,"event_name":"The Mausoleum","player_choice":"Ignored","floor":21.0,"gold_loss":0.0,"damage_taken":0.0}],"is_beta":true,"boss_relics":[{"not_picked":["Velvet Choker","Calling Bell","Coffee Dripper"]}],"items_purged_floors":[3],"is_endless":false,"potions_floor_spawned":[1,13,14,16,18],"killed_by":"Cultist and Chosen","ascension_level":0}}