{"host":"2lrkmsuh7nz013qb","time":1609985785,"event":{"mods":["BaseMod","Colored Map","DeckTracker","Minty Spire (QoL Compilation)","SuperFastMode","everything is the same but u backflip on backflip"],"gold_per_floor":[111,122,138,213,51,51,51,51,74,124,156,168,168,183,183,183,183],"floor_reached":16,"playtime":434,"items_purged":[],"score":200,"play_id":"2fb6d4e5-a554-4a49-aa81-990129efe08d","local_time":"20210107111625","is_ascension_mode":true,"campfire_choices":[{"data":"Phantasmal Killer","floor":6,"key":"SMITH"},{"data":"Blade Dance","floor":8,"key":"SMITH"},{"data":"Footwork","floor":13,"key":"SMITH"},{"data":"Well Laid Plans","floor":15,"key":"SMITH"}],"circlet_count":0,"master_deck":["AscendersBane","Strike_G","Strike_G","Strike_G","Strike_G","Strike_G","Defend_G","Defend_G","Defend_G","Defend_G","Defend_G","Survivor","Neutralize","Blade Dance+1","Footwork+1","Phantasmal Killer+1","Backflip","Dagger Throw","Blur","Well Laid Plans+1"],"relics":["Ring of the Snake","Toy Ornithopter","Orrery","Potion Belt","Bottled Lightning"],"acts_visited":["Exordium"],"potions_floor_usage":[12],"damage_taken":[{"damage":7,"enemies":"Cultist","floor":1,"turns":6},{"damage":10,"enemies":"Small Slimes","floor":2,"turns":5},{"damage":1,"enemies":"2 Louse","floor":3,"turns":2},{"damage":9,"enemies":"Lagavulin","floor":11,"turns":6},{"damage":8,"enemies":"Gremlin Gang","floor":12,"turns":5},{"damage":3,"enemies":"Looter","floor":14,"turns":4},{"damage":23,"enemies":"Slime Boss","floor":16,"turns":11}],"seed_played":"2343545846543568122","potions_obtained":[{"floor":12,"key":"Fruit Juice"}],"is_trial":false,"path_per_floor":["M","M","M","?","$","R","$","R","T","?","E","M","R","M","R","B"],"character_chosen":"THE_SILENT","items_purchased":["Orrery"],"campfire_rested":0,"item_purchase_floors":[5],"current_hp_per_floor":[52,42,41,30,30,30,30,30,30,30,21,23,23,20,20,0,0],"gold":183,"neow_bonus":"RANDOM_COMMON_RELIC","is_daily":false,"chose_seed":false,"campfire_upgraded":4,"win_rate":0.0,"timestamp":1609985785,"path_taken":["M","M","?","?","$","R","$","R","T","?","E","M","R","M","R","BOSS"],"items_purchased_type":["Relic"],"build_version":"2020-12-22","purchased_purges":0,"victory":false,"max_hp_per_floor":[66,66,66,66,66,66,66,66,66,66,66,71,71,71,71,71,71],"card_choices":[{"not_picked":["Outmaneuver","Bane","Dodge and Roll"],"picked":"SKIP","floor":1},{"not_picked":["Distraction","Cloak And Dagger"],"picked":"Blade Dance","floor":2},{"not_picked":["Slice","Bane"],"picked":"Footwork","floor":3},{"not_picked":["Distraction","Cloak And Dagger"],"picked":"Phantasmal Killer","floor":5},{"not_picked":["Blade Dance","PiercingWail"],"picked":"Backflip","floor":5},{"not_picked":["Dodge and Roll","Slice"],"picked":"Dagger Throw","floor":5},{"not_picked":["Underhanded Strike","Noxious Fumes"],"picked":"Blur","floor":5},{"not_picked":["Cloak And Dagger","Dodge and Roll","A Thousand Cuts"],"picked":"SKIP","floor":11},{"not_picked":["Sucker Punch","Leg Sweep","Setup"],"picked":"SKIP","floor":12},{"not_picked":["Outmaneuver","Escape Plan"],"picked":"Well Laid Plans","floor":14}],"player_experience":736052,"relics_obtained":[{"floor":9,"key":"Potion Belt"},{"floor":11,"key":"Bottled Lightning"}],"event_choices":[{"damage_healed":0,"gold_gain":75,"player_choice":"Gather Gold","damage_taken":11,"max_hp_gain":0,"max_hp_loss":0,"event_name":"World of Goop","floor":4,"gold_loss":0},{"damage_healed":0,"gold_gain":50,"player_choice":"Pray","damage_taken":0,"max_hp_gain":0,"max_hp_loss":0,"event_name":"Golden Shrine","floor":10,"gold_loss":0}],"is_beta":false,"boss_relics":[],"items_purged_floors":[],"is_endless":false,"potions_floor_spawned":[12],"killed_by":"Slime Boss","ascension_level":20}}