{"host":"tw7a6rmo9h75ssrt","time":1609982187,"event":{"mods":["AchievementEnabler","Act Like it!","BaseMod","Colored Map","Highlight Path","Minty Spire (QoL Compilation)","Permanent Neow","Quick Restart","Relic Stats","SuperFastMode"],"gold_per_floor":[118,118,118,128,138,138,150,75,99,99,112,112,112,12,12,107,107,118,118,118,118,118,118,118,118,118,137,137,147,147,164,164,269,269,280,280,294,294,294,294,1,35,35,35,135,135,135,153,153,153,153],"floor_reached":50,"playtime":1365,"items_purged":["Strike_R","Strike_R","Strike_R"],"score":742,"play_id":"13e7593a-e59c-45fd-a821-894e3cf2a4ed","local_time":"20210107091627","is_ascension_mode":true,"campfire_choices":[{"data":"Searing Blow","floor":6.0,"key":"SMITH"},{"data":"Searing Blow+1","floor":10.0,"key":"SMITH"},{"data":"Searing Blow+2","floor":12.0,"key":"SMITH"},{"data":"Searing Blow+3","floor":15.0,"key":"SMITH"},{"data":"Searing Blow+4","floor":23.0,"key":"SMITH"},{"data":"Searing Blow+5","floor":25.0,"key":"SMITH"},{"data":"Searing Blow+6","floor":28.0,"key":"SMITH"},{"floor":30.0,"key":"REST"},{"data":"Searing Blow+7","floor":32.0,"key":"SMITH"},{"data":"Searing Blow+8","floor":40.0,"key":"SMITH"},{"floor":44.0,"key":"REST"},{"floor":46.0,"key":"REST"},{"data":"Master of Strategy","floor":49.0,"key":"SMITH"}],"circlet_count":0,"master_deck":["AscendersBane","Strike_R","Defend_R","Defend_R","Defend_R","Bash","Searing Blow+9","Seeing Red","Fiend Fire","Metallicize+1","Decay","Bloodletting+1","Reaper","Spot Weakness+1","Madness","Madness","Madness","Master of Strategy+1","Metallicize+1"],"relics":["Burning Blood","NeowsBlessing","Vajra","Runic Dome","Self Forming Clay","Cursed Key","Anchor"],"acts_visited":["Exordium","TheCity","TheBeyond"],"potions_floor_usage":[50],"damage_taken":[{"damage":0.0,"enemies":"Cultist","floor":1.0,"turns":2.0},{"damage":0.0,"enemies":"Small Slimes","floor":4.0,"turns":2.0},{"damage":0.0,"enemies":"Jaw Worm","floor":5.0,"turns":1.0},{"damage":20.0,"enemies":"Exordium Thugs","floor":7.0,"turns":5.0},{"damage":2.0,"enemies":"Large Slime","floor":11.0,"turns":2.0},{"damage":54.0,"enemies":"Hexaghost","floor":16.0,"turns":9.0},{"damage":7.0,"enemies":"Chosen","floor":18.0,"turns":3.0},{"damage":14.0,"enemies":"2 Thieves","floor":27.0,"turns":3.0},{"damage":10.0,"enemies":"Cultist and Chosen","floor":29.0,"turns":4.0},{"damage":20.0,"enemies":"Snake Plant","floor":31.0,"turns":2.0},{"damage":54.0,"enemies":"Collector","floor":33.0,"turns":4.0},{"damage":23.0,"enemies":"3 Darklings","floor":35.0,"turns":4.0},{"damage":0.0,"enemies":"Orb Walker","floor":37.0,"turns":1.0},{"damage":73.0,"enemies":"Reptomancer","floor":42.0,"turns":4.0},{"damage":16.0,"enemies":"Sphere and 2 Shapes","floor":48.0,"turns":10.0},{"damage":89,"enemies":"Time Eater","floor":50,"turns":7}],"seed_played":"4401803434477600361","potions_obtained":[{"floor":5.0,"key":"AttackPotion"},{"floor":7.0,"key":"EntropicBrew"},{"floor":11.0,"key":"Energy Potion"},{"floor":16.0,"key":"Strength Potion"},{"floor":19.0,"key":"BloodPotion"},{"floor":19.0,"key":"AttackPotion"},{"floor":29.0,"key":"EntropicBrew"},{"floor":33.0,"key":"Block Potion"},{"floor":37.0,"key":"DistilledChaos"},{"floor":42.0,"key":"ColorlessPotion"}],"is_trial":false,"path_per_floor":["M","?","?","M","M","R","M","$","T","R","M","R","?","$","R","B",null,"M","?","$","$","?","R","$","R","T","M","R","M","R","M","R","B",null,"M","?","M","?","?","R","$","E","T","R","?","R","$","M","R","B"],"character_chosen":"IRONCLAD","items_purchased":["Master of Strategy"],"campfire_rested":3,"item_purchase_floors":[41],"current_hp_per_floor":[78,78,78,80,80,80,66,66,66,66,70,70,70,70,70,22,66,65,65,65,65,65,65,65,65,65,57,57,53,77,63,63,31,68,63,63,69,69,59,59,59,13,13,37,37,61,61,68,68,0,0],"gold":153,"neow_bonus":"THREE_ENEMY_KILL","is_daily":false,"chose_seed":false,"campfire_upgraded":10,"win_rate":0.0,"timestamp":1609982187,"path_taken":["M","?","?","M","M","R","M","$","T","R","?","R","?","?","R","BOSS","M","?","?","$","?","R","$","R","T","M","R","M","R","M","R","BOSS","M","?","M","?","?","R","?","E","T","R","?","R","$","M","R","BOSS"],"items_purchased_type":["Card"],"build_version":"2020-12-22","purchased_purges":3,"victory":false,"max_hp_per_floor":[80,80,80,80,80,80,80,80,80,80,80,80,80,80,80,80,80,80,80,80,80,80,80,80,80,80,80,80,80,80,80,80,80,80,80,80,80,80,80,80,80,80,80,80,80,80,80,80,80,80,80],"relic_stats":{"counters":[16,63],"Self Forming Clay":[93],"Cursed Key":0,"obtain_stats":[{"Runic Dome":17,"Anchor":42,"NeowsBlessing":0,"Self Forming Clay":26,"Vajra":9,"Cursed Key":34,"Burning Blood":0},{"Runic Dome":6,"Anchor":14,"NeowsBlessing":0,"Self Forming Clay":7,"Vajra":4,"Cursed Key":11,"Burning Blood":0},{"Runic Dome":21,"Anchor":46,"NeowsBlessing":0,"Self Forming Clay":24,"Vajra":10,"Cursed Key":37,"Burning Blood":0}],"Burning Blood":80},"card_choices":[{"not_picked":["Bloodletting","Power Through"],"picked":"Perfected Strike","floor":1.0},{"not_picked":["Dual Wield","Twin Strike"],"picked":"Searing Blow","floor":4.0},{"not_picked":["Perfected Strike","Dropkick","Inflame"],"picked":"SKIP","floor":5.0},{"not_picked":["Twin Strike","Rupture","Iron Wave"],"picked":"SKIP","floor":7.0},{"not_picked":["Fire Breathing","Cleave","Wild Strike"],"picked":"SKIP","floor":11.0},{"not_picked":["Barricade","Bludgeon"],"picked":"Fiend Fire","floor":16.0},{"not_picked":["Twin Strike","Reckless Charge"],"picked":"Metallicize+1","floor":18.0},{"not_picked":["Feel No Pain","Iron Wave","Rampage+1"],"picked":"SKIP","floor":27.0},{"not_picked":["Body Slam","Armaments"],"picked":"Bloodletting+1","floor":29.0},{"not_picked":["Inflame","Headbutt+1","Anger+1"],"picked":"SKIP","floor":31.0},{"not_picked":["Offering","Impervious"],"picked":"Reaper","floor":33.0},{"not_picked":["Iron Wave+1","Intimidate"],"picked":"Spot Weakness+1","floor":35.0},{"not_picked":["Good Instincts","Flash of Steel"],"picked":"Madness","floor":36.0},{"not_picked":["Pommel Strike","Iron Wave+1","Rampage+1"],"picked":"SKIP","floor":37.0},{"not_picked":["Headbutt","Cleave+1","Clothesline"],"picked":"SKIP","floor":42.0},{"not_picked":["Thunderclap","Iron Wave"],"picked":"Metallicize+1","floor":48.0}],"player_experience":64674,"relics_obtained":[{"floor":9.0,"key":"Vajra"},{"floor":26.0,"key":"Self Forming Clay"},{"floor":42.0,"key":"Anchor"}],"event_choices":[{"damage_healed":0.0,"max_hp_gain":0.0,"max_hp_loss":0.0,"gold_gain":0.0,"event_name":"Shining Light","player_choice":"Ignored","floor":2.0,"gold_loss":0.0,"damage_taken":0.0},{"cards_removed":["Defend_R"],"damage_healed":0.0,"max_hp_gain":0.0,"max_hp_loss":0.0,"gold_gain":0.0,"event_name":"Wheel of Change","player_choice":"Card Removal","floor":3.0,"gold_loss":0.0,"damage_taken":0.0},{"damage_healed":0.0,"max_hp_gain":0.0,"max_hp_loss":0.0,"gold_gain":0.0,"cards_transformed":["Perfected Strike"],"event_name":"Transmorgrifier","player_choice":"Transformed","floor":13.0,"gold_loss":0.0,"damage_taken":0.0,"cards_obtained":["Seeing Red"]},{"damage_healed":0.0,"max_hp_gain":0.0,"max_hp_loss":0.0,"gold_gain":0.0,"event_name":"Lab","player_choice":"Got Potions","floor":19.0,"gold_loss":0.0,"damage_taken":0.0},{"damage_healed":0.0,"max_hp_gain":0.0,"max_hp_loss":0.0,"gold_gain":0.0,"event_name":"Wheel of Change","player_choice":"Cursed","floor":22.0,"gold_loss":0.0,"damage_taken":0.0,"cards_obtained":["Decay"]},{"damage_healed":0.0,"max_hp_gain":0.0,"max_hp_loss":0.0,"gold_gain":0.0,"event_name":"SensoryStone","player_choice":"Memory 1","floor":36.0,"gold_loss":0.0,"damage_taken":0.0},{"cards_removed":["Strike_R"],"damage_healed":0.0,"max_hp_gain":0.0,"max_hp_loss":0.0,"gold_gain":0.0,"event_name":"Falling","player_choice":"Removed Attack","floor":38.0,"gold_loss":0.0,"damage_taken":0.0},{"damage_healed":0.0,"max_hp_gain":0.0,"max_hp_loss":0.0,"gold_gain":0.0,"event_name":"Winding Halls","player_choice":"Embrace Madness","floor":39.0,"gold_loss":0.0,"damage_taken":10.0,"cards_obtained":["Madness","Madness"]},{"damage_healed":0.0,"max_hp_gain":0.0,"max_hp_loss":0.0,"gold_gain":100.0,"event_name":"Golden Shrine","player_choice":"Pray","floor":45.0,"gold_loss":0.0,"damage_taken":0.0}],"is_beta":false,"boss_relics":[{"not_picked":["Astrolabe","Empty Cage"],"picked":"Runic Dome"},{"not_picked":["Tiny House","Calling Bell"],"picked":"Cursed Key"}],"items_purged_floors":[8,14,41],"is_endless":false,"potions_floor_spawned":[5,7,11,16,29,31,33,37,42],"killed_by":"Time Eater","ascension_level":11}}