{"host":"qxeepl7ydvsgmfdb","time":1609988771,"event":{"mods":["AchievementEnabler","BaseMod","Colored Powertips","Minty Spire (QoL Compilation)","Quick Restart","slay the spire mod where everything is the same but ironclad has a cowboy hat"],"gold_per_floor":[114,61,61,74,74,74,99,119,145,220,231,260,260,289,289,391,391,401,701,711,728,728,728,759,382,382,382,382,397,397,414,414,510,510,530,548,49,99,119,119,153,153,153,153,170,170,170],"floor_reached":46,"playtime":1329,"items_purged":["Regret"],"score":630,"play_id":"78367478-88f3-43c6-8870-603103e5e50a","local_time":"20210106220611","is_ascension_mode":true,"campfire_choices":[{"data":"White Noise","floor":6.0,"key":"SMITH"},{"floor":15.0,"key":"REST"},{"floor":23.0,"key":"REST"},{"floor":28.0,"key":"REST"},{"floor":30.0,"key":"REST"},{"floor":32.0,"key":"REST"},{"floor":40.0,"key":"REST"},{"floor":42,"key":"REST"}],"circlet_count":0,"master_deck":["Strike_B+1","Strike_B","Strike_B","Strike_B","Defend_B","Defend_B","Defend_B","Defend_B+1","Zap","Dualcast","White Noise+1","Sweeping Beam","Darkness+1","Ball Lightning+1","Ball Lightning","Leap","Rainbow","Stack","Redo","White Noise+1","Necronomicurse","Capacitor","Loop+1","Conserve Battery+1","Parasite"],"relics":["Cracked Core","NeowsBlessing","PreservedInsect","Tiny Chest","Centennial Puzzle","DataDisk","Odd Mushroom","Old Coin","MutagenicStrength","Pen Nib","Lizard Tail","Pantograph","Necronomicon","Incense Burner","Orichalcum","TungstenRod","War Paint","Mummified Hand","Bottled Flame"],"acts_visited":["Exordium","TheCity","TheBeyond"],"potions_floor_usage":[41,45],"damage_taken":[{"damage":0.0,"enemies":"2 Louse","floor":1.0,"turns":1.0},{"damage":0.0,"enemies":"Small Slimes","floor":4.0,"turns":1.0},{"damage":0.0,"enemies":"Lagavulin","floor":7.0,"turns":1.0},{"damage":4.0,"enemies":"Jaw Worm","floor":8.0,"turns":4.0},{"damage":13.0,"enemies":"Blue Slaver","floor":11.0,"turns":2.0},{"damage":2.0,"enemies":"Gremlin Nob","floor":12.0,"turns":2.0},{"damage":25.0,"enemies":"The Mushroom Lair","floor":14.0,"turns":3.0},{"damage":20.0,"enemies":"Slime Boss","floor":16.0,"turns":6.0},{"damage":32.0,"enemies":"3 Byrds","floor":18.0,"turns":4.0},{"damage":18.0,"enemies":"Chosen","floor":20.0,"turns":3.0},{"damage":9.0,"enemies":"Snecko","floor":21.0,"turns":5.0},{"damage":32.0,"enemies":"Gremlin Leader","floor":24.0,"turns":4.0},{"damage":14.0,"enemies":"Sentry and Sphere","floor":29.0,"turns":5.0},{"damage":19.0,"enemies":"Snake Plant","floor":31.0,"turns":3.0},{"damage":55.0,"enemies":"Automaton","floor":33.0,"turns":10.0},{"damage":39.0,"enemies":"3 Darklings","floor":35.0,"turns":7.0},{"damage":35.0,"enemies":"Orb Walker","floor":36.0,"turns":4.0},{"damage":12.0,"enemies":"Mind Bloom Boss Battle","floor":38.0,"turns":7.0},{"damage":6.0,"enemies":"Writhing Mass","floor":39.0,"turns":6.0},{"damage":42,"enemies":"Reptomancer","floor":41,"turns":5},{"damage":36,"enemies":"3 Darklings","floor":45,"turns":6},{"damage":23,"enemies":"Maw","floor":46,"turns":2}],"seed_played":"-8333531390576769106","potions_obtained":[{"floor":1.0,"key":"EssenceOfSteel"},{"floor":7.0,"key":"FairyPotion"},{"floor":12.0,"key":"PowerPotion"},{"floor":21.0,"key":"SteroidPotion"},{"floor":29.0,"key":"Energy Potion"},{"floor":31.0,"key":"SkillPotion"},{"floor":33.0,"key":"Block Potion"},{"floor":36.0,"key":"SkillPotion"},{"floor":39.0,"key":"SpeedPotion"},{"floor":41,"key":"Weak Potion"}],"is_trial":false,"path_per_floor":["M","$","?","M","$","R","E","M","T","?","M","E","?","?","R","B",null,"M","T","M","M","?","R","E","$","T","?","R","M","R","M","R","B",null,"M","M","$","?","M","R","E","R","T","T","M","M"],"character_chosen":"DEFECT","items_purchased":["Sweeping Beam","Lizard Tail","Incense Burner","Orichalcum","PowerPotion"],"campfire_rested":7,"item_purchase_floors":[2,25,37,37,37],"current_hp_per_floor":[75,75,75,75,75,75,75,71,71,60,47,45,30,5,27,7,75,43,43,25,16,16,38,6,6,6,12,34,20,42,23,45,15,75,36,1,1,14,8,30,37,59,59,59,23,0,0],"gold":170,"neow_bonus":"THREE_ENEMY_KILL","is_daily":false,"chose_seed":false,"campfire_upgraded":1,"win_rate":0.0,"timestamp":1609988771,"path_taken":["M","$","?","M","$","R","E","M","T","?","M","E","?","?","R","BOSS","M","?","M","M","?","R","E","$","T","?","R","M","R","M","R","BOSS","M","M","$","?","M","R","E","R","T","?","M","?"],"items_purchased_type":["Card","Relic","Relic","Relic","Potion"],"build_version":"2020-12-22","purchased_purges":1,"victory":false,"max_hp_per_floor":[75,75,75,75,75,75,75,75,75,75,75,75,75,75,75,75,75,75,75,75,75,75,75,75,75,75,75,75,75,75,75,75,75,75,75,75,75,75,75,75,75,75,75,75,75,75,75],"card_choices":[{"not_picked":["Cold Snap","Steam Power"],"picked":"White Noise","floor":1.0},{"not_picked":["Glacier","Go for the Eyes"],"picked":"Darkness","floor":4.0},{"not_picked":["Recycle","Gash"],"picked":"Ball Lightning","floor":7.0},{"not_picked":["Self Repair","Cold Snap"],"picked":"Ball Lightning","floor":8.0},{"not_picked":["Undo","Force Field","Streamline"],"picked":"SKIP","floor":11.0},{"not_picked":["Chill","Tempest"],"picked":"Leap","floor":12.0},{"not_picked":["Biased Cognition","Echo Form"],"picked":"Rainbow","floor":16.0},{"not_picked":["Hologram","Beam Cell"],"picked":"Stack","floor":18.0},{"not_picked":["Beam Cell","Rebound"],"picked":"Redo","floor":20.0},{"not_picked":["Fusion","Stack"],"picked":"White Noise+1","floor":21.0},{"not_picked":["Conserve Battery","Core Surge","Echo Form"],"picked":"SKIP","floor":24.0},{"not_picked":["Consume","Double Energy+1","Tempest+1"],"picked":"SKIP","floor":29.0},{"not_picked":["Streamline","Double Energy"],"picked":"Capacitor","floor":31.0},{"not_picked":["Melter+1","Glacier+1","Rebound"],"picked":"SKIP","floor":35.0},{"not_picked":["Sweeping Beam","Auto Shields+1"],"picked":"Loop+1","floor":36.0},{"not_picked":["Sweeping Beam","Coolheaded+1"],"picked":"Conserve Battery+1","floor":38.0},{"not_picked":["Streamline+1","Hologram+1","Coolheaded"],"picked":"SKIP","floor":39.0},{"not_picked":["Multi-Cast","Buffer","FTL"],"picked":"SKIP","floor":41},{"not_picked":["Tempest","Streamline+1","Stack"],"picked":"SKIP","floor":45}],"player_experience":378221,"relics_obtained":[{"floor":7.0,"key":"Tiny Chest"},{"floor":9.0,"key":"Centennial Puzzle"},{"floor":12.0,"key":"DataDisk"},{"floor":14.0,"key":"Odd Mushroom"},{"floor":19.0,"key":"Old Coin"},{"floor":24.0,"key":"Pen Nib"},{"floor":26.0,"key":"Pantograph"},{"floor":27.0,"key":"Necronomicon"},{"floor":38.0,"key":"TungstenRod"},{"floor":41,"key":"War Paint"},{"floor":43,"key":"Mummified Hand"},{"floor":44,"key":"Bottled Flame"}],"event_choices":[{"damage_healed":0.0,"max_hp_gain":0.0,"max_hp_loss":0.0,"gold_gain":0.0,"event_name":"Big Fish","player_choice":"Box","floor":3.0,"gold_loss":0.0,"damage_taken":0.0,"relics_obtained":["PreservedInsect"],"cards_obtained":["Regret"]},{"damage_healed":0.0,"max_hp_gain":0.0,"max_hp_loss":0.0,"gold_gain":75.0,"event_name":"World of Goop","player_choice":"Gather Gold","floor":10.0,"gold_loss":0.0,"damage_taken":11.0},{"damage_healed":0.0,"max_hp_gain":0.0,"max_hp_loss":0.0,"gold_gain":0.0,"event_name":"Shining Light","player_choice":"Entered Light","floor":13.0,"gold_loss":0.0,"damage_taken":15.0,"cards_upgraded":["Ball Lightning","Strike_B"]},{"damage_healed":0.0,"max_hp_gain":0.0,"max_hp_loss":0.0,"gold_gain":0.0,"event_name":"Mushrooms","player_choice":"Fought Mushrooms","floor":14.0,"gold_loss":0.0,"damage_taken":0.0},{"damage_healed":0.0,"max_hp_gain":0.0,"max_hp_loss":0.0,"gold_gain":0.0,"event_name":"Drug Dealer","player_choice":"Inject Mutagens","floor":22.0,"gold_loss":0.0,"damage_taken":0.0,"relics_obtained":["MutagenicStrength"]},{"damage_healed":0.0,"max_hp_gain":0.0,"max_hp_loss":0.0,"gold_gain":0.0,"event_name":"Cursed Tome","player_choice":"Obtained Book","floor":27.0,"gold_loss":0.0,"damage_taken":16.0},{"damage_healed":0.0,"max_hp_gain":0.0,"max_hp_loss":0.0,"gold_gain":0.0,"event_name":"MindBloom","player_choice":"Fight","floor":38.0,"gold_loss":0.0,"damage_taken":0.0}],"is_beta":false,"boss_relics":[{"not_picked":["Pandora\u0027s Box","FrozenCore","Sozu"]},{"not_picked":["Snecko Eye","Coffee Dripper","Runic Dome"]}],"items_purged_floors":[25],"is_endless":false,"potions_floor_spawned":[1,7,12,14,21,29,31,33,36,39,41],"killed_by":"Maw","ascension_level":3}}