{"host":"hn99riirbf0lv0ml","time":1609985142,"event":{"mods":["AchievementEnabler","Act Like it!","BaseMod","Colored Map","Colored Powertips","Downfall","Duelist Mod","Friendly Minions","Gensokyo","GifTheSpireLib","Jorbs\u0027s Wanderer Trilogy","Marisa????????","Minty Spire (QoL Compilation)","Rare Cards Sparkle","StSLib","The Animator","The Bug Knight","The Cursed","The Runesmith","The Servant 0.9.4"],"gold_per_floor":[116,127,142,155,32,32,51,51,51,84,55,55,32,47,47,151,151,162,162,162,162,77,97,97,109,135,152,168,84,44,54,54,153,153,172,184,197,209,209,209],"floor_reached":39,"playtime":7464,"items_purged":["Defend_B"],"score":387,"play_id":"ba341191-9886-4cb6-862a-4e6d934cc613","local_time":"20210106210542","is_ascension_mode":false,"campfire_choices":[{"data":"Creative AI","floor":6.0,"key":"SMITH"},{"floor":8.0,"key":"REST"},{"floor":15.0,"key":"REST"},{"floor":24.0,"key":"REST"},{"floor":32.0,"key":"REST"}],"circlet_count":0,"master_deck":["Strike_B","Strike_B","Strike_B+1","Strike_B","Defend_B","Defend_B","Defend_B","Zap+1","Dualcast","Conserve Battery","Turbo","Thunder Strike","Creative AI+1","Rebound+1","Lockon","Go for the Eyes","Cold Snap","Chill","Echo Form","Conserve Battery","RitualDagger","Defragment","Coolheaded+1","Rebound","White Noise","expansioncontent:DefensiveStance","Turbo","Rainbow","Glacier","Rebound","Skim+1","Parasite","Melter+1"],"relics":["Cracked Core","HornCleat","Bottled Lightning","FaceOfCleric","SlaversCollar","Enchiridion","Regal Pillow","Nuclear Battery"],"acts_visited":["Exordium","TheCity","TheBeyond"],"potions_floor_usage":[37,37,38],"damage_taken":[{"damage":0.0,"enemies":"Small Slimes","floor":1.0,"turns":3.0},{"damage":7.0,"enemies":"Jaw Worm","floor":2.0,"turns":4.0},{"damage":4.0,"enemies":"Cultist","floor":3.0,"turns":4.0},{"damage":6.0,"enemies":"3 Louse","floor":4.0,"turns":5.0},{"damage":15.0,"enemies":"2 Fungi Beasts","floor":7.0,"turns":4.0},{"damage":19.0,"enemies":"Lagavulin","floor":10.0,"turns":6.0},{"damage":4.0,"enemies":"Exordium Wildlife","floor":14.0,"turns":3.0},{"damage":5.0,"enemies":"Hexaghost","floor":16.0,"turns":9.0},{"damage":7.0,"enemies":"Chosen","floor":18.0,"turns":7.0},{"damage":3.0,"enemies":"Snecko","floor":23.0,"turns":4.0},{"damage":55.0,"enemies":"Centurion and Healer","floor":25.0,"turns":18.0},{"damage":9.0,"enemies":"Snake Plant","floor":27.0,"turns":4.0},{"damage":1.0,"enemies":"Cultist and Chosen","floor":28.0,"turns":5.0},{"damage":4.0,"enemies":"Snecko","floor":31.0,"turns":6.0},{"damage":9.0,"enemies":"Champ","floor":33.0,"turns":12.0},{"damage":8.0,"enemies":"3 Shapes","floor":35.0,"turns":2.0},{"damage":7,"enemies":"Orb Walker","floor":36,"turns":5},{"damage":50,"enemies":"Transient","floor":37,"turns":5},{"damage":2,"enemies":"Writhing Mass","floor":38,"turns":7},{"damage":26,"enemies":"Jaw Worm Horde","floor":39,"turns":2}],"seed_played":"-1415416888961435865","potions_obtained":[{"floor":1.0,"key":"GamblersBrew"},{"floor":4.0,"key":"Block Potion"},{"floor":7.0,"key":"FocusPotion"},{"floor":16.0,"key":"SneckoOil"},{"floor":23.0,"key":"LiquidBronze"},{"floor":28.0,"key":"LiquidBronze"},{"floor":31.0,"key":"LiquidBronze"},{"floor":35,"key":"Swift Potion"},{"floor":36,"key":"SkillPotion"}],"is_trial":false,"path_per_floor":["M","M","M","M","$","R","M","R","T","E","?","?","$","M","R","B",null,"M","?","?","?","?","M","R","M","T","M","M","$","?","M","R","B",null,"M","M","M","M","M"],"character_chosen":"DEFECT","items_purchased":["Rebound","Cold Snap","expansioncontent:DefensiveStance"],"campfire_rested":4,"item_purchase_floors":[5,13,29],"current_hp_per_floor":[75,68,64,58,58,58,43,65,65,46,46,46,46,43,65,61,77,71,55,49,49,49,47,79,25,25,17,17,17,17,14,53,45,84,77,71,22,21,0,0],"gold":209,"neow_bonus":"UPGRADE_CARD","is_daily":false,"chose_seed":false,"campfire_upgraded":1,"win_rate":0.0,"timestamp":1609985142,"path_taken":["M","M","M","M","$","R","M","R","T","E","?","?","$","M","R","BOSS","M","?","?","?","?","M","R","M","T","M","?","$","?","M","R","BOSS","M","M","M","M","?"],"items_purchased_type":["Card","Card","Card"],"build_version":"2020-12-22","purchased_purges":1,"victory":false,"max_hp_per_floor":[75,75,75,75,75,75,75,75,75,75,75,75,75,76,76,77,77,78,78,78,78,78,79,79,80,80,81,82,82,82,83,83,84,84,85,86,87,88,88,88],"card_choices":[{"not_picked":["Static Discharge","Go for the Eyes"],"picked":"Conserve Battery","floor":1.0},{"not_picked":["Sweeping Beam","Reinforced Body"],"picked":"Turbo","floor":2.0},{"not_picked":["Gash","Barrage"],"picked":"Thunder Strike","floor":3.0},{"not_picked":["Rebound","Stack"],"picked":"Creative AI","floor":4.0},{"not_picked":["Fusion","Leap"],"picked":"Lockon","floor":7.0},{"not_picked":["Self Repair","Cold Snap"],"picked":"Go for the Eyes","floor":10.0},{"not_picked":["Steam","Blizzard"],"picked":"Chill","floor":14.0},{"not_picked":["Reboot","Thunder Strike"],"picked":"Echo Form","floor":16.0},{"not_picked":["BootSequence","Steam"],"picked":"Conserve Battery","floor":18.0},{"not_picked":["Steam Power","Stack"],"picked":"Defragment","floor":23.0},{"not_picked":["Beam Cell","Cold Snap"],"picked":"Coolheaded+1","floor":25.0},{"not_picked":["Compile Driver","Hello World"],"picked":"Rebound","floor":27.0},{"not_picked":["Genetic Algorithm","Steam Power"],"picked":"White Noise","floor":28.0},{"not_picked":["Go for the Eyes+1","Doom and Gloom+1"],"picked":"Turbo","floor":31.0},{"not_picked":["Machine Learning","Reboot"],"picked":"Rainbow","floor":33.0},{"not_picked":["Blizzard+1","Conserve Battery+1"],"picked":"Glacier","floor":35},{"not_picked":["Compile Driver","Hologram+1"],"picked":"Rebound","floor":36},{"not_picked":["Sweeping Beam+1","Beam Cell"],"picked":"Skim+1","floor":37},{"not_picked":["Chaos","Scrape+1"],"picked":"Melter+1","floor":38}],"player_experience":113027,"relics_obtained":[{"floor":9.0,"key":"HornCleat"},{"floor":10.0,"key":"Bottled Lightning"},{"floor":19.0,"key":"Enchiridion"}],"event_choices":[{"damage_healed":0.0,"max_hp_gain":0.0,"max_hp_loss":0.0,"gold_gain":0.0,"event_name":"World of Goop","player_choice":"Left Gold","floor":11.0,"gold_loss":29.0,"damage_taken":0.0},{"damage_healed":0.0,"max_hp_gain":0.0,"max_hp_loss":0.0,"gold_gain":0.0,"event_name":"FaceTrader","player_choice":"Trade","floor":12.0,"gold_loss":0.0,"damage_taken":0.0,"relics_obtained":["FaceOfCleric"]},{"damage_healed":0.0,"max_hp_gain":0.0,"max_hp_loss":0.0,"gold_gain":0.0,"event_name":"Cursed Tome","player_choice":"Obtained Book","floor":19.0,"gold_loss":0.0,"damage_taken":16.0},{"damage_healed":0.0,"max_hp_gain":0.0,"max_hp_loss":0.0,"gold_gain":0.0,"event_name":"Nest","player_choice":"Joined the Cult","floor":20.0,"gold_loss":0.0,"damage_taken":6.0,"cards_obtained":["RitualDagger"]},{"damage_healed":0.0,"max_hp_gain":0.0,"max_hp_loss":0.0,"gold_gain":0.0,"event_name":"Ghosts","player_choice":"Ignored","floor":21.0,"gold_loss":0.0,"damage_taken":0.0},{"damage_healed":0.0,"max_hp_gain":0.0,"max_hp_loss":0.0,"gold_gain":0.0,"event_name":"Addict","player_choice":"Obtained Relic","floor":22.0,"gold_loss":85.0,"damage_taken":0.0,"relics_obtained":["Regal Pillow"]},{"damage_healed":0.0,"max_hp_gain":0.0,"max_hp_loss":0.0,"gold_gain":0.0,"event_name":"Designer","player_choice":"Upgraded Two","floor":30.0,"gold_loss":40.0,"damage_taken":0.0,"cards_upgraded":["Rebound","Strike_B"]}],"is_beta":false,"boss_relics":[{"not_picked":["Calling Bell","Sozu"],"picked":"SlaversCollar"},{"not_picked":["Black Star","Runic Dome"],"picked":"Nuclear Battery"}],"items_purged_floors":[5],"is_endless":false,"potions_floor_spawned":[1,4,7,16,23,28,31,35,36],"killed_by":"Jaw Worm Horde","ascension_level":0}}