{"host":"artti7o26te9gn1a","time":1609978400,"event":{"mods":["AchievementEnabler","BaseMod","Beaked The Cultist","BetterRewards","Downfall","Minty Spire (QoL Compilation)","StSLib","Trackpad"],"gold_per_floor":[114,129,129,149,30,30,57,57,57,70,70,130,140,140,140,213,213,224,3,17,36,86,86,111,36,36,7,7,40,0,14,14,92,92,111,136,148,85,85,85,111,111,111,36,50,63,63,63],"floor_reached":47,"playtime":2273,"items_purged":["Strike_B","Strike_B","Doom and Gloom","Rip and Tear"],"score":1179,"play_id":"05aa80c8-9cb2-401a-a19e-f4a2fb3ecaeb","local_time":"20210107011320","is_ascension_mode":true,"campfire_choices":[{"data":"expansioncontent:Chronoboost","floor":6,"key":"SMITH"},{"floor":8,"key":"REST"},{"data":"Self Repair","floor":11,"key":"SMITH"},{"floor":15,"key":"REST"},{"data":"Buffer","floor":23,"key":"SMITH"},{"floor":28,"key":"REST"},{"floor":32,"key":"REST"},{"data":"Chill","floor":40,"key":"SMITH"},{"data":"Consume","floor":42,"key":"SMITH"}],"circlet_count":0,"master_deck":["AscendersBane","Zap","Dualcast","Sweeping Beam","All For One","Gash","Capacitor","Cold Snap","Self Repair+1","Consume+1","Coolheaded","FTL","Beam Cell","expansioncontent:Chronoboost+1","Coolheaded","Steam","Cold Snap","Buffer+1","Core Surge","Sunder","Rainbow","Electrodynamics","Chill+1","Loop+1","Loop","Turbo","Barrage","Gash+1","Cold Snap","Go for the Eyes","Turbo","Amplify","Conserve Battery","Reinforced Body+1","Self Repair+1","Recycle"],"relics":["Cracked Core","ClockworkSouvenir","Oddly Smooth Stone","Membership Card","trackpad:MiracleGrow","StoneCalendar","Medical Kit","Bottled Tornado","InkBottle","Pocketwatch","Pandora\u0027s Box","Anchor","OrangePellets","Bag of Preparation","Toy Ornithopter","trackpad:ToughGloves","Inserter","CaptainsWheel","Omamori","Kunai"],"acts_visited":["Exordium","TheCity","TheBeyond"],"potions_floor_usage":[29],"damage_taken":[{"damage":8,"enemies":"Small Slimes","floor":1,"turns":3},{"damage":6,"enemies":"2 Louse","floor":2,"turns":2},{"damage":11,"enemies":"Jaw Worm","floor":4,"turns":5},{"damage":24,"enemies":"Lagavulin","floor":7,"turns":7},{"damage":16,"enemies":"Blue Slaver","floor":10,"turns":5},{"damage":18,"enemies":"Exordium Wildlife","floor":13,"turns":3},{"damage":32,"enemies":"Slime Boss","floor":16,"turns":7},{"damage":16,"enemies":"Chosen","floor":18,"turns":5},{"damage":14,"enemies":"3 Byrds","floor":20,"turns":5},{"damage":11,"enemies":"Snecko","floor":21,"turns":5},{"damage":42,"enemies":"Slavers","floor":24,"turns":4},{"damage":22,"enemies":"Book of Stabbing","floor":29,"turns":7},{"damage":13,"enemies":"Centurion and Healer","floor":31,"turns":6},{"damage":21,"enemies":"Automaton","floor":33,"turns":10},{"damage":18,"enemies":"3 Darklings","floor":35,"turns":7},{"damage":0,"enemies":"Mind Bloom Boss Battle","floor":36,"turns":7},{"damage":0,"enemies":"3 Shapes","floor":37,"turns":7},{"damage":49,"enemies":"Giant Head","floor":41,"turns":8},{"damage":0,"enemies":"Maw","floor":45,"turns":6},{"damage":5,"enemies":"4 Shapes","floor":46,"turns":7},{"damage":71,"enemies":"Reptomancer","floor":47,"turns":6}],"seed_played":"2432841240537206292","potions_obtained":[{"floor":7,"key":"FearPotion"},{"floor":10,"key":"Dexterity Potion"},{"floor":16,"key":"EssenceOfSteel"},{"floor":29,"key":"Guardian:BlockOnCardUsePotion"},{"floor":33,"key":"DuplicationPotion"}],"is_trial":false,"path_per_floor":["M","M","?","M","$","R","E","R","T","M","R","?","M","T","R","B",null,"M","$","M","M","?","R","E","?","T","$","R","E","?","M","R","B",null,"M","?","M","$","?","R","E","R","T","$","M","M","E"],"character_chosen":"DEFECT","items_purchased":["ClockworkSouvenir","Oddly Smooth Stone","Doom and Gloom","Sweeping Beam","Membership Card","All For One","trackpad:MiracleGrow","Doom and Gloom","Gash","Capacitor","StoneCalendar","Cold Snap","Medical Kit","FTL","Beam Cell","expansioncontent:Chronoboost","Loop","Anchor","OrangePellets","Turbo","Go for the Eyes"],"campfire_rested":4,"item_purchase_floors":[0,0,0,0,0,0,0,0,0,0,0,0,0,5,5,5,19,19,19,19,27],"current_hp_per_floor":[56,50,55,51,51,51,34,56,56,47,47,47,39,39,61,39,67,61,61,57,56,56,56,14,14,14,14,36,29,29,26,48,37,66,58,68,76,76,76,76,47,47,47,47,57,62,0,0],"gold":63,"neow_bonus":"","is_daily":false,"chose_seed":false,"campfire_upgraded":5,"win_rate":0.0,"timestamp":1609978400,"path_taken":["M","M","?","M","$","R","E","R","T","M","R","?","M","?","R","BOSS","M","$","M","M","?","R","E","?","T","?","R","E","?","?","R","BOSS","M","?","M","$","?","R","E","R","T","$","M","?","E"],"items_purchased_type":["Relic","Relic","Card","Card","Relic","Card","Relic","Card","Card","Card","Relic","Card","Relic","Card","Card","Card","Card","Relic","Relic","Card","Card"],"build_version":"2020-12-22","purchased_purges":4,"victory":false,"max_hp_per_floor":[71,71,76,76,76,76,76,76,76,76,76,76,76,76,76,76,76,76,76,76,76,76,76,76,76,76,76,76,76,76,76,76,76,76,76,76,76,76,76,76,76,76,76,76,76,76,76,76],"card_choices":[{"not_picked":["Rebound","Steam"],"picked":"Self Repair","floor":1},{"not_picked":["Doom and Gloom","Skim"],"picked":"Consume","floor":2},{"not_picked":["Conserve Battery","White Noise"],"picked":"Coolheaded","floor":4},{"not_picked":["Skim","Hyperbeam"],"picked":"Coolheaded","floor":7},{"not_picked":["Stack","Double Energy"],"picked":"Steam","floor":10},{"not_picked":["Leap","Hello World"],"picked":"Cold Snap","floor":13},{"not_picked":["Thunder Strike","Multi-Cast"],"picked":"Buffer","floor":16},{"not_picked":["Melter","Cold Snap"],"picked":"Loop+1","floor":18},{"not_picked":["Go for the Eyes","Stack+1"],"picked":"Barrage","floor":20},{"not_picked":["Self Repair","White Noise"],"picked":"Gash+1","floor":21},{"not_picked":["Blizzard","Scrape"],"picked":"Cold Snap","floor":24},{"not_picked":["Rip and Tear","Redo","Chaos"],"picked":"SKIP","floor":29},{"not_picked":["Ball Lightning","Melter"],"picked":"Turbo","floor":31},{"not_picked":["Fission","Meteor Strike"],"picked":"Amplify","floor":33},{"not_picked":["Compile Driver+1","Redo"],"picked":"Conserve Battery","floor":35},{"not_picked":["Genetic Algorithm","Beam Cell+1"],"picked":"Reinforced Body+1","floor":36},{"not_picked":["Compile Driver","Sweeping Beam","Chaos"],"picked":"SKIP","floor":37},{"not_picked":["Undo","Steam","Capacitor"],"picked":"SKIP","floor":41},{"not_picked":["Barrage","Redo"],"picked":"Recycle","floor":45},{"not_picked":["Ball Lightning","Auto Shields","Sweeping Beam+1"],"picked":"SKIP","floor":46}],"player_experience":759111,"relics_obtained":[{"floor":7,"key":"Bottled Tornado"},{"floor":9,"key":"InkBottle"},{"floor":14,"key":"Pocketwatch"},{"floor":24,"key":"Bag of Preparation"},{"floor":26,"key":"Toy Ornithopter"},{"floor":29,"key":"trackpad:ToughGloves"},{"floor":36,"key":"CaptainsWheel"},{"floor":41,"key":"Omamori"},{"floor":43,"key":"Kunai"}],"event_choices":[{"damage_healed":0,"gold_gain":0,"player_choice":"Donut","damage_taken":0,"max_hp_gain":5,"max_hp_loss":0,"event_name":"Big Fish","floor":3,"gold_loss":0},{"damage_healed":0,"gold_gain":60,"player_choice":"Gained Gold","damage_taken":0,"max_hp_gain":0,"max_hp_loss":0,"event_name":"Golden Wing","floor":12,"gold_loss":0},{"damage_healed":0,"gold_gain":50,"player_choice":"Stole From Cult","damage_taken":0,"max_hp_gain":0,"max_hp_loss":0,"event_name":"Nest","floor":22,"gold_loss":0},{"cards_removed":["Doom and Gloom"],"damage_healed":0,"gold_gain":0,"player_choice":"Gave Gold","damage_taken":0,"max_hp_gain":0,"max_hp_loss":0,"event_name":"Beggar","floor":25,"gold_loss":75},{"damage_healed":0,"gold_gain":0,"player_choice":"Paid Fearfully","damage_taken":0,"max_hp_gain":0,"max_hp_loss":0,"event_name":"Masked Bandits","floor":30,"gold_loss":40},{"damage_healed":0,"gold_gain":0,"player_choice":"Fight","damage_taken":0,"max_hp_gain":0,"max_hp_loss":0,"event_name":"MindBloom","floor":36,"gold_loss":0},{"damage_healed":0,"gold_gain":0,"player_choice":"Copied","damage_taken":0,"max_hp_gain":0,"max_hp_loss":0,"event_name":"Duplicator","floor":39,"gold_loss":0,"cards_obtained":["Self Repair"]}],"is_beta":false,"boss_relics":[{"not_picked":["Nuclear Battery","Fusion Hammer"],"picked":"Pandora\u0027s Box"},{"not_picked":["beaked:MawFillet","Philosopher\u0027s Stone"],"picked":"Inserter"}],"items_purged_floors":[0,0,38,44],"is_endless":false,"potions_floor_spawned":[7,10,16,21,29,33,36,37,46],"killed_by":"Reptomancer","ascension_level":16}}