{"host":"os7ajuuouznx3pj7","time":1609992100,"event":{"mods":["AchievementEnabler","BaseMod","Bestiary","Block Reminder","Colored Map","Colored Powertips","Keyboard Shortcuts","Minty Spire (QoL Compilation)","Quick Restart","Relic Sorter","Relic Stats","SuperFastMode"],"gold_per_floor":[117,117,133,158,158,158,192,192,192,192,207,251,251,271,271,395,458,474,493,511,175,198,233,233,273,273,1,1,1,22,65,65,189,189,213,123,144,65,88,88,122,122,122,134,146,15,59,80,80,80,80,80,80,115,115],"floor_reached":56,"playtime":7128,"items_purged":["Strike_G","Strike_G"],"score":1682,"play_id":"37ff6dae-285c-471b-8a11-b26c4d9246c1","local_time":"20210107020140","is_ascension_mode":true,"campfire_choices":[{"data":"Skewer","floor":6.0,"key":"SMITH"},{"data":"Dagger Spray","floor":8.0,"key":"SMITH"},{"data":"Outmaneuver","floor":10.0,"key":"SMITH"},{"data":"Burst","floor":15.0,"key":"SMITH"},{"data":"Master of Strategy","floor":24.0,"key":"SMITH"},{"data":"Master of Strategy","floor":29.0,"key":"SMITH"},{"data":"Prepared","floor":32.0,"key":"SMITH"},{"data":"Outmaneuver","floor":40.0,"key":"SMITH"},{"floor":45.0,"key":"REST"},{"floor":49.0,"key":"RECALL"},{"data":"Secret Weapon","floor":52.0,"key":"SMITH"}],"circlet_count":0,"master_deck":["Defend_G","Defend_G+1","Defend_G","Defend_G","Defend_G+1","Survivor","Neutralize+1","Skewer+1","Outmaneuver+1","Dagger Spray+1","Terror","Outmaneuver+1","Burst+1","Malaise","Prepared+1","Master of Strategy+1","Reflex+1","Blur","Footwork+1","Master of Strategy+1","Glass Knife","Well Laid Plans+1","Reflex","Doppelganger","Acrobatics","Tactician","Leg Sweep+1","Secret Weapon+1","Flechettes+1","Backflip"],"relics":["Philosopher\u0027s Stone","Golden Idol","Gambling Chip","Mercury Hourglass","Bronze Scales","Tiny House","Letter Opener","Akabeko","Bottled Tornado","Sozu","Sundial","MawBank","Chemical X","Turnip","White Beast Statue"],"acts_visited":["Exordium","TheCity","TheBeyond","TheEnding"],"potions_floor_usage":[55],"damage_taken":[{"damage":0.0,"enemies":"2 Louse","floor":1.0,"turns":3.0},{"damage":0.0,"enemies":"Small Slimes","floor":3.0,"turns":2.0},{"damage":8.0,"enemies":"Jaw Worm","floor":4.0,"turns":5.0},{"damage":8.0,"enemies":"Gremlin Nob","floor":7.0,"turns":3.0},{"damage":0.0,"enemies":"Gremlin Gang","floor":11.0,"turns":3.0},{"damage":13.0,"enemies":"3 Sentries","floor":12.0,"turns":5.0},{"damage":0.0,"enemies":"Lots of Slimes","floor":14.0,"turns":1.0},{"damage":0.0,"enemies":"Hexaghost","floor":16.0,"turns":6.0},{"damage":0.0,"enemies":"Chosen","floor":18.0,"turns":2.0},{"damage":0.0,"enemies":"3 Byrds","floor":19.0,"turns":3.0},{"damage":0.0,"enemies":"Snake Plant","floor":20.0,"turns":2.0},{"damage":0.0,"enemies":"Centurion and Healer","floor":22.0,"turns":4.0},{"damage":3.0,"enemies":"Book of Stabbing","floor":23.0,"turns":7.0},{"damage":10.0,"enemies":"Gremlin Leader","floor":25.0,"turns":5.0},{"damage":1.0,"enemies":"Snecko","floor":30.0,"turns":2.0},{"damage":6.0,"enemies":"Slavers","floor":31.0,"turns":5.0},{"damage":34.0,"enemies":"Champ","floor":33.0,"turns":9.0},{"damage":0.0,"enemies":"3 Shapes","floor":35.0,"turns":2.0},{"damage":5.0,"enemies":"3 Darklings","floor":37.0,"turns":4.0},{"damage":13.0,"enemies":"Sphere and 2 Shapes","floor":39.0,"turns":4.0},{"damage":35.0,"enemies":"Reptomancer","floor":41.0,"turns":4.0},{"damage":0.0,"enemies":"Giant Head","floor":47.0,"turns":4.0},{"damage":0.0,"enemies":"Jaw Worm Horde","floor":48.0,"turns":3.0},{"damage":8.0,"enemies":"Awakened One","floor":50.0,"turns":10.0},{"damage":43.0,"enemies":"Shield and Spear","floor":54.0,"turns":8.0},{"damage":15,"enemies":"The Heart","floor":55,"turns":8}],"seed_played":"-169577083034973038","potions_obtained":[{"floor":1.0,"key":"LiquidBronze"},{"floor":12.0,"key":"CunningPotion"},{"floor":17.0,"key":"Ancient Potion"},{"floor":18.0,"key":"Swift Potion"},{"floor":25.0,"key":"Fruit Juice"},{"floor":30.0,"key":"Weak Potion"}],"is_trial":false,"path_per_floor":["M","?","M","M","?","R","E","R","T","R","M","E","?","M","R","B",null,"M","M","M","$","M","E","R","E","T","$","?","R","M","E","R","B",null,"M","?","M","$","M","R","E","?","T","?","R","$","E","M","R","B",null,"R","$","E","B",null],"character_chosen":"THE_SILENT","items_purchased":["Master of Strategy","Reflex","Master of Strategy","Tactician","Chemical X"],"campfire_rested":1,"item_purchase_floors":[21,21,27,38,46],"current_hp_per_floor":[63,63,63,55,42,42,34,34,34,34,34,21,21,21,21,21,59,59,59,59,59,59,56,56,46,46,46,46,46,45,39,39,5,54,54,54,49,49,36,36,1,1,1,1,22,22,22,22,22,19,61,61,61,18,3],"gold":115,"neow_bonus":"BOSS_RELIC","is_daily":false,"chose_seed":false,"campfire_upgraded":9,"win_rate":0.0,"timestamp":1609992100,"path_taken":["M","?","M","M","?","R","E","R","T","R","M","E","?","?","R","BOSS","M","?","M","$","M","E","R","E","T","?","?","R","M","E","R","BOSS","M","?","M","?","?","R","E","?","T","?","R","?","E","?","R","BOSS","R","$","E","BOSS"],"items_purchased_type":["Card","Card","Card","Card","Relic"],"build_version":"2020-12-22","purchased_purges":2,"victory":true,"max_hp_per_floor":[70,65,65,65,65,65,65,65,65,65,65,65,65,65,65,65,70,70,70,70,70,70,70,70,70,70,70,70,70,70,70,70,70,70,70,70,70,70,70,70,70,70,70,70,70,70,70,70,70,75,75,75,75,75,75],"relic_stats":{"Sozu":3,"counters":[26,114],"Golden Idol":227,"Sundial":[6],"Gambling Chip":[41],"Bronze Scales":[373],"Turnip":[2],"Letter Opener":[512],"Chemical X":[23],"MawBank":36,"obtain_stats":[{"Tiny House":17,"Golden Idol":2,"Letter Opener":23,"Bottled Tornado":31,"MawBank":43,"Akabeko":25,"White Beast Statue":54,"Mercury Hourglass":9,"Sozu":34,"Sundial":41,"Gambling Chip":7,"Bronze Scales":12,"Philosopher\u0027s Stone":0,"Turnip":47,"Chemical X":46,"Ring of the Snake":0},{"Tiny House":8,"Golden Idol":1,"Letter Opener":13,"Bottled Tornado":16,"MawBank":21,"Akabeko":14,"White Beast Statue":25,"Mercury Hourglass":4,"Sozu":17,"Sundial":21,"Gambling Chip":4,"Bronze Scales":6,"Philosopher\u0027s Stone":0,"Turnip":22,"Chemical X":21,"Ring of the Snake":0},{"Tiny House":28,"Golden Idol":3,"Letter Opener":46,"Bottled Tornado":58,"MawBank":81,"Akabeko":51,"White Beast Statue":106,"Mercury Hourglass":13,"Sozu":67,"Sundial":81,"Gambling Chip":13,"Bronze Scales":21,"Philosopher\u0027s Stone":0,"Turnip":85,"Chemical X":81,"Ring of the Snake":0}],"Mercury Hourglass":[443]},"card_choices":[{"not_picked":["Finisher","Cloak And Dagger"],"picked":"Skewer","floor":1.0},{"not_picked":["Underhanded Strike","Poisoned Stab"],"picked":"Outmaneuver","floor":3.0},{"not_picked":["Underhanded Strike","Deadly Poison"],"picked":"Dagger Spray","floor":4.0},{"not_picked":["Dagger Spray","Finisher"],"picked":"Terror","floor":7.0},{"not_picked":["Sucker Punch","Concentrate"],"picked":"Outmaneuver","floor":11.0},{"not_picked":["Footwork","Deflect"],"picked":"Burst","floor":12.0},{"not_picked":["Sucker Punch","Reflex","Noxious Fumes"],"picked":"SKIP","floor":14.0},{"not_picked":["Unload","Storm of Steel"],"picked":"Malaise","floor":16.0},{"not_picked":["Deadly Poison+1","Masterful Stab","Bane+1"],"picked":"SKIP","floor":18.0},{"not_picked":["Storm of Steel","Flying Knee","Reflex"],"picked":"SKIP","floor":19.0},{"not_picked":["Dagger Throw","Slice+1"],"picked":"Prepared","floor":20.0},{"not_picked":["Quick Slash","Dagger Spray+1"],"picked":"Blur","floor":22.0},{"not_picked":["Storm of Steel","Dagger Spray","Noxious Fumes"],"picked":"SKIP","floor":23.0},{"not_picked":["Predator","PiercingWail"],"picked":"Footwork+1","floor":25.0},{"not_picked":["Distraction+1","Outmaneuver+1"],"picked":"Well Laid Plans+1","floor":30.0},{"not_picked":["Dagger Throw","Outmaneuver"],"picked":"Reflex","floor":31.0},{"not_picked":["Grand Finale","Corpse Explosion"],"picked":"Doppelganger","floor":33.0},{"not_picked":["Flying Knee+1","Setup","PiercingWail+1"],"picked":"SKIP","floor":35.0},{"not_picked":["Bane","Flying Knee"],"picked":"Acrobatics","floor":37.0},{"not_picked":["Storm of Steel","Quick Slash+1"],"picked":"Footwork","floor":39.0},{"not_picked":["Dagger Throw","Acrobatics"],"picked":"Leg Sweep+1","floor":41.0},{"not_picked":["Sadistic Nature","Forethought"],"picked":"Secret Weapon","floor":44.0},{"not_picked":["Endless Agony+1","Bane+1","Caltrops+1"],"picked":"SKIP","floor":47.0},{"not_picked":["Dagger Spray+1","Sucker Punch"],"picked":"Flechettes+1","floor":48.0},{"not_picked":["Envenom","Dash+1"],"picked":"Backflip","floor":54.0}],"player_experience":830574,"relics_obtained":[{"floor":7.0,"key":"Gambling Chip"},{"floor":9.0,"key":"Mercury Hourglass"},{"floor":12.0,"key":"Bronze Scales"},{"floor":23.0,"key":"Letter Opener"},{"floor":25.0,"key":"Akabeko"},{"floor":31.0,"key":"Bottled Tornado"},{"floor":41.0,"key":"Sundial"},{"floor":43.0,"key":"MawBank"},{"floor":47.0,"key":"Turnip"},{"floor":54.0,"key":"White Beast Statue"}],"event_choices":[{"damage_healed":0.0,"max_hp_gain":0.0,"max_hp_loss":5.0,"gold_gain":0.0,"event_name":"Golden Idol","player_choice":"Lose Max HP","floor":2.0,"gold_loss":0.0,"damage_taken":0.0,"relics_obtained":["Golden Idol"]},{"damage_healed":0.0,"max_hp_gain":0.0,"max_hp_loss":0.0,"gold_gain":0.0,"event_name":"Shining Light","player_choice":"Entered Light","floor":5.0,"gold_loss":0.0,"damage_taken":13.0,"cards_upgraded":["Neutralize","Defend_G"]},{"cards_removed":["Strike_G"],"damage_healed":0.0,"max_hp_gain":0.0,"max_hp_loss":0.0,"gold_gain":0.0,"event_name":"Living Wall","player_choice":"Forget","floor":13.0,"gold_loss":0.0,"damage_taken":0.0},{"damage_healed":0.0,"max_hp_gain":0.0,"max_hp_loss":0.0,"gold_gain":0.0,"cards_transformed":["Strike_G","Strike_G"],"event_name":"Drug Dealer","player_choice":"Became Test Subject","floor":28.0,"gold_loss":0.0,"damage_taken":0.0,"cards_obtained":["Sucker Punch","Glass Knife"]},{"cards_removed":["Sucker Punch"],"damage_healed":0.0,"max_hp_gain":0.0,"max_hp_loss":0.0,"gold_gain":0.0,"event_name":"Designer","player_choice":"Upgrade and Remove","floor":36.0,"gold_loss":90.0,"damage_taken":0.0,"cards_upgraded":["Reflex"]},{"cards_removed":["Footwork"],"damage_healed":0.0,"max_hp_gain":0.0,"max_hp_loss":0.0,"gold_gain":0.0,"event_name":"Falling","player_choice":"Removed Power","floor":42.0,"gold_loss":0.0,"damage_taken":0.0},{"damage_healed":0.0,"max_hp_gain":0.0,"max_hp_loss":0.0,"gold_gain":0.0,"event_name":"SensoryStone","player_choice":"Memory 1","floor":44.0,"gold_loss":0.0,"damage_taken":0.0}],"is_beta":false,"boss_relics":[{"not_picked":["Runic Dome","Ectoplasm"],"picked":"Tiny House"},{"not_picked":["Astrolabe","Busted Crown"],"picked":"Sozu"}],"items_purged_floors":[21,27],"is_endless":false,"potions_floor_spawned":[1,12,18,25,30,41,47,54],"ascension_level":8}}