{"host":"u5p72gjg7qm9i6r4","time":1609996806,"event":{"mods":["AchievementEnabler","BaseMod","Minty Spire (QoL Compilation)","Rare Cards Sparkle"],"gold_per_floor":[13,23,36,47,58,93,58,83,110,151,177,222,234,264,276,387,399,430,442,436,475,497,538,550,477,489,518,530,542,582,611,623,737,749,761,761],"floor_reached":35,"playtime":1964,"items_purged":[],"score":540,"play_id":"04d8d954-79f7-49c1-bfd3-6faf15f1f25f","local_time":"20210106232006","is_ascension_mode":true,"campfire_choices":[{"floor":13.0,"key":"REST"},{"data":"Venomology","floor":15.0,"key":"SMITH"},{"floor":24.0,"key":"REST"},{"floor":32.0,"key":"RECALL"}],"circlet_count":0,"master_deck":["Strike_G","Strike_G","Strike_G","Strike_G","Strike_G","Defend_G","Defend_G","Defend_G","Defend_G","Defend_G","Survivor","Neutralize","Blade Dance","Cloak And Dagger","Envenom","Dash","Envenom","PiercingWail","Venomology+1","Caltrops","Malaise","Blade Dance","Terror+1","Blade Dance","PiercingWail","Infinite Blades","Venomology"],"relics":["Ring of the Snake","Regal Pillow","Bag of Marbles","MawBank","Lantern","Vajra","Fusion Hammer","Juzu Bracelet","Orichalcum","Pen Nib","Ancient Tea Set","Strawberry","Snecko Eye"],"acts_visited":["Exordium","TheCity","TheBeyond"],"potions_floor_usage":[33,33],"damage_taken":[{"damage":0.0,"enemies":"Cultist","floor":1.0,"turns":4.0},{"damage":0.0,"enemies":"Jaw Worm","floor":2.0,"turns":5.0},{"damage":0.0,"enemies":"2 Louse","floor":3.0,"turns":3.0},{"damage":5.0,"enemies":"Large Slime","floor":4.0,"turns":9.0},{"damage":9.0,"enemies":"3 Louse","floor":5.0,"turns":3.0},{"damage":28.0,"enemies":"Gremlin Nob","floor":6.0,"turns":4.0},{"damage":16.0,"enemies":"3 Sentries","floor":8.0,"turns":7.0},{"damage":7.0,"enemies":"Lagavulin","floor":10.0,"turns":7.0},{"damage":0.0,"enemies":"2 Fungi Beasts","floor":11.0,"turns":4.0},{"damage":5.0,"enemies":"3 Sentries","floor":12.0,"turns":10.0},{"damage":5.0,"enemies":"Blue Slaver","floor":14.0,"turns":4.0},{"damage":25.0,"enemies":"Slime Boss","floor":16.0,"turns":10.0},{"damage":0.0,"enemies":"Shell Parasite","floor":18.0,"turns":5.0},{"damage":25.0,"enemies":"2 Thieves","floor":20.0,"turns":4.0},{"damage":9.0,"enemies":"Cultist and Chosen","floor":22.0,"turns":8.0},{"damage":3.0,"enemies":"Slavers","floor":23.0,"turns":5.0},{"damage":0.0,"enemies":"Shelled Parasite and Fungi","floor":27.0,"turns":7.0},{"damage":6.0,"enemies":"Gremlin Leader","floor":30.0,"turns":6.0},{"damage":5.0,"enemies":"Chosen and Byrds","floor":31.0,"turns":5.0},{"damage":52,"enemies":"Automaton","floor":33,"turns":7},{"damage":0,"enemies":"Orb Walker","floor":35,"turns":1}],"seed_played":"4812366271797673974","potions_obtained":[{"floor":2.0,"key":"EssenceOfSteel"},{"floor":4.0,"key":"Energy Potion"},{"floor":5.0,"key":"Strength Potion"},{"floor":6.0,"key":"AttackPotion"},{"floor":10.0,"key":"EssenceOfSteel"},{"floor":16.0,"key":"Ancient Potion"},{"floor":22.0,"key":"Block Potion"},{"floor":23.0,"key":"LiquidMemories"},{"floor":31.0,"key":"SteroidPotion"}],"is_trial":false,"path_per_floor":["M","M","M","M","M","E","?","E","T","E","M","E","R","M","R","B",null,"M","?","M","T","M","E","R","?","T","M","$","?","E","M","R","B",null,"M"],"character_chosen":"THE_SILENT","items_purchased":[],"campfire_rested":2,"item_purchase_floors":[],"current_hp_per_floor":[84,84,84,79,70,42,63,47,47,40,40,50,84,79,79,54,84,84,84,59,59,50,47,84,84,84,84,84,84,85,80,80,28,91,91,91],"gold":761,"neow_bonus":"TWENTY_PERCENT_HP_BONUS","is_daily":false,"chose_seed":false,"campfire_upgraded":1,"win_rate":0.0,"timestamp":1609996806,"path_taken":["M","M","M","M","?","E","?","E","T","E","M","E","R","M","R","BOSS","M","?","M","?","M","E","R","?","T","M","$","?","E","M","R","BOSS","M"],"items_purchased_type":[],"build_version":"2020-12-22","purchased_purges":0,"victory":false,"max_hp_per_floor":[84,84,84,84,84,84,84,84,84,84,84,84,84,84,84,84,84,84,84,84,84,84,84,84,84,84,84,84,84,91,91,91,91,91,91,91],"card_choices":[{"not_picked":["Slice","Deadly Poison"],"picked":"Blade Dance","floor":1.0},{"not_picked":["Expertise","Setup","Reflex"],"picked":"SKIP","floor":2.0},{"not_picked":["Quick Slash","Prepared"],"picked":"Cloak And Dagger","floor":3.0},{"not_picked":["Terror","Deadly Poison"],"picked":"Envenom","floor":4.0},{"not_picked":["Flying Knee","Noxious Fumes"],"picked":"Dash","floor":5.0},{"not_picked":["Tactician","Setup"],"picked":"Envenom","floor":6.0},{"not_picked":["Sucker Punch","Underhanded Strike"],"picked":"PiercingWail","floor":8.0},{"not_picked":["Heel Hook","Slice"],"picked":"Venomology","floor":10.0},{"not_picked":["Deadly Poison","Reflex","Dagger Throw"],"picked":"SKIP","floor":11.0},{"not_picked":["Escape Plan","Slice","Choke"],"picked":"SKIP","floor":12.0},{"not_picked":["Escape Plan","Dagger Throw"],"picked":"Caltrops","floor":14.0},{"not_picked":["Tools of the Trade","Doppelganger"],"picked":"Malaise","floor":16.0},{"not_picked":["Backstab","Deflect+1","Heel Hook"],"picked":"SKIP","floor":18.0},{"not_picked":["Finisher+1","Acrobatics","Dagger Throw"],"picked":"SKIP","floor":20.0},{"not_picked":["Slice","Poisoned Stab+1"],"picked":"Blade Dance","floor":22.0},{"not_picked":["Acrobatics","Choke"],"picked":"Terror+1","floor":23.0},{"not_picked":["Dodge and Roll","Outmaneuver"],"picked":"Blade Dance","floor":27.0},{"not_picked":["Cloak And Dagger","Outmaneuver+1"],"picked":"Infinite Blades","floor":30.0},{"not_picked":["Dagger Throw","Predator","Finisher"],"picked":"SKIP","floor":31.0},{"not_picked":["Malaise","Tools of the Trade"],"picked":"Venomology","floor":33}],"player_experience":91229,"relics_obtained":[{"floor":6.0,"key":"Regal Pillow"},{"floor":8.0,"key":"Bag of Marbles"},{"floor":9.0,"key":"MawBank"},{"floor":10.0,"key":"Lantern"},{"floor":12.0,"key":"Vajra"},{"floor":21.0,"key":"Orichalcum"},{"floor":23.0,"key":"Pen Nib"},{"floor":30.0,"key":"Strawberry"}],"event_choices":[{"damage_healed":21.0,"max_hp_gain":0.0,"max_hp_loss":0.0,"gold_gain":0.0,"event_name":"The Cleric","player_choice":"Healed","floor":7.0,"gold_loss":35.0,"damage_taken":0.0},{"damage_healed":0.0,"max_hp_gain":0.0,"max_hp_loss":0.0,"gold_gain":0.0,"event_name":"The Mausoleum","player_choice":"Opened","floor":19.0,"gold_loss":0.0,"damage_taken":0.0,"relics_obtained":["Juzu Bracelet"]},{"damage_healed":0.0,"max_hp_gain":0.0,"max_hp_loss":0.0,"gold_gain":0.0,"event_name":"Addict","player_choice":"Obtained Relic","floor":25.0,"gold_loss":85.0,"damage_taken":0.0,"relics_obtained":["Ancient Tea Set"]},{"damage_healed":0.0,"max_hp_gain":0.0,"max_hp_loss":0.0,"gold_gain":0.0,"event_name":"The Library","player_choice":"Read","floor":29.0,"gold_loss":0.0,"damage_taken":0.0,"cards_obtained":["PiercingWail"]}],"is_beta":false,"boss_relics":[{"not_picked":["Runic Pyramid","Tiny House"],"picked":"Fusion Hammer"},{"not_picked":["Busted Crown","Sozu"],"picked":"Snecko Eye"}],"items_purged_floors":[],"is_endless":false,"potions_floor_spawned":[2,4,5,6,10,16,22,23,27,31],"killed_by":"Orb Walker","ascension_level":4}}