{"host":"lk85u298wfxhyupu","time":1609980323,"event":{"mods":["Act Like it!","Arknights The Spire","BaseMod","Better Third Choice","Decade(???)","Gensokyo","Koishi","Marisa????????","Minty Spire (QoL Compilation)","Remilia??????","Small Relic Pack","Spicy Shops","StSLib","Td1madao Mod","The Bug Knight","The Mystic","The Servant 0.9.4","The Wild Card","??????REMEMod"],"gold_per_floor":[116,116,134,203,253,253,253,253],"floor_reached":7,"playtime":369,"items_purged":[],"score":41,"play_id":"0c742f04-baa1-43c8-a19e-a9d3038081c2","local_time":"20210106194523","is_ascension_mode":false,"campfire_choices":[{"data":"ats:Hammer On","floor":6,"key":"SMITH"}],"circlet_count":0,"master_deck":["ats:Strike C","ats:Strike G","ats:Strike S","ats:Strike V","ats:Armor Crushing Shot","ats:Defend","ats:Defend","ats:Defend","ats:Defend","ats:Emotion Absorption","ats:Consecutive Shot Auto","ats:Hammer On+1","ats:Powerful Strike","ats:Echo Reverb"],"relics":["ats:Sanity","REME_ComplimentaryCards","SsserpentHead"],"acts_visited":["Exordium"],"potions_floor_usage":[],"damage_taken":[{"damage":20,"enemies":"Jaw Worm","floor":1,"turns":4},{"damage":12,"enemies":"Cultist","floor":3,"turns":5},{"damage":5,"enemies":"2 Louse","floor":4,"turns":3},{"damage":0,"enemies":"Lagavulin","floor":7,"turns":2}],"seed_played":"-8451771618155477232","potions_obtained":[{"floor":1,"key":"ats:Emergency Sanity Potion"},{"floor":3,"key":"ats:Emergency Sanity Potion"},{"floor":4,"key":"DuplicationPotion"}],"is_trial":false,"path_per_floor":["M","?","M","M","?","R","E"],"character_chosen":"DOCTOR_CLASS","items_purchased":[],"campfire_rested":0,"item_purchase_floors":[],"current_hp_per_floor":[59,59,47,42,42,42,42,42],"gold":253,"neow_bonus":"TEN_PERCENT_HP_BONUS","is_daily":false,"chose_seed":false,"campfire_upgraded":1,"win_rate":0.0,"timestamp":1609980323,"path_taken":["M","?","M","?","?","R","E"],"items_purchased_type":[],"build_version":"2020-12-22","purchased_purges":0,"victory":false,"max_hp_per_floor":[79,79,79,79,79,79,79,79],"card_choices":[{"not_picked":["ats:Poison Spread","ats:Steam Pump"],"picked":"ats:Consecutive Shot Auto","floor":1},{"not_picked":["ats:Support Order","ats:Burning Ground"],"picked":"ats:Hammer On","floor":3},{"not_picked":["ats:Collapsing Strike","ats:Beaten Up"],"picked":"ats:Powerful Strike","floor":4}],"player_experience":21769,"relics_obtained":[],"event_choices":[{"damage_healed":0,"gold_gain":0,"player_choice":"Trade","damage_taken":0,"relics_obtained":["SsserpentHead"],"max_hp_gain":0,"max_hp_loss":0,"event_name":"FaceTrader","floor":2,"gold_loss":0},{"damage_healed":0,"gold_gain":0,"cards_transformed":["mysticmod:ClosingBarrage"],"player_choice":"Transformed","damage_taken":0,"max_hp_gain":0,"max_hp_loss":0,"event_name":"Transmorgrifier","floor":5,"gold_loss":0,"cards_obtained":["ats:Echo Reverb"]}],"is_beta":false,"boss_relics":[],"items_purged_floors":[],"is_endless":false,"potions_floor_spawned":[1,3,4],"killed_by":"Lagavulin","ascension_level":0}}