{"host":"qa029bqsloh3rj2z","time":1609984350,"event":{"mods":["AchievementEnabler","BaseMod","Colored Powertips","DeckTracker","Minty Spire (QoL Compilation)"],"gold_per_floor":[112,37,37,51,51,51,126,126,149,163,163,18,32,48,48,153,153,164,39,52,52,68,95,95,126,126,126,146,146,146,159,159,159,159],"floor_reached":33,"playtime":2692,"items_purged":["Defend_R","Strike_R","Strike_R"],"score":275,"play_id":"a04aa33a-50c7-4de9-92ba-38619d2e658d","local_time":"20210106205230","is_ascension_mode":false,"campfire_choices":[{"data":"Clash","floor":6,"key":"SMITH"},{"data":"Dropkick","floor":8,"key":"SMITH"},{"data":"Strike_R","floor":11,"key":"SMITH"},{"data":"Shrug It Off","floor":15,"key":"SMITH"},{"floor":24,"key":"REST"},{"floor":30,"key":"REST"},{"floor":32,"key":"REST"}],"circlet_count":0,"master_deck":["Strike_R+1","Defend_R+1","Defend_R+1","Bash+1","Clash+1","Dropkick+1","Shrug It Off+1","Dropkick"],"relics":["Burning Blood","War Paint","Empty Cage","Dream Catcher","Potion Belt","Mercury Hourglass","InkBottle"],"acts_visited":["Exordium","TheCity"],"potions_floor_usage":[31,33],"damage_taken":[{"damage":6,"enemies":"Cultist","floor":1,"turns":3},{"damage":8,"enemies":"Small Slimes","floor":4,"turns":2},{"damage":0,"enemies":"2 Louse","floor":10,"turns":1},{"damage":0,"enemies":"Blue Slaver","floor":13,"turns":2},{"damage":8,"enemies":"Gremlin Gang","floor":14,"turns":4},{"damage":21,"enemies":"The Guardian","floor":16,"turns":9},{"damage":26,"enemies":"Spheric Guardian","floor":18,"turns":6},{"damage":0,"enemies":"Chosen","floor":20,"turns":3},{"damage":13,"enemies":"Shelled Parasite and Fungi","floor":22,"turns":4},{"damage":28,"enemies":"Gremlin Leader","floor":23,"turns":8},{"damage":43,"enemies":"Slavers","floor":25,"turns":8},{"damage":6,"enemies":"Centurion and Healer","floor":28,"turns":5},{"damage":26,"enemies":"Sentry and Sphere","floor":31,"turns":6},{"damage":56,"enemies":"Automaton","floor":33,"turns":7}],"seed_played":"3166944520743036841","potions_obtained":[{"floor":10,"key":"HeartOfIron"},{"floor":13,"key":"Block Potion"},{"floor":14,"key":"BlessingOfTheForge"},{"floor":28,"key":"DistilledChaos"}],"is_trial":false,"path_per_floor":["M","$","$","M","?","R","?","R","T","M","R","$","M","M","R","B",null,"M","$","M","?","M","E","R","E","T","?","M","$","R","M","R","B"],"character_chosen":"IRONCLAD","items_purchased":["Shrug It Off"],"campfire_rested":3,"item_purchase_floors":[12],"current_hp_per_floor":[80,80,80,78,78,78,70,70,70,76,76,76,80,78,78,63,80,60,60,66,66,59,37,61,24,24,24,24,24,48,28,52,0,0],"gold":159,"neow_bonus":"UPGRADE_CARD","is_daily":false,"chose_seed":false,"campfire_upgraded":4,"win_rate":0.0,"timestamp":1609984350,"path_taken":["M","?","$","?","?","R","?","R","T","?","R","?","M","M","R","BOSS","M","$","M","?","M","E","R","E","T","?","?","?","R","?","R","BOSS"],"items_purchased_type":["Card"],"build_version":"2020-12-22","purchased_purges":3,"victory":false,"max_hp_per_floor":[80,80,80,80,80,80,80,80,80,80,80,80,80,80,80,80,80,80,80,80,80,80,80,80,80,80,80,80,80,80,80,80,80,80],"card_choices":[{"not_picked":["Bloodletting","Rampage"],"picked":"Clash","floor":1},{"not_picked":["Clothesline","Pummel"],"picked":"Dropkick","floor":4},{"not_picked":["Perfected Strike","Iron Wave","Thunderclap"],"picked":"SKIP","floor":10},{"not_picked":["True Grit","Heavy Blade","Blood for Blood"],"picked":"SKIP","floor":13},{"not_picked":["Twin Strike","Sever Soul"],"picked":"Dropkick","floor":14},{"not_picked":["True Grit+1","Anger","Clash+1"],"picked":"SKIP","floor":18},{"not_picked":["Pommel Strike","Heavy Blade","Shrug It Off"],"picked":"SKIP","floor":20},{"not_picked":["Pommel Strike","Fire Breathing+1","Warcry"],"picked":"SKIP","floor":22},{"not_picked":["Armaments+1","Headbutt+1","Shrug It Off"],"picked":"SKIP","floor":23},{"not_picked":["Intimidate","Metallicize","Burning Pact"],"picked":"SKIP","floor":25},{"not_picked":["Disarm","Carnage+1","Clash+1"],"picked":"SKIP","floor":28},{"not_picked":["Iron Wave+1","Anger","Twin Strike"],"picked":"SKIP","floor":31}],"player_experience":21198,"relics_obtained":[{"floor":9,"key":"War Paint"},{"floor":23,"key":"Dream Catcher"},{"floor":25,"key":"Potion Belt"},{"floor":26,"key":"Mercury Hourglass"}],"event_choices":[{"damage_healed":0,"gold_gain":0,"player_choice":"Ignored","damage_taken":0,"max_hp_gain":0,"max_hp_loss":0,"event_name":"Liars Game","floor":5,"gold_loss":0},{"damage_healed":0,"gold_gain":75,"player_choice":"Touch","damage_taken":8,"max_hp_gain":0,"max_hp_loss":0,"event_name":"FaceTrader","floor":7,"gold_loss":0},{"cards_removed":["Defend_R"],"damage_healed":0,"gold_gain":0,"player_choice":"Elegance","damage_taken":0,"max_hp_gain":0,"max_hp_loss":0,"event_name":"Back to Basics","floor":21,"gold_loss":0},{"damage_healed":0,"gold_gain":0,"player_choice":"Gave Potion","damage_taken":0,"relics_obtained":["InkBottle"],"max_hp_gain":0,"max_hp_loss":0,"event_name":"WeMeetAgain","floor":27,"gold_loss":0}],"is_beta":false,"boss_relics":[{"not_picked":["Philosopher\u0027s Stone","SlaversCollar"],"picked":"Empty Cage"}],"items_purged_floors":[2,12,19],"is_endless":false,"potions_floor_spawned":[10,13,14,18,20,28],"killed_by":"Automaton","ascension_level":0}}