{"host":"8rwquwrlbfkmmuup","time":1609996193,"event":{"mods":["BaseMod","Downfall","Halation","Infinite Spire","Marisa????????","Minty Spire (QoL Compilation)","Replay The Spire","Shop Mod","StSLib","The Animator","The Senshi","The Servant 0.9.4"],"gold_per_floor":[131,131,131,145,158,197,221,221,248,261,297,297,315,20,20,146,146,164,164,164,201,224,265,265,283,360,360,380,2,21,52,52,184,184,197,222,51,51,51],"floor_reached":38,"playtime":3006,"items_purged":["animator:Strike","animator:Defend","Regret"],"score":495,"play_id":"27bd6ce7-c11c-46d4-88e7-29f183adc4d6","local_time":"20210106210953","is_ascension_mode":false,"campfire_choices":[{"floor":8,"key":"RECALL"},{"data":"animator:NagisaMomoe","floor":24,"key":"SMITH"},{"floor":32,"key":"REST"}],"circlet_count":0,"master_deck":["animator:Strike_Konosuba","animator:Defend_Konosuba+1","animator:Defend+1","animator:Kazuma","animator:Aqua","animator:Mitsurugi","infinitespire:SevenWalls+1","animator:SayakaMiki","animator:YuiTsuruno","animator:NagisaMomoe+1","animator:Darkness","animator:IrohaTamaki","animator:Vanir","animator:MamiTomoe+1","animator:KyokoSakura+1","animator:SwordMaiden","animator:Kuribayashi+1","animator:DolaSchwi+1","animator:Spearman+1","animator:Gillette+1","animator:KyokoSakura+1","animator:Mitsurugi+1","animator:Kuribayashi+1","Sickly","animator:MamiTomoe+1","animator:Vanir+1","animator:Canti+1","animator:Darkness","animator:Evileye","animator:IrohaTamaki+1","animator:Mitsurugi+1","animator:Ainz","animator:Tet+1","ReplayTheSpireMod:Doomed","animator:YunYun+1","animator:YuiTsuruno+1","animator:YuiTsuruno+1"],"relics":["animator:LivingPicture","animator:ColorlessFragment","NeowsBlessing","Golden Idol","infinitespire:Eraser","Molten Egg 2","Cursed Key","halation:PinkSoulGem","Torii","Eternal Feather","Ring of Misfortune","ReplayTheSpireMod:Ring of Collecting","BargainBundle","MerchantsRug","Lantern","Simple Rune","Astrolabe"],"acts_visited":["Exordium","TheCity","TheBeyond"],"potions_floor_usage":[6,6,31,33,36],"damage_taken":[{"damage":0,"enemies":"Cultist","floor":1,"turns":1},{"damage":0,"enemies":"Small Slimes","floor":4,"turns":1},{"damage":0,"enemies":"2 Louse","floor":5,"turns":1},{"damage":10,"enemies":"Lagavulin","floor":6,"turns":9},{"damage":0,"enemies":"Blue Slaver","floor":7,"turns":3},{"damage":0,"enemies":"2 Fungi Beasts","floor":10,"turns":4},{"damage":0,"enemies":"Large Slime","floor":11,"turns":8},{"damage":0,"enemies":"3 Louse","floor":13,"turns":3},{"damage":0,"enemies":"Fading Forest","floor":16,"turns":11},{"damage":1,"enemies":"Chosen","floor":18,"turns":4},{"damage":5,"enemies":"3 Byrds","floor":21,"turns":5},{"damage":0,"enemies":"Cultist and Chosen","floor":22,"turns":5},{"damage":26,"enemies":"Gremlin Leader","floor":23,"turns":7},{"damage":0,"enemies":"3 Cultists","floor":25,"turns":5},{"damage":0,"enemies":"Sentry and Sphere","floor":28,"turns":5},{"damage":20,"enemies":"Centurion and Healer","floor":30,"turns":5},{"damage":13,"enemies":"Book of Stabbing","floor":31,"turns":3},{"damage":11,"enemies":"Collector","floor":33,"turns":8},{"damage":36,"enemies":"3 Shapes","floor":35,"turns":3},{"damage":29,"enemies":"3 Darklings","floor":36,"turns":3},{"damage":27,"enemies":"Transient","floor":38,"turns":1}],"seed_played":"-1245936779539293757","potions_obtained":[{"floor":1,"key":"sneckomod:MuddlingPotion"},{"floor":5,"key":"Adrenaline Potion"},{"floor":7,"key":"LiquidBronze"},{"floor":11,"key":"EntropicBrew"},{"floor":16,"key":"Dexterity Potion"},{"floor":22,"key":"Strength Potion"},{"floor":30,"key":"FearPotion"},{"floor":31,"key":"Weak Potion"},{"floor":35,"key":"Strength Potion"}],"is_trial":false,"path_per_floor":["M","?","?","M","M","E","M","R","T","M","M","T","M","$","R","B",null,"M","?","?","M","M","E","R","M","T","?","M","$","M","E","R","B",null,"M","M","$","M"],"character_chosen":"THE_ANIMATOR","items_purchased":["animator:KyokoSakura+1","animator:ColorlessFragment","BargainBundle","animator:Vanir+1","animator:Canti+1","animator:Darkness","MerchantsRug","animator:Evileye","champ:CounterPotion","sneckomod:MuddlingPotion","Strength Potion","Lantern","animator:YuiTsuruno+1"],"campfire_rested":1,"item_purchase_floors":[14,14,29,29,29,29,29,29,29,29,29,29,37],"current_hp_per_floor":[66,51,51,51,53,45,48,48,48,50,52,52,54,54,67,67,67,66,66,66,62,64,40,40,42,42,42,44,44,26,15,53,44,67,32,3,3,0,0],"gold":51,"neow_bonus":"THREE_ENEMY_KILL","is_daily":false,"chose_seed":false,"campfire_upgraded":1,"win_rate":0.0,"timestamp":1609996193,"path_taken":["M","?","?","M","?","E","M","R","T","M","M","?","M","?","R","BOSS","M","?","?","M","M","E","R","M","T","?","M","$","M","E","R","BOSS","M","M","$","M"],"items_purchased_type":["Card","Relic","Relic","Card","Card","Card","Relic","Card","Potion","Potion","Potion","Relic","Card"],"build_version":"2020-12-22","purchased_purges":3,"victory":false,"max_hp_per_floor":[66,66,66,66,66,66,67,67,67,67,67,67,67,67,67,67,67,67,67,67,67,67,67,67,67,67,67,67,67,67,67,67,67,67,68,68,68,68,68],"card_choices":[{"not_picked":["animator:Kazuma","animator:Tyuule"],"picked":"animator:Mitsurugi","floor":1},{"not_picked":["infinitespire:Fortify","ReplayTheSpireMod:Black Plague"],"picked":"infinitespire:SevenWalls","floor":2},{"not_picked":["animator:ChaikaBohdan","animator:Layla"],"picked":"animator:SayakaMiki","floor":4},{"not_picked":["animator:PandorasActor","animator:Mitsurugi"],"picked":"animator:YuiTsuruno","floor":5},{"not_picked":["animator:YachiyoNanami","animator:IrohaTamaki"],"picked":"animator:NagisaMomoe","floor":6},{"not_picked":["animator:Witch","animator:RoryMercury"],"picked":"animator:Darkness","floor":7},{"not_picked":["animator:YaoHaDucy","animator:LeleiLaLalena"],"picked":"animator:IrohaTamaki","floor":10},{"not_picked":["animator:Mitsurugi","animator:Viivi"],"picked":"animator:Vanir","floor":11},{"not_picked":["animator:SayakaMiki","animator:SuzuneAmano+1"],"picked":"animator:MamiTomoe+1","floor":13},{"not_picked":["animator:Albedo+1","animator:AcuraShin+1"],"picked":"animator:SwordMaiden","floor":16},{"not_picked":["animator:DolaSchwi+1","animator:YaoHaDucy+1"],"picked":"animator:Kuribayashi+1","floor":18},{"not_picked":["animator:AcuraAkari","animator:Darkness"],"picked":"animator:Gillette+1","floor":21},{"not_picked":["animator:NagisaMomoe","animator:YuiTsuruno+1"],"picked":"animator:KyokoSakura+1","floor":22},{"not_picked":["animator:YaoHaDucy+1","animator:PinaCoLada"],"picked":"animator:Mitsurugi+1","floor":23},{"not_picked":["animator:Vanir+1","animator:DwarfShaman+1"],"picked":"animator:Kuribayashi+1","floor":25},{"not_picked":["animator:SuzuneAmano+1","animator:KyokoSakura+1"],"picked":"animator:MamiTomoe+1","floor":28},{"not_picked":["animator:Fredrika+1","animator:YunYun+1"],"picked":"animator:IrohaTamaki+1","floor":30},{"not_picked":["animator:YunYun+1","animator:PandorasActor+1"],"picked":"animator:Mitsurugi+1","floor":31},{"not_picked":["animator:SwordMaiden","animator:ItamiYouji+1"],"picked":"animator:Ainz","floor":33},{"not_picked":["animator:Aqua","animator:Kazuma"],"picked":"animator:YunYun+1","floor":35},{"not_picked":["animator:Entoma+1","animator:SayakaMiki+1"],"picked":"animator:YuiTsuruno+1","floor":36}],"player_experience":79191,"relics_obtained":[{"floor":6,"key":"infinitespire:Eraser"},{"floor":12,"key":"Molten Egg 2"},{"floor":23,"key":"Torii"},{"floor":26,"key":"Eternal Feather"},{"floor":27,"key":"Ring of Misfortune"},{"floor":27,"key":"ReplayTheSpireMod:Ring of Collecting"},{"floor":31,"key":"Simple Rune"}],"event_choices":[{"damage_healed":0,"gold_gain":0,"player_choice":"Take Wound","damage_taken":0,"relics_obtained":["Golden Idol"],"max_hp_gain":0,"max_hp_loss":0,"event_name":"Golden Idol","floor":3,"gold_loss":0,"cards_obtained":["Injury"]},{"damage_healed":0,"gold_gain":0,"cards_transformed":["animator:Strike","animator:Strike"],"player_choice":"Became Test Subject","damage_taken":0,"max_hp_gain":0,"max_hp_loss":0,"event_name":"Drug Dealer","floor":20,"gold_loss":0,"cards_obtained":["animator:DolaSchwi","animator:Spearman"]}],"is_beta":false,"boss_relics":[{"not_picked":["Kintsugi","infinitespire:Cupcake"],"picked":"Cursed Key"},{"not_picked":["Painkiller Herb","Mark of Pain"],"picked":"Astrolabe"}],"items_purged_floors":[14,29,37],"is_endless":false,"potions_floor_spawned":[1,5,7,11,16,22,28,30,31,35],"killed_by":"Transient","ascension_level":0}}