{"host":"l60rmjjsfi0fipmi","time":1609983917,"event":{"mods":["BaseMod","Colored Map","DeckTracker","Highlight Path","Minty Spire (QoL Compilation)"],"gold_per_floor":[111,124,136,148,36,36,53,53,126,157,157,157,171,191,191,289,289,308,320,320,345,345,345,33,33,58,74,74,109,127,53,53,157,157,174,190,190,239,254,254,270,270,270,290,290,309,339,339,339],"floor_reached":48,"playtime":3241,"items_purged":[],"score":509,"play_id":"24870c44-ceb7-4501-9ca4-8091c298be27","local_time":"20210106204517","is_ascension_mode":false,"campfire_choices":[{"data":"Setup","floor":6,"key":"SMITH"},{"floor":8,"key":"REST"},{"data":"Noxious Fumes","floor":15,"key":"SMITH"},{"data":"Dodge and Roll","floor":23,"key":"SMITH"},{"data":"Tools of the Trade","floor":25,"key":"SMITH"},{"data":"Deadly Poison","floor":28,"key":"SMITH"},{"floor":32,"key":"REST"},{"floor":40,"key":"REST"},{"floor":42,"key":"REST"},{"floor":45,"key":"REST"}],"circlet_count":0,"master_deck":["Strike_G","Defend_G","Defend_G","Defend_G","Defend_G","Defend_G","Survivor","Neutralize","Doppelganger","Slice","Backflip","Noxious Fumes+1","Setup+1","Blade Dance","Finisher","Dodge and Roll+1","Tools of the Trade+1","Bane+1","Footwork+1","Doppelganger+1","PiercingWail+1","Backstab","Deadly Poison+1","Dagger Spray","Dash+1","Bouncing Flask","A Thousand Cuts","Well Laid Plans+1","Dodge and Roll+1","Madness","Madness","Parasite","Decay"],"relics":["Ring of the Snake","Darkstone Periapt","WingedGreaves","Tiny Chest","Astrolabe","MealTicket","Snake Skull","TwistedFunnel","PreservedInsect","White Beast Statue","Cursed Key","Blood Vial","Sundial","Frozen Egg 2"],"acts_visited":["Exordium","TheCity","TheBeyond"],"potions_floor_usage":[10,16,29,33,33,39,39,47,47,48],"damage_taken":[{"damage":9,"enemies":"2 Louse","floor":1,"turns":5},{"damage":1,"enemies":"Cultist","floor":2,"turns":4},{"damage":2,"enemies":"Small Slimes","floor":3,"turns":6},{"damage":2,"enemies":"Exordium Thugs","floor":4,"turns":5},{"damage":23,"enemies":"Exordium Wildlife","floor":7,"turns":8},{"damage":31,"enemies":"Gremlin Nob","floor":10,"turns":5},{"damage":4,"enemies":"Looter","floor":13,"turns":4},{"damage":11,"enemies":"Exordium Thugs","floor":14,"turns":5},{"damage":47,"enemies":"Hexaghost","floor":16,"turns":12},{"damage":10,"enemies":"3 Byrds","floor":18,"turns":6},{"damage":8,"enemies":"Spheric Guardian","floor":19,"turns":6},{"damage":2,"enemies":"Snake Plant","floor":27,"turns":4},{"damage":26,"enemies":"Gremlin Leader","floor":29,"turns":9},{"damage":0,"enemies":"Snecko","floor":30,"turns":5},{"damage":55,"enemies":"Collector","floor":33,"turns":9},{"damage":8,"enemies":"3 Shapes","floor":35,"turns":4},{"damage":11,"enemies":"3 Darklings","floor":36,"turns":4},{"damage":56,"enemies":"Spire Growth","floor":39,"turns":6},{"damage":30,"enemies":"Jaw Worm Horde","floor":41,"turns":6},{"damage":4,"enemies":"Transient","floor":44,"turns":5},{"damage":9,"enemies":"3 Darklings","floor":46,"turns":5},{"damage":56,"enemies":"Reptomancer","floor":47,"turns":4},{"damage":8,"enemies":"4 Shapes","floor":48,"turns":2}],"seed_played":"2008467904894050429","potions_obtained":[{"floor":2,"key":"BlessingOfTheForge"},{"floor":4,"key":"Explosive Potion"},{"floor":13,"key":"Explosive Potion"},{"floor":16,"key":"Energy Potion"},{"floor":19,"key":"EssenceOfSteel"},{"floor":29,"key":"Swift Potion"},{"floor":33,"key":"Dexterity Potion"},{"floor":35,"key":"DuplicationPotion"},{"floor":39,"key":"PowerPotion"},{"floor":41,"key":"LiquidBronze"},{"floor":46,"key":"Block Potion"},{"floor":47,"key":"Fire Potion"}],"is_trial":false,"path_per_floor":["M","M","M","M","$","R","M","R","T","E","?","?","M","M","R","B",null,"M","M","?","T","?","R","$","R","T","M","R","E","M","$","R","B",null,"M","M","?","T","M","R","M","R","T","M","R","M","E","M"],"character_chosen":"THE_SILENT","items_purchased":["Noxious Fumes","Setup","Snake Skull","Deadly Poison","TwistedFunnel","Bouncing Flask"],"campfire_rested":5,"item_purchase_floors":[5,5,24,24,24,31],"current_hp_per_floor":[61,60,58,56,56,56,33,54,54,23,23,80,76,65,65,18,80,70,62,62,62,47,47,62,62,62,60,60,34,34,49,74,19,85,77,66,55,61,7,34,6,33,39,37,66,59,5,0,0],"gold":339,"neow_bonus":"ONE_RANDOM_RARE_CARD","is_daily":false,"chose_seed":false,"campfire_upgraded":5,"win_rate":0.0,"timestamp":1609983917,"path_taken":["M","M","M","M","$","R","M","R","T","E","?","?","?","M","R","BOSS","M","M","?","?","?","R","$","R","T","?","R","E","M","$","R","BOSS","M","M","?","?","M","R","M","R","T","M","R","?","E","M"],"items_purchased_type":["Card","Card","Relic","Card","Relic","Card"],"build_version":"2020-12-22","purchased_purges":0,"victory":false,"max_hp_per_floor":[70,70,70,70,70,70,70,70,70,70,70,80,80,80,80,80,80,80,80,80,80,85,85,85,85,85,85,85,85,85,85,85,85,85,85,85,85,91,91,91,91,91,97,97,97,97,97,97,97],"card_choices":[{"not_picked":["Prepared","Catalyst"],"picked":"Slice","floor":1},{"not_picked":["Eviscerate","Prepared","Outmaneuver"],"picked":"SKIP","floor":2},{"not_picked":["Deadly Poison","Prepared"],"picked":"Grand Finale","floor":3},{"not_picked":["Deflect","Sucker Punch"],"picked":"Backflip","floor":4},{"not_picked":["After Image","Endless Agony"],"picked":"Blade Dance","floor":7},{"not_picked":["Escape Plan","Prepared","Masterful Stab"],"picked":"SKIP","floor":10},{"not_picked":["Deflect","Blur"],"picked":"Finisher","floor":13},{"not_picked":["Bane","PiercingWail"],"picked":"Dodge and Roll","floor":14},{"not_picked":["Unload","Grand Finale"],"picked":"Tools of the Trade","floor":16},{"not_picked":["Bane+1","Underhanded Strike+1"],"picked":"PiercingWail+1","floor":18},{"not_picked":["Prepared","Acrobatics"],"picked":"Backstab","floor":19},{"not_picked":["Deflect+1","Calculated Gamble"],"picked":"Dagger Spray","floor":27},{"not_picked":["Sucker Punch","All Out Attack+1"],"picked":"Dash+1","floor":29},{"not_picked":["Acrobatics","Blade Dance","Calculated Gamble"],"picked":"SKIP","floor":30},{"not_picked":["Night Terror","Unload"],"picked":"A Thousand Cuts","floor":33},{"not_picked":["Backflip","Deflect"],"picked":"Well Laid Plans+1","floor":35},{"not_picked":["Cloak And Dagger","Skewer+1"],"picked":"Dodge and Roll+1","floor":36},{"not_picked":["Masterful Stab+1","Deadly Poison","Prepared"],"picked":"SKIP","floor":39},{"not_picked":["Blade Dance","Outmaneuver","Deadly Poison"],"picked":"SKIP","floor":41},{"not_picked":["Acrobatics+1","Unload","Choke+1"],"picked":"SKIP","floor":44},{"not_picked":["PiercingWail","Outmaneuver+1","All Out Attack+1"],"picked":"SKIP","floor":46},{"not_picked":["Expertise+1","Dagger Spray+1","Bane"],"picked":"SKIP","floor":47}],"player_experience":254696,"relics_obtained":[{"floor":9,"key":"Darkstone Periapt"},{"floor":10,"key":"WingedGreaves"},{"floor":21,"key":"MealTicket"},{"floor":26,"key":"PreservedInsect"},{"floor":29,"key":"White Beast Statue"},{"floor":38,"key":"Blood Vial"},{"floor":43,"key":"Sundial"},{"floor":47,"key":"Frozen Egg 2"}],"event_choices":[{"damage_healed":0,"gold_gain":0,"player_choice":"Searched \u00271\u0027 times","damage_taken":0,"relics_obtained":["Tiny Chest"],"max_hp_gain":0,"max_hp_loss":0,"event_name":"Dead Adventurer","floor":11,"gold_loss":0},{"cards_removed":["Grand Finale"],"damage_healed":47,"gold_gain":0,"player_choice":"Offered Rare","damage_taken":0,"max_hp_gain":10,"max_hp_loss":0,"event_name":"Bonfire Elementals","floor":12,"gold_loss":0},{"cards_removed":["Strike_G"],"damage_healed":0,"gold_gain":0,"player_choice":"Elegance","damage_taken":0,"max_hp_gain":0,"max_hp_loss":0,"event_name":"Back to Basics","floor":20,"gold_loss":0},{"damage_healed":0,"gold_gain":0,"player_choice":"Shed Blood","damage_taken":20,"max_hp_gain":5,"max_hp_loss":0,"event_name":"Forgotten Altar","floor":22,"gold_loss":0},{"damage_healed":0,"gold_gain":0,"player_choice":"Embrace Madness","damage_taken":11,"max_hp_gain":0,"max_hp_loss":0,"event_name":"Winding Halls","floor":37,"gold_loss":0,"cards_obtained":["Madness","Madness"]}],"is_beta":false,"boss_relics":[{"not_picked":["SacredBark","Sozu"],"picked":"Astrolabe"},{"not_picked":["Snecko Eye","Fusion Hammer"],"picked":"Cursed Key"}],"items_purged_floors":[],"is_endless":false,"potions_floor_spawned":[2,4,13,16,19,27,29,30,33,35,36,39,41,44,46,47],"killed_by":"4 Shapes","ascension_level":0}}