{"host":"fxh4234sf5pb3xr6","time":1609995274,"event":{"mods":["BaseMod","Colored Map","Colored Powertips","Minty Spire (QoL Compilation)","StSLib"],"gold_per_floor":[20,20,34,47,122,122,151,151,203,203,213,213,26,41,41,142,142,153,164,164,164,164,164,178,93,144,162,162,162,182,272,272,272,272],"floor_reached":33,"playtime":1875,"items_purged":[],"score":306,"play_id":"e0d635a1-cbfb-4573-9788-a9e1785c2d41","local_time":"20210106235434","is_ascension_mode":true,"campfire_choices":[{"data":"Conserve Battery","floor":6,"key":"SMITH"},{"floor":8,"key":"REST"},{"floor":10,"key":"REST"},{"data":"Loop","floor":15,"key":"SMITH"},{"floor":23,"key":"REST"},{"floor":29,"key":"REST"},{"floor":32,"key":"REST"}],"circlet_count":0,"master_deck":["Defend_B","Defend_B","Zap","Dualcast","Scrape","Force Field","Conserve Battery+1","Cold Snap","Defragment","FTL","Loop+1","Core Surge","Redo+1","BootSequence","Rebound"],"relics":["Cracked Core","PreservedInsect","Juzu Bracelet","Toolbox","Inserter","Singing Bowl","Art of War"],"acts_visited":["Exordium","TheCity"],"potions_floor_usage":[16,30,33,33],"damage_taken":[{"damage":12,"enemies":"Jaw Worm","floor":1,"turns":3},{"damage":0,"enemies":"Cultist","floor":3,"turns":3},{"damage":8,"enemies":"2 Louse","floor":4,"turns":2},{"damage":27,"enemies":"Lagavulin","floor":7,"turns":10},{"damage":0,"enemies":"Blue Slaver","floor":11,"turns":4},{"damage":5,"enemies":"Exordium Wildlife","floor":14,"turns":5},{"damage":3,"enemies":"The Guardian","floor":16,"turns":10},{"damage":21,"enemies":"Shell Parasite","floor":18,"turns":5},{"damage":16,"enemies":"3 Byrds","floor":19,"turns":5},{"damage":15,"enemies":"Sentry and Sphere","floor":24,"turns":4},{"damage":14,"enemies":"Centurion and Healer","floor":27,"turns":7},{"damage":12,"enemies":"Snake Plant","floor":30,"turns":3},{"damage":53,"enemies":"Champ","floor":33,"turns":9}],"seed_played":"1738091397843647902","potions_obtained":[{"floor":7,"key":"FearPotion"},{"floor":16,"key":"SkillPotion"},{"floor":19,"key":"ColorlessPotion"},{"floor":27,"key":"Strength Potion"},{"floor":30,"key":"Weak Potion"}],"is_trial":false,"path_per_floor":["M","?","M","M","?","R","E","R","T","R","M","?","$","M","R","B",null,"M","M","?","?","?","R","M","?","T","M","?","R","M","?","R","B"],"character_chosen":"DEFECT","items_purchased":["FTL","Toolbox"],"campfire_rested":5,"item_purchase_floors":[13,13],"current_hp_per_floor":[63,63,63,55,44,44,17,39,39,61,61,54,54,49,49,46,68,47,31,31,17,17,41,26,26,26,14,14,38,28,16,41,0,0],"gold":272,"neow_bonus":"TRANSFORM_TWO_CARDS","is_daily":false,"chose_seed":false,"campfire_upgraded":2,"win_rate":0.0,"timestamp":1609995274,"path_taken":["M","?","M","?","?","R","E","R","T","R","M","?","?","M","R","BOSS","M","M","?","?","?","R","M","?","T","M","?","R","M","?","R","BOSS"],"items_purchased_type":["Card","Relic"],"build_version":"2020-12-22","purchased_purges":0,"victory":false,"max_hp_per_floor":[75,75,75,75,75,75,75,75,75,75,75,75,75,75,75,75,75,75,75,75,80,80,80,80,80,80,82,82,82,84,84,84,84,84],"card_choices":[{"not_picked":["Compile Driver","Sweeping Beam"],"picked":"Conserve Battery","floor":1},{"not_picked":["Static Discharge","Turbo"],"picked":"Cold Snap","floor":3},{"not_picked":["Aggregate","Redo","Hello World"],"picked":"SKIP","floor":4},{"not_picked":["Hologram","Barrage"],"picked":"Defragment","floor":7},{"not_picked":["Cold Snap","Sweeping Beam","Lockon"],"picked":"SKIP","floor":11},{"not_picked":["Steam","Hologram"],"picked":"Loop","floor":14},{"not_picked":["Thunder Strike","Reboot"],"picked":"Core Surge","floor":16},{"not_picked":["Compile Driver","Tempest"],"picked":"Redo+1","floor":18},{"not_picked":["Stack","Ball Lightning","Hologram"],"picked":"SKIP","floor":19},{"not_picked":["Barrage","Turbo","Cold Snap"],"picked":"SKIP","floor":24},{"not_picked":["Conserve Battery","Steam+1","Aggregate+1"],"picked":"Singing Bowl","floor":27},{"not_picked":["Compile Driver","Sweeping Beam+1","Chaos"],"picked":"Singing Bowl","floor":30}],"player_experience":317111,"relics_obtained":[{"floor":7,"key":"PreservedInsect"},{"floor":9,"key":"Juzu Bracelet"},{"floor":26,"key":"Art of War"}],"event_choices":[{"cards_removed":["Defend_B"],"damage_healed":0,"gold_gain":0,"player_choice":"Purged","damage_taken":0,"max_hp_gain":0,"max_hp_loss":0,"event_name":"Purifier","floor":2,"gold_loss":0},{"damage_healed":0,"gold_gain":75,"player_choice":"Gather Gold","damage_taken":11,"max_hp_gain":0,"max_hp_loss":0,"event_name":"World of Goop","floor":5,"gold_loss":0},{"cards_removed":["Defend_B"],"damage_healed":0,"gold_gain":0,"player_choice":"Card Removal","damage_taken":7,"max_hp_gain":0,"max_hp_loss":0,"event_name":"Golden Wing","floor":12,"gold_loss":0},{"damage_healed":0,"gold_gain":0,"player_choice":"Ignored","damage_taken":0,"max_hp_gain":0,"max_hp_loss":0,"event_name":"Vampires","floor":20,"gold_loss":0},{"damage_healed":0,"gold_gain":0,"player_choice":"Shed Blood","damage_taken":19,"max_hp_gain":5,"max_hp_loss":0,"event_name":"Forgotten Altar","floor":21,"gold_loss":0},{"damage_healed":0,"gold_gain":0,"player_choice":"Ignored","damage_taken":0,"max_hp_gain":0,"max_hp_loss":0,"event_name":"Ghosts","floor":22,"gold_loss":0},{"damage_healed":0,"gold_gain":0,"player_choice":"Obtained Relic","damage_taken":0,"relics_obtained":["Singing Bowl"],"max_hp_gain":0,"max_hp_loss":0,"event_name":"Addict","floor":25,"gold_loss":85},{"damage_healed":0,"gold_gain":0,"cards_transformed":["Strike_B","Strike_B"],"player_choice":"Became Test Subject","damage_taken":0,"max_hp_gain":0,"max_hp_loss":0,"event_name":"Drug Dealer","floor":28,"gold_loss":0,"cards_obtained":["BootSequence","Rebound"]},{"damage_healed":0,"gold_gain":90,"player_choice":"GOLD ","damage_taken":12,"max_hp_gain":0,"max_hp_loss":0,"event_name":"Knowing Skull","floor":31,"potions_obtained":[],"gold_loss":0,"cards_obtained":[]}],"is_beta":false,"boss_relics":[{"not_picked":["Runic Pyramid","SacredBark"],"picked":"Inserter"}],"items_purged_floors":[],"is_endless":false,"potions_floor_spawned":[7,16,19,27,30],"killed_by":"Champ","ascension_level":5}}