{"host":"cgaibh95wzkurumv","time":1609977931,"event":{"mods":["BaseMod","Minty Spire (QoL Compilation)","Replay The Spire","StSLib","The Runesmith"],"gold_per_floor":[114,129,144,144,159,159,174,189,264,264,264,200,50,80,80,180,180,195,210,210,225,225,225,240,255,280,287,62,77,107,122,122,222,222,237,283,298,313,328,328,78,93,143,158,158,173,173,203,203,203],"floor_reached":51,"playtime":4748,"items_purged":["Decay","Decay"],"score":805,"play_id":"5c2c4891-2774-41c8-8524-c668bc3612e7","local_time":"20210106210531","daily_mods":["Cursed Run","Uncertain Future","Binary"],"is_ascension_mode":false,"campfire_choices":[{"data":"Leg Sweep","floor":6,"key":"SMITH"},{"data":"Riddle With Holes","floor":11,"key":"SMITH"},{"data":"Neutralize","floor":15,"key":"SMITH"},{"data":"Doppelganger","floor":23,"key":"SMITH"},{"data":"Burst","floor":32,"key":"SMITH"},{"data":"ReplayTheSpireMod:From All Sides","floor":45,"key":"SMITH"},{"data":"PiercingWail","floor":47,"key":"SMITH"},{"floor":49,"key":"REST"}],"circlet_count":0,"master_deck":["Strike_G","Strike_G","Strike_G+1","Strike_G+1","Strike_G","Defend_G","Defend_G","Defend_G","Defend_G","Defend_G","Survivor","Neutralize+1","Hidden Blade","Leg Sweep+1","Underhanded Strike","Dash","PiercingWail+1","Riddle With Holes+1","Delirium","Doppelganger+1","AbeCurse","Backstab+1","Burst+1","Dash+1","Parasite","Venomology","Hidden Blade+1","Bullet Time","ReplayTheSpireMod:From All Sides+1","Languid","Hallucinations"],"relics":["Cursed Key","Darkstone Periapt","Du-Vu Doll","Pen Nib","Meat on the Bone","Replay:Bottled Steam","Replay:Baseball","Art of War","Abe\u0027s Treasure","Singing Bowl","Replay:Rubber Ducky","Akabeko","Red Mask","HandDrill","Pet Ghost","WristBlade","Garlic","Strawberry","Simple Rune","Oddly Smooth Stone"],"acts_visited":["Exordium","TheCity","TheBeyond"],"potions_floor_usage":[16,21,24,27,30,31,31,33,37,38,39,39,42,44,46,46,48,50,50,50],"damage_taken":[{"damage":0,"enemies":"Small Slimes","floor":1,"turns":4},{"damage":0,"enemies":"2 Louse","floor":2,"turns":3},{"damage":1,"enemies":"Cultist","floor":3,"turns":5},{"damage":4,"enemies":"2 Fungi Beasts","floor":5,"turns":4},{"damage":0,"enemies":"Blue Slaver","floor":7,"turns":4},{"damage":0,"enemies":"Exordium Wildlife","floor":8,"turns":3},{"damage":8,"enemies":"Gremlin Nob","floor":14,"turns":5},{"damage":49,"enemies":"Fading Forest","floor":16,"turns":11},{"damage":0,"enemies":"Chosen","floor":18,"turns":4},{"damage":5,"enemies":"2 Thieves","floor":19,"turns":4},{"damage":0,"enemies":"Centurion and Healer","floor":21,"turns":6},{"damage":9,"enemies":"Snake Plant","floor":24,"turns":3},{"damage":20,"enemies":"Chosen and Byrds","floor":25,"turns":5},{"damage":6,"enemies":"Masked Bandits","floor":27,"turns":4},{"damage":11,"enemies":"Cultist and Chosen","floor":29,"turns":5},{"damage":15,"enemies":"Book of Stabbing","floor":30,"turns":4},{"damage":10,"enemies":"Snake Plant","floor":31,"turns":3},{"damage":12,"enemies":"Automaton","floor":33,"turns":11},{"damage":0,"enemies":"3 Shapes","floor":35,"turns":2},{"damage":0,"enemies":"3 Darklings","floor":37,"turns":2},{"damage":2,"enemies":"4 Shapes","floor":38,"turns":4},{"damage":11,"enemies":"Transient","floor":39,"turns":5},{"damage":5,"enemies":"3 Darklings","floor":42,"turns":4},{"damage":5,"enemies":"Sphere and 2 Shapes","floor":44,"turns":4},{"damage":0,"enemies":"Writhing Mass","floor":46,"turns":2},{"damage":6,"enemies":"Nemesis","floor":48,"turns":5},{"damage":23,"enemies":"Awakened One","floor":50,"turns":14}],"seed_played":"-5218424555718163201","potions_obtained":[{"floor":2,"key":"CunningPotion"},{"floor":3,"key":"Fire Potion"},{"floor":5,"key":"Dexterity Potion"},{"floor":16,"key":"FearPotion"},{"floor":19,"key":"DistilledChaos"},{"floor":21,"key":"Dexterity Potion"},{"floor":27,"key":"Elixir"},{"floor":29,"key":"Cursed Concoction"},{"floor":30,"key":"ColorlessPotion"},{"floor":33,"key":"SteroidPotion"},{"floor":35,"key":"Toxic Potion"},{"floor":39,"key":"Block Potion"},{"floor":44,"key":"Elixir"}],"is_trial":false,"path_per_floor":["M","M","M","?","M","R","M","M","T","?","R","?","$","E","R","B",null,"M","M","T","M","?","R","M","M","T","?","$","M","E","M","R","B",null,"M","?","M","M","M","?","$","M","T","M","R","M","R","E","R","B",null],"character_chosen":"THE_SILENT","items_purchased":["Replay:Baseball","HandDrill","Strawberry"],"campfire_rested":1,"item_purchase_floors":[13,28,41],"current_hp_per_floor":[70,70,69,66,62,62,62,62,68,61,61,61,61,53,53,44,88,88,83,89,89,89,89,82,64,70,66,66,57,54,56,56,62,114,116,72,74,74,65,65,72,67,73,82,82,84,84,80,122,105],"gold":203,"neow_bonus":"","is_daily":true,"chose_seed":false,"campfire_upgraded":7,"win_rate":0.0,"timestamp":1609977931,"path_taken":["M","M","M","?","M","R","M","M","T","?","R","?","$","E","R","BOSS","M","M","?","M","?","R","M","M","T","?","$","M","E","M","R","BOSS","M","?","M","M","M","?","$","?","T","M","R","M","R","E","R","BOSS"],"items_purchased_type":["Relic","Relic","Relic"],"build_version":"2020-12-22","purchased_purges":2,"victory":true,"max_hp_per_floor":[70,70,70,70,70,70,70,70,76,76,76,76,76,76,76,82,88,88,88,94,94,94,94,96,98,104,106,106,108,108,108,108,114,114,116,118,120,122,124,124,131,131,137,139,139,141,141,143,143,149],"card_choices":[{"not_picked":["Backflip"],"picked":"Hidden Blade","floor":1},{"not_picked":["Hidden Blade"],"picked":"Leg Sweep","floor":2},{"not_picked":["Dagger Spray"],"picked":"Underhanded Strike","floor":3},{"not_picked":["Backflip"],"picked":"Dash","floor":5},{"not_picked":["Skewer"],"picked":"PiercingWail","floor":7},{"not_picked":["Storm of Steel"],"picked":"Riddle With Holes","floor":8},{"not_picked":["Deflect","Outmaneuver"],"picked":"SKIP","floor":14},{"not_picked":["Phantasmal Killer"],"picked":"Doppelganger","floor":16},{"not_picked":["Deadly Poison+1"],"picked":"Dodge and Roll","floor":18},{"not_picked":["Slice+1","Riddle With Holes"],"picked":"SKIP","floor":19},{"not_picked":["Finisher"],"picked":"Backstab+1","floor":21},{"not_picked":["Bane","Blade Dance"],"picked":"Singing Bowl","floor":24},{"not_picked":["ReplayTheSpireMod:Exploit Weakness","Backflip"],"picked":"Singing Bowl","floor":25},{"not_picked":["Backflip","Infinite Blades"],"picked":"Singing Bowl","floor":27},{"not_picked":["Bane+1","Poisoned Stab+1"],"picked":"Singing Bowl","floor":29},{"not_picked":["Poisoned Stab"],"picked":"Burst","floor":30},{"not_picked":["Infinite Blades"],"picked":"Dash+1","floor":31},{"not_picked":["Glass Knife"],"picked":"Venomology","floor":33},{"not_picked":["Prepared","Skewer+1"],"picked":"Singing Bowl","floor":35},{"not_picked":["Slice+1"],"picked":"Hidden Blade+1","floor":36},{"not_picked":["Backflip","Replay:Poison Smokescreen+1"],"picked":"Singing Bowl","floor":36},{"not_picked":["Bane+1","Underhanded Strike"],"picked":"Singing Bowl","floor":37},{"not_picked":["Flying Knee+1","Slice+1"],"picked":"Singing Bowl","floor":38},{"not_picked":["Leg Sweep+1","Expertise"],"picked":"Singing Bowl","floor":39},{"not_picked":["Bane+1"],"picked":"ReplayTheSpireMod:From All Sides","floor":42},{"not_picked":["Accuracy","Dagger Throw+1"],"picked":"Singing Bowl","floor":44},{"not_picked":["Backflip+1","Sucker Punch"],"picked":"Singing Bowl","floor":46},{"not_picked":["PiercingWail+1","Backstab"],"picked":"Singing Bowl","floor":48}],"player_experience":267284,"relics_obtained":[{"floor":9,"key":"Meat on the Bone"},{"floor":14,"key":"Art of War"},{"floor":20,"key":"Singing Bowl"},{"floor":26,"key":"Akabeko"},{"floor":27,"key":"Red Mask"},{"floor":30,"key":"Pet Ghost"},{"floor":36,"key":"Garlic"},{"floor":43,"key":"Simple Rune"},{"floor":48,"key":"Oddly Smooth Stone"}],"event_choices":[{"damage_healed":0,"gold_gain":0,"player_choice":"Success","damage_taken":3,"relics_obtained":["Pen Nib"],"max_hp_gain":0,"max_hp_loss":0,"event_name":"Scrap Ooze","floor":4,"gold_loss":0},{"cards_removed":["Shame"],"damage_healed":0,"gold_gain":0,"player_choice":"Card Removal","damage_taken":7,"max_hp_gain":0,"max_hp_loss":0,"event_name":"Golden Wing","floor":10,"gold_loss":0},{"damage_healed":0,"gold_gain":0,"player_choice":"Paid Gold","damage_taken":0,"relics_obtained":["Replay:Bottled Steam"],"max_hp_gain":0,"max_hp_loss":0,"event_name":"WeMeetAgain","floor":12,"gold_loss":64},{"damage_healed":0,"gold_gain":0,"player_choice":"Fought Bandits","damage_taken":0,"max_hp_gain":0,"max_hp_loss":0,"event_name":"Masked Bandits","floor":27,"gold_loss":0},{"damage_healed":0,"gold_gain":0,"cards_transformed":["Dodge and Roll"],"player_choice":"Transformed","damage_taken":0,"max_hp_gain":0,"max_hp_loss":0,"event_name":"Transmorgrifier","floor":40,"gold_loss":0,"cards_obtained":["Bullet Time"]}],"is_beta":false,"boss_relics":[{"not_picked":["Replay:Drink Me","Kintsugi"],"picked":"Abe\u0027s Treasure"},{"not_picked":["Snecko Scales","Philosopher\u0027s Stone"],"picked":"WristBlade"}],"items_purged_floors":[28,41],"is_endless":false,"potions_floor_spawned":[2,3,5,16,19,21,27,29,30,33,35,39,42,44],"ascension_level":0}}