{"host":"7sni158j623xchr2","time":1609994965,"event":{"mods":["BaseMod","Colored Map","Highlight Path","Minty Spire (QoL Compilation)","Permanent Neow","Potion Indicator Mod","Rare Cards Sparkle","Relic Sorter","Relic Stats","StSLib","everything is the same but u backflip on backflip"],"gold_per_floor":[19,34,34,58,5,5,5,5],"floor_reached":7,"playtime":237,"items_purged":[],"score":82,"play_id":"96631030-a534-4312-8e08-b46e9286a7b5","local_time":"20210106224925","is_ascension_mode":true,"campfire_choices":[{"data":"Bane","floor":6,"key":"SMITH"}],"circlet_count":0,"master_deck":["AscendersBane","Strike_G","Strike_G","Strike_G","Strike_G","Strike_G","Defend_G","Defend_G","Defend_G","Defend_G","Defend_G","Survivor","Neutralize","Poisoned Stab","Flying Knee","Slice","Bane+1"],"relics":["Ring of the Snake","Girya","Golden Idol"],"acts_visited":["Exordium"],"potions_floor_usage":[],"damage_taken":[{"damage":4,"enemies":"Jaw Worm","floor":1,"turns":7},{"damage":7,"enemies":"Small Slimes","floor":2,"turns":3},{"damage":7,"enemies":"2 Louse","floor":4,"turns":3},{"damage":44,"enemies":"3 Sentries","floor":7,"turns":8}],"seed_played":"3616469477921553004","potions_obtained":[],"is_trial":false,"path_per_floor":["M","M","?","M","$","R","E"],"character_chosen":"THE_SILENT","items_purchased":["Bane"],"campfire_rested":0,"item_purchase_floors":[5],"current_hp_per_floor":[55,48,48,41,41,41,0,0],"gold":5,"neow_bonus":"ONE_RARE_RELIC","is_daily":false,"chose_seed":false,"campfire_upgraded":1,"win_rate":0.0,"timestamp":1609994965,"path_taken":["M","M","?","M","$","R","E"],"items_purchased_type":["Card"],"build_version":"2020-12-22","purchased_purges":0,"victory":false,"max_hp_per_floor":[66,66,60,60,60,60,60,60],"relic_stats":{"counters":[4,21],"Golden Idol":5,"obtain_stats":[{"Girya":0,"Golden Idol":3,"Ring of the Snake":0},{"Girya":0,"Golden Idol":2,"Ring of the Snake":0},{"Girya":0,"Golden Idol":10,"Ring of the Snake":0}],"Ring of the Snake":[8]},"card_choices":[{"not_picked":["Flying Knee","Cloak And Dagger"],"picked":"Poisoned Stab","floor":1},{"not_picked":["Outmaneuver","Finisher"],"picked":"Flying Knee","floor":2},{"not_picked":["Eviscerate","Well Laid Plans"],"picked":"Slice","floor":4}],"player_experience":1601590,"relics_obtained":[],"event_choices":[{"damage_healed":0,"gold_gain":0,"player_choice":"Lose Max HP","damage_taken":0,"relics_obtained":["Golden Idol"],"max_hp_gain":0,"max_hp_loss":6,"event_name":"Golden Idol","floor":3,"gold_loss":0}],"is_beta":false,"boss_relics":[],"items_purged_floors":[],"is_endless":false,"potions_floor_spawned":[],"killed_by":"3 Sentries","ascension_level":20}}