{"host":"sav7uxregyirlf69","time":1609993918,"event":{"mods":["AchievementEnabler","BaseMod","Colored Map","DeckTracker","Keyboard Shortcuts","Minty Spire (QoL Compilation)","READ ME - Guardian Mod","StSLib","SuperFastMode"],"gold_per_floor":[112,112,133,133,149,149,162,162,162,87,107,123,146,146,146,242,242,257,34,69,92,92,92,107,7,7,7,46,66,66,91,91,91,91],"floor_reached":33,"playtime":604,"items_purged":["Pain","Strike_R"],"score":518,"play_id":"96203be3-e614-428a-a3fb-72bbf69462e1","local_time":"20210107133158","is_ascension_mode":true,"campfire_choices":[{"data":"Carnage","floor":6,"key":"SMITH"},{"data":"Rampage","floor":8,"key":"SMITH"},{"floor":15,"key":"REST"},{"floor":23,"key":"REST"},{"floor":32,"key":"REST"}],"circlet_count":0,"master_deck":["AscendersBane","Strike_R","Strike_R","Defend_R","Defend_R","Defend_R","Defend_R","Bash","Carnage+1","Rampage+1","Feel No Pain","Corruption","Blood for Blood","Shrug It Off","Body Slam","Reckless Charge","Headbutt","Reaper"],"relics":["Burning Blood","Golden Idol","WarpedTongs","White Beast Statue","Snecko Eye","Strange Spoon","Red Mask","Magic Flower","HornCleat"],"acts_visited":["Exordium","TheCity"],"potions_floor_usage":[12,16,16,18,20,33,33],"damage_taken":[{"damage":7,"enemies":"Cultist","floor":1,"turns":4},{"damage":12,"enemies":"2 Louse","floor":3,"turns":4},{"damage":4,"enemies":"Small Slimes","floor":5,"turns":4},{"damage":18,"enemies":"Exordium Wildlife","floor":7,"turns":4},{"damage":13,"enemies":"Blue Slaver","floor":11,"turns":3},{"damage":7,"enemies":"Large Slime","floor":12,"turns":4},{"damage":15,"enemies":"Gremlin Gang","floor":13,"turns":5},{"damage":41,"enemies":"Slime Boss","floor":16,"turns":11},{"damage":5,"enemies":"3 Byrds","floor":18,"turns":5},{"damage":40,"enemies":"Masked Bandits","floor":20,"turns":5},{"damage":17,"enemies":"Spheric Guardian","floor":21,"turns":4},{"damage":8,"enemies":"Snake Plant","floor":24,"turns":3},{"damage":38,"enemies":"Slavers","floor":28,"turns":5},{"damage":6,"enemies":"Centurion and Healer","floor":29,"turns":3},{"damage":16,"enemies":"Snecko","floor":31,"turns":4},{"damage":56,"enemies":"Automaton","floor":33,"turns":8}],"seed_played":"-7310748872542069337","potions_obtained":[{"floor":3,"key":"BloodPotion"},{"floor":11,"key":"Swift Potion"},{"floor":12,"key":"Strength Potion"},{"floor":16,"key":"Explosive Potion"},{"floor":18,"key":"AttackPotion"},{"floor":20,"key":"LiquidBronze"},{"floor":21,"key":"DuplicationPotion"},{"floor":28,"key":"Weak Potion"}],"is_trial":false,"path_per_floor":["M","?","M","?","M","R","M","R","T","$","M","M","M","?","R","B",null,"M","$","?","M","?","R","M","$","T","?","E","M","?","M","R","B"],"character_chosen":"IRONCLAD","items_purchased":["Shrug It Off","Strange Spoon"],"campfire_rested":3,"item_purchase_floors":[19,19],"current_hp_per_floor":[74,46,40,40,42,42,30,30,30,30,23,38,29,22,46,11,64,65,65,31,20,20,44,42,42,42,42,13,16,16,15,39,0,0],"gold":91,"neow_bonus":"TEN_PERCENT_HP_BONUS","is_daily":false,"chose_seed":false,"campfire_upgraded":2,"win_rate":0.0,"timestamp":1609993918,"path_taken":["M","?","M","?","M","R","M","R","T","$","M","?","M","?","R","BOSS","M","$","?","M","?","R","M","$","T","?","E","?","?","M","R","BOSS"],"items_purchased_type":["Card","Relic"],"build_version":"2020-12-22","purchased_purges":2,"victory":false,"max_hp_per_floor":[82,82,82,82,82,82,82,82,82,82,82,82,82,82,82,82,82,82,82,82,82,82,82,82,82,82,82,82,82,82,82,82,82,82],"card_choices":[{"not_picked":["Heavy Blade","True Grit","Armaments"],"picked":"SKIP","floor":1},{"not_picked":["Armaments","Thunderclap"],"picked":"Carnage","floor":3},{"not_picked":["Clothesline","Rupture"],"picked":"Rampage","floor":5},{"not_picked":["Havoc","Warcry"],"picked":"Feel No Pain","floor":7},{"not_picked":["Dropkick","Twin Strike","Cleave"],"picked":"SKIP","floor":11},{"not_picked":["Iron Wave","Perfected Strike","Clash"],"picked":"SKIP","floor":12},{"not_picked":["Intimidate","Twin Strike","Shockwave"],"picked":"SKIP","floor":13},{"not_picked":["Fiend Fire","Exhume"],"picked":"Corruption","floor":16},{"not_picked":["Iron Wave","Rupture"],"picked":"Blood for Blood","floor":18},{"not_picked":["Flex","Pummel"],"picked":"Perfected Strike","floor":20},{"not_picked":["Uppercut","Sword Boomerang"],"picked":"Body Slam","floor":21},{"not_picked":["Heavy Blade","Twin Strike","Warcry+1"],"picked":"SKIP","floor":24},{"not_picked":["Heavy Blade","Twin Strike","Warcry+1"],"picked":"SKIP","floor":24},{"not_picked":["Flex","Combust+1","Pummel"],"picked":"SKIP","floor":28},{"not_picked":["Perfected Strike","Metallicize"],"picked":"Reckless Charge","floor":29},{"not_picked":["Flex","Bloodletting","Warcry"],"picked":"SKIP","floor":31}],"player_experience":1170034,"relics_obtained":[{"floor":9,"key":"White Beast Statue"},{"floor":20,"key":"Red Mask"},{"floor":26,"key":"Magic Flower"},{"floor":28,"key":"HornCleat"}],"event_choices":[{"damage_healed":0,"gold_gain":0,"player_choice":"Take Damage","damage_taken":28,"relics_obtained":["Golden Idol"],"max_hp_gain":0,"max_hp_loss":0,"event_name":"Golden Idol","floor":2,"gold_loss":0},{"damage_healed":0,"gold_gain":0,"player_choice":"Rummage","damage_taken":0,"relics_obtained":["WarpedTongs"],"max_hp_gain":0,"max_hp_loss":0,"event_name":"Accursed Blacksmith","floor":4,"gold_loss":0,"cards_obtained":["Pain"]},{"cards_removed":["Strike_R"],"damage_healed":0,"gold_gain":0,"player_choice":"Card Removal","damage_taken":7,"max_hp_gain":0,"max_hp_loss":0,"event_name":"Golden Wing","floor":14,"gold_loss":0},{"damage_healed":0,"gold_gain":0,"player_choice":"Fought Bandits","damage_taken":0,"max_hp_gain":0,"max_hp_loss":0,"event_name":"Masked Bandits","floor":20,"gold_loss":0},{"damage_healed":0,"gold_gain":0,"player_choice":"Ignored","damage_taken":0,"max_hp_gain":0,"max_hp_loss":0,"event_name":"Cursed Tome","floor":22,"gold_loss":0},{"damage_healed":0,"gold_gain":0,"player_choice":"Ignored","damage_taken":0,"max_hp_gain":0,"max_hp_loss":0,"event_name":"The Mausoleum","floor":27,"gold_loss":0},{"damage_healed":0,"gold_gain":0,"cards_transformed":["Strike_R","Perfected Strike"],"player_choice":"Became Test Subject","damage_taken":0,"max_hp_gain":0,"max_hp_loss":0,"event_name":"Drug Dealer","floor":30,"gold_loss":0,"cards_obtained":["Headbutt","Reaper"]}],"is_beta":false,"boss_relics":[{"not_picked":["Runic Dome","Fusion Hammer"],"picked":"Snecko Eye"}],"items_purged_floors":[10,25],"is_endless":false,"potions_floor_spawned":[3,11,12,13,16,18,20,21,24,28,29,31],"killed_by":"Automaton","ascension_level":20}}