{"host":"sm7bnwhqk38mm91i","time":1609981038,"event":{"mods":["BaseMod","Minty Spire (QoL Compilation)"],"gold_per_floor":[114,132,132,149,324,324,350,350,350,366,381,400,426,502,502,597,597,616,636,636,100,148,148,187,187,187,237,251,264,264,279,279,279,279],"floor_reached":33,"playtime":11457,"items_purged":[],"score":279,"play_id":"fc9edb54-26ea-4b67-89b1-27b208885f3b","local_time":"20210106195718","is_ascension_mode":false,"campfire_choices":[{"floor":6,"key":"REST"},{"floor":8,"key":"REST"},{"floor":15,"key":"REST"},{"floor":23,"key":"REST"},{"floor":30,"key":"REST"},{"floor":32,"key":"REST"}],"circlet_count":0,"master_deck":["Strike_G","Strike_G","Strike_G","Strike_G","Strike_G","Defend_G","Defend_G","Defend_G","Defend_G","Defend_G","Survivor","Neutralize","Predator+1","Eviscerate","Riddle With Holes","Doubt","Skewer","Masterful Stab","Finisher","Caltrops","Dash","Glass Knife","Caltrops+1","Eviscerate","Predator","Blade Dance","Madness","HandOfGreed","Flying Knee+1","Blade Dance","Caltrops+1","Backflip","Well Laid Plans","Outmaneuver"],"relics":["Ring of the Snake","MealTicket","Ornamental Fan","Toy Ornithopter","Boot","Velvet Choker","Membership Card","Pen Nib","Sundial","Red Mask","Nunchaku","Kunai"],"acts_visited":["Exordium","TheCity"],"potions_floor_usage":[12,13,16,16,27,27,33,33],"damage_taken":[{"damage":20,"enemies":"Jaw Worm","floor":1,"turns":4},{"damage":4,"enemies":"2 Louse","floor":2,"turns":2},{"damage":3,"enemies":"Small Slimes","floor":4,"turns":3},{"damage":37,"enemies":"3 Sentries","floor":7,"turns":9},{"damage":10,"enemies":"3 Louse","floor":10,"turns":3},{"damage":14,"enemies":"Large Slime","floor":11,"turns":6},{"damage":0,"enemies":"2 Fungi Beasts","floor":12,"turns":2},{"damage":2,"enemies":"Gremlin Nob","floor":13,"turns":3},{"damage":55,"enemies":"Hexaghost","floor":16,"turns":10},{"damage":10,"enemies":"3 Byrds","floor":18,"turns":2},{"damage":26,"enemies":"2 Thieves","floor":19,"turns":3},{"damage":31,"enemies":"Masked Bandits","floor":22,"turns":4},{"damage":21,"enemies":"Sentry and Sphere","floor":24,"turns":4},{"damage":22,"enemies":"Slavers","floor":27,"turns":5},{"damage":4,"enemies":"Chosen and Byrds","floor":28,"turns":4},{"damage":8,"enemies":"3 Cultists","floor":29,"turns":3},{"damage":23,"enemies":"Centurion and Healer","floor":31,"turns":3},{"damage":39,"enemies":"Automaton","floor":33,"turns":5}],"seed_played":"-5847751684465116730","potions_obtained":[{"floor":2,"key":"Fire Potion"},{"floor":7,"key":"CunningPotion"},{"floor":11,"key":"Dexterity Potion"},{"floor":13,"key":"PowerPotion"},{"floor":16,"key":"EssenceOfSteel"},{"floor":18,"key":"DuplicationPotion"},{"floor":24,"key":"Energy Potion"},{"floor":28,"key":"FearPotion"}],"is_trial":false,"path_per_floor":["M","M","?","M","?","R","E","R","T","M","M","M","E","?","R","B",null,"M","M","?","$","?","R","M","?","T","E","M","M","R","M","R","B"],"character_chosen":"THE_SILENT","items_purchased":["Membership Card","Pen Nib","Sundial","Predator","Blade Dance","Madness","HandOfGreed"],"campfire_rested":6,"item_purchase_floors":[21,21,21,21,21,21,21],"current_hp_per_floor":[50,46,46,43,43,64,27,48,48,38,24,29,32,32,53,8,70,60,34,21,36,5,27,6,31,31,19,15,7,29,6,28,0,0],"gold":279,"neow_bonus":"RANDOM_COMMON_RELIC","is_daily":false,"chose_seed":false,"campfire_upgraded":0,"win_rate":0.0,"timestamp":1609981038,"path_taken":["M","M","?","M","?","R","E","R","T","M","M","M","E","?","R","BOSS","M","M","?","$","?","R","M","?","T","E","?","M","R","M","R","BOSS"],"items_purchased_type":["Relic","Relic","Relic","Card","Card","Card","Card"],"build_version":"2020-12-22","purchased_purges":0,"victory":false,"max_hp_per_floor":[70,70,70,70,70,70,70,70,70,70,70,70,70,70,70,70,70,70,70,75,75,75,75,75,75,75,75,75,75,75,75,75,75,75],"card_choices":[{"not_picked":["Prepared","Reflex"],"picked":"Predator","floor":1},{"not_picked":["Prepared","Calculated Gamble"],"picked":"Eviscerate","floor":2},{"not_picked":["Reflex","Acrobatics"],"picked":"Riddle With Holes","floor":4},{"not_picked":["Deadly Poison","Dagger Spray"],"picked":"Skewer","floor":7},{"not_picked":["Escape Plan","Endless Agony"],"picked":"Masterful Stab","floor":10},{"not_picked":["Dodge and Roll","Deadly Poison"],"picked":"Finisher","floor":11},{"not_picked":["Reflex","Prepared"],"picked":"Caltrops","floor":12},{"not_picked":["Flying Knee","Endless Agony"],"picked":"Dash","floor":13},{"not_picked":["Doppelganger","Wraith Form v2"],"picked":"Glass Knife","floor":16},{"not_picked":["Underhanded Strike","Acrobatics"],"picked":"Caltrops+1","floor":18},{"not_picked":["Deadly Poison","Finisher"],"picked":"Eviscerate","floor":19},{"not_picked":["Deflect","Distraction"],"picked":"Flying Knee+1","floor":22},{"not_picked":["Well Laid Plans+1","Underhanded Strike+1"],"picked":"Blade Dance","floor":24},{"not_picked":["Tools of the Trade","Endless Agony"],"picked":"Caltrops+1","floor":27},{"not_picked":["Acrobatics","Deadly Poison+1"],"picked":"Backflip","floor":28},{"not_picked":["Acrobatics","Flechettes"],"picked":"Well Laid Plans","floor":29},{"not_picked":["Acrobatics+1","Well Laid Plans"],"picked":"Outmaneuver","floor":31}],"player_experience":33034,"relics_obtained":[{"floor":7,"key":"Ornamental Fan"},{"floor":9,"key":"Toy Ornithopter"},{"floor":13,"key":"Boot"},{"floor":22,"key":"Red Mask"},{"floor":26,"key":"Nunchaku"},{"floor":27,"key":"Kunai"}],"event_choices":[{"damage_healed":0,"gold_gain":0,"player_choice":"Grow","damage_taken":0,"max_hp_gain":0,"max_hp_loss":0,"event_name":"Living Wall","floor":3,"gold_loss":0,"cards_upgraded":["Predator"]},{"damage_healed":0,"gold_gain":175,"player_choice":"AGREE","damage_taken":0,"max_hp_gain":0,"max_hp_loss":0,"event_name":"Liars Game","floor":5,"gold_loss":0,"cards_obtained":["Doubt"]},{"damage_healed":0,"gold_gain":76,"player_choice":"Gained Gold","damage_taken":0,"max_hp_gain":0,"max_hp_loss":0,"event_name":"Golden Wing","floor":14,"gold_loss":0},{"damage_healed":0,"gold_gain":0,"player_choice":"Shed Blood","damage_taken":18,"max_hp_gain":5,"max_hp_loss":0,"event_name":"Forgotten Altar","floor":20,"gold_loss":0},{"damage_healed":0,"gold_gain":0,"player_choice":"Fought Bandits","damage_taken":0,"max_hp_gain":0,"max_hp_loss":0,"event_name":"Masked Bandits","floor":22,"gold_loss":0},{"damage_healed":25,"gold_gain":0,"player_choice":"Heal","damage_taken":0,"max_hp_gain":0,"max_hp_loss":0,"event_name":"The Library","floor":25,"gold_loss":0}],"is_beta":false,"boss_relics":[{"not_picked":["Sozu","Runic Dome"],"picked":"Velvet Choker"}],"items_purged_floors":[],"is_endless":false,"potions_floor_spawned":[2,7,11,13,16,18,24,28],"killed_by":"Automaton","ascension_level":0}}