{"host":"er8s5flrc5z1a07t","time":1609980309,"event":{"mods":["2.2 Compatiblity","Act Like it!","Bard","BaseMod","Better Note","Better Third Choice","Downfall","Duelist Mod","Elementarium","Energized Spire","GifTheSpireLib","Hermit","Hubris","Infinite Spire","Minty Spire (QoL Compilation)","Relic Stats","Replay The Spire","Shop Mod","StSLib","Stuff the Spire","Synergy Search","The Cursed","The Disciple","The Mystic"],"gold_per_floor":[110,110,127,144,163,163,191,191,191,44,44,144,159,159,255,255,255,255],"floor_reached":18,"playtime":434,"items_purged":[],"score":242,"play_id":"45187465-daf6-460a-982f-4d2cd5cfa028","local_time":"20210106194509","is_ascension_mode":true,"campfire_choices":[{"data":"Vigilance","floor":6,"key":"SMITH"},{"floor":12,"key":"REST"},{"floor":15,"key":"REST"}],"circlet_count":0,"master_deck":["Strike_P","Strike_P","Strike_P","Strike_P","Defend_P","Defend_P","Defend_P","Defend_P","Eruption","Vigilance+1","ReachHeaven","ReachHeaven","MasterReality","Conclude","SandsOfTime+1","SandsOfTime+1","ClearTheMind","SpiritShield"],"relics":["Snecko Eye","hubris:Teleporter","Ginger","DollysMirror","StuffTheSpire:Kangaroo"],"acts_visited":["Exordium","TheCity"],"potions_floor_usage":[7,7],"damage_taken":[{"damage":16,"enemies":"Small Slimes","floor":1,"turns":4},{"damage":1,"enemies":"infinitespire:Voidling","floor":3,"turns":2},{"damage":4,"enemies":"2 Louse","floor":4,"turns":2},{"damage":5,"enemies":"Large Slime","floor":5,"turns":2},{"damage":35,"enemies":"3 Sentries","floor":7,"turns":6},{"damage":9,"enemies":"Red Slaver","floor":14,"turns":2},{"damage":0,"enemies":"Slime Boss","floor":16,"turns":3},{"damage":1,"enemies":"3 Byrds","floor":18,"turns":2}],"seed_played":"-6891106157586718233","potions_obtained":[{"floor":1,"key":"Weak Potion"},{"floor":2,"key":"Regen Potion"},{"floor":2,"key":"BlessingOfTheForge"},{"floor":2,"key":"SneckoOil"},{"floor":14,"key":"Block Potion"}],"is_trial":false,"path_per_floor":["M","?","M","M","M","R","E","?","T","$","R","?","M","R","B",null,"M"],"character_chosen":"WATCHER","items_purchased":["DollysMirror"],"campfire_rested":2,"item_purchase_floors":[11],"current_hp_per_floor":[56,56,55,51,46,46,26,26,26,26,47,47,38,59,59,72,71,71],"gold":255,"neow_bonus":"BOSS_RELIC","is_daily":false,"chose_seed":false,"campfire_upgraded":1,"win_rate":0.0,"timestamp":1609980309,"path_taken":["M","?","M","M","?","R","E","?","T","$","R","?","M","R","BOSS","M"],"items_purchased_type":["Relic"],"build_version":"2020-12-22","purchased_purges":0,"victory":false,"max_hp_per_floor":[72,72,72,72,72,72,72,72,72,72,72,72,72,72,72,72,72,72],"relic_stats":{"counters":[8,23],"Snecko Eye":[32,31,45,40],"Ginger":[0],"obtain_stats":[{"hubris:Teleporter":7,"DollysMirror":11,"Snecko Eye":0,"StuffTheSpire:Kangaroo":17,"Ginger":9,"PureWater":0},{"hubris:Teleporter":5,"DollysMirror":5,"Snecko Eye":0,"StuffTheSpire:Kangaroo":7,"Ginger":5,"PureWater":0},{"hubris:Teleporter":16,"DollysMirror":16,"Snecko Eye":0,"StuffTheSpire:Kangaroo":21,"Ginger":16,"PureWater":0}]},"card_choices":[{"not_picked":["JustLucky","Swivel"],"picked":"ReachHeaven","floor":1},{"not_picked":["Halt","Replay:BluntJabs"],"picked":"ReachHeaven","floor":3},{"not_picked":["Consecrate","SignatureMove"],"picked":"MasterReality","floor":4},{"not_picked":["Vengeance","JustLucky"],"picked":"Conclude","floor":5},{"not_picked":["Protect","Blasphemy"],"picked":"SandsOfTime","floor":7},{"not_picked":["Replay:ManipulateFuture","Protect"],"picked":"ClearTheMind","floor":14},{"not_picked":["Judgement","Alpha"],"picked":"SpiritShield","floor":16}],"player_experience":1220783,"relics_obtained":[{"floor":7,"key":"hubris:Teleporter"},{"floor":9,"key":"Ginger"}],"event_choices":[{"damage_healed":0,"gold_gain":0,"player_choice":"Got Potions","damage_taken":0,"max_hp_gain":0,"max_hp_loss":0,"event_name":"Lab","floor":2,"gold_loss":0},{"damage_healed":0,"gold_gain":100,"player_choice":"Pray","damage_taken":0,"max_hp_gain":0,"max_hp_loss":0,"event_name":"Golden Shrine","floor":13,"gold_loss":0}],"is_beta":false,"boss_relics":[{"not_picked":["ReplayTheSpireMod:DimensionalGlitch","energizedSpire:RedRose"],"picked":"StuffTheSpire:Kangaroo"}],"items_purged_floors":[],"is_endless":false,"potions_floor_spawned":[1,14],"killed_by":"3 Byrds","ascension_level":3}}