{"host":"q1yq0ibtlljsjzm9","time":1609979938,"event":{"mods":["BaseMod","DeckTracker","Hermit","Minty Spire (QoL Compilation)","StSLib"],"gold_per_floor":[116,191,44,44,44,44,60,76,76,111,9,25,25,48,48,168,168,187,187,94,105,105,105,120,138,138,138,150,168,168,178,178,276,276,286,297,347,358,33,33,33],"floor_reached":40,"playtime":2775,"items_purged":["Regret"],"score":405,"play_id":"7cdf0c92-5738-4cea-b5f2-187bcd0d892f","local_time":"20210106163858","is_ascension_mode":false,"campfire_choices":[{"floor":6.0,"key":"RECALL"},{"floor":13.0,"key":"REST"},{"floor":15.0,"key":"REST"},{"floor":23.0,"key":"REST"},{"floor":27,"key":"REST"},{"floor":30,"key":"REST"},{"floor":32,"key":"REST"}],"circlet_count":0,"master_deck":["Strike_G","Strike_G","Strike_G","Strike_G","Strike_G","Defend_G","Defend_G","Defend_G","Defend_G","Defend_G","Survivor","Neutralize","Cloak And Dagger","Cloak And Dagger","Injury","Poisoned Stab","Riddle With Holes","Accuracy","Noxious Fumes","Flying Knee","Noxious Fumes","Blade Dance","Corpse Explosion","Dodge and Roll","Accuracy","Backflip","Deflect","A Thousand Cuts","Quick Slash+1","Bouncing Flask","Bane+1","Deflect","Envenom","CurseOfTheBell","Blur","Crippling Poison"],"relics":["Fusion Hammer","Bloody Idol","Odd Mushroom","Cursed Key","Eternal Feather","Calling Bell","Ancient Tea Set","Ninja Scroll","The Specimen","Tingsha","Strawberry"],"acts_visited":["Exordium","TheCity","TheBeyond"],"potions_floor_usage":[33,36,39],"damage_taken":[{"damage":0.0,"enemies":"Small Slimes","floor":1.0,"turns":4.0},{"damage":2.0,"enemies":"2 Louse","floor":7.0,"turns":3.0},{"damage":0.0,"enemies":"Cultist","floor":8.0,"turns":3.0},{"damage":7.0,"enemies":"The Mushroom Lair","floor":10.0,"turns":4.0},{"damage":8.0,"enemies":"3 Louse","floor":12.0,"turns":3.0},{"damage":12.0,"enemies":"Exordium Wildlife","floor":14.0,"turns":2.0},{"damage":27.0,"enemies":"Hexaghost","floor":16.0,"turns":9.0},{"damage":20.0,"enemies":"Shell Parasite","floor":18.0,"turns":4.0},{"damage":22.0,"enemies":"2 Thieves","floor":21.0,"turns":5.0},{"damage":17.0,"enemies":"Snecko","floor":24.0,"turns":5.0},{"damage":26.0,"enemies":"Snake Plant","floor":25.0,"turns":4.0},{"damage":31,"enemies":"Centurion and Healer","floor":28,"turns":6},{"damage":22,"enemies":"3 Cultists","floor":29,"turns":4},{"damage":28,"enemies":"Snecko","floor":31,"turns":6},{"damage":64,"enemies":"Automaton","floor":33,"turns":9},{"damage":18,"enemies":"Orb Walker","floor":35,"turns":3},{"damage":17,"enemies":"3 Darklings","floor":36,"turns":3},{"damage":23,"enemies":"Mind Bloom Boss Battle","floor":37,"turns":7},{"damage":29,"enemies":"Sphere and 2 Shapes","floor":38,"turns":5},{"damage":45,"enemies":"Reptomancer","floor":40,"turns":3}],"seed_played":"-3217538738678286234","potions_obtained":[{"floor":5.0,"key":"Regen Potion"},{"floor":5.0,"key":"SkillPotion"},{"floor":10.0,"key":"Swift Potion"},{"floor":16.0,"key":"AttackPotion"},{"floor":21.0,"key":"Weak Potion"},{"floor":28,"key":"GamblersBrew"},{"floor":29,"key":"Weak Potion"},{"floor":31,"key":"Ancient Potion"},{"floor":33,"key":"Poison Potion"},{"floor":37,"key":"Strength Potion"}],"is_trial":false,"path_per_floor":["M","?","$","?","?","R","M","M","T","?","$","M","R","M","R","B",null,"M","?","$","M","?","R","M","M","T","R","M","M","R","M","R","B",null,"M","M","?","M","$","E"],"character_chosen":"THE_SILENT","items_purchased":["FairyPotion","Cloak And Dagger","Noxious Fumes","Flying Knee","Accuracy","Backflip","Strawberry","Fruit Juice"],"campfire_rested":6,"item_purchase_floors":[3,3,11,11,20,20,39,39],"current_hp_per_floor":[70,59,59,59,59,59,57,57,57,50,50,42,63,51,70,43,70,50,50,50,38,61,70,58,37,37,70,44,27,66,43,70,11,70,57,45,27,26,38,0,0],"gold":33,"neow_bonus":"BOSS_RELIC","is_daily":false,"chose_seed":false,"campfire_upgraded":0,"win_rate":0.0,"timestamp":1609979938,"path_taken":["M","?","$","?","?","R","M","?","T","?","?","?","R","M","R","BOSS","M","?","$","M","?","R","?","M","T","R","M","M","R","M","R","BOSS","M","M","?","M","$","E"],"items_purchased_type":["Potion","Card","Card","Card","Card","Card","Relic","Potion"],"build_version":"2020-12-22","purchased_purges":1,"victory":false,"max_hp_per_floor":[70,70,70,70,70,70,70,70,70,70,70,70,70,70,70,70,70,70,70,70,70,70,70,70,70,70,70,70,70,70,70,70,70,70,70,70,70,70,82,82,82],"card_choices":[{"not_picked":["Well Laid Plans","Deflect"],"picked":"Cloak And Dagger","floor":1.0},{"not_picked":["Backstab","Blur"],"picked":"Poisoned Stab","floor":7.0},{"not_picked":["Eviscerate","Cloak And Dagger"],"picked":"Riddle With Holes","floor":8.0},{"not_picked":["Backflip","Glass Knife"],"picked":"Accuracy","floor":10.0},{"not_picked":["PiercingWail","All Out Attack"],"picked":"Noxious Fumes","floor":12.0},{"not_picked":["PiercingWail","Reflex"],"picked":"Blade Dance","floor":14.0},{"not_picked":["Wraith Form v2","Adrenaline"],"picked":"Corpse Explosion","floor":16.0},{"not_picked":["Riddle With Holes","Outmaneuver"],"picked":"Dodge and Roll","floor":18.0},{"not_picked":["Acrobatics+1","Slice"],"picked":"Deflect","floor":21.0},{"not_picked":["Footwork","Predator+1"],"picked":"A Thousand Cuts","floor":24.0},{"not_picked":["Reflex","Heel Hook+1"],"picked":"Quick Slash+1","floor":25},{"not_picked":["Quick Slash+1","Dagger Throw"],"picked":"Bouncing Flask","floor":28},{"not_picked":["Blade Dance","Choke"],"picked":"Bane+1","floor":29},{"not_picked":["Prepared","Masterful Stab"],"picked":"Deflect","floor":31},{"not_picked":["Burst","Corpse Explosion"],"picked":"Envenom","floor":33},{"not_picked":["Dodge and Roll","Bane"],"picked":"Blur","floor":35},{"not_picked":["Sucker Punch","PiercingWail"],"picked":"Crippling Poison","floor":36},{"not_picked":["Calculated Gamble","Caltrops","Crippling Poison"],"picked":"SKIP","floor":38}],"player_experience":55816,"relics_obtained":[{"floor":10.0,"key":"Odd Mushroom"},{"floor":26,"key":"Eternal Feather"},{"floor":34,"key":"Ancient Tea Set"},{"floor":34,"key":"Ninja Scroll"},{"floor":34,"key":"The Specimen"},{"floor":37,"key":"Tingsha"}],"event_choices":[{"damage_healed":0.0,"max_hp_gain":0.0,"max_hp_loss":0.0,"gold_gain":75.0,"event_name":"World of Goop","player_choice":"Gather Gold","floor":2.0,"gold_loss":0.0,"damage_taken":11.0},{"damage_healed":0.0,"max_hp_gain":0.0,"max_hp_loss":0.0,"gold_gain":0.0,"event_name":"Golden Idol","player_choice":"Take Wound","floor":4.0,"gold_loss":0.0,"damage_taken":0.0,"relics_obtained":["Golden Idol"],"cards_obtained":["Injury"]},{"damage_healed":0.0,"max_hp_gain":0.0,"max_hp_loss":0.0,"gold_gain":0.0,"event_name":"Lab","player_choice":"Got Potions","floor":5.0,"gold_loss":0.0,"damage_taken":0.0},{"damage_healed":0.0,"max_hp_gain":0.0,"max_hp_loss":0.0,"gold_gain":0.0,"event_name":"Mushrooms","player_choice":"Fought Mushrooms","floor":10.0,"gold_loss":0.0,"damage_taken":0.0},{"damage_healed":0.0,"max_hp_gain":0.0,"max_hp_loss":0.0,"gold_gain":0.0,"event_name":"Forgotten Altar","player_choice":"Gave Idol","floor":19.0,"relics_lost":["Golden Idol"],"gold_loss":0.0,"damage_taken":0.0,"relics_obtained":["Bloody Idol"]},{"damage_healed":23.0,"max_hp_gain":0.0,"max_hp_loss":0.0,"gold_gain":0.0,"event_name":"The Library","player_choice":"Heal","floor":22.0,"gold_loss":0.0,"damage_taken":0.0},{"damage_healed":0,"gold_gain":0,"player_choice":"Fight","damage_taken":0,"max_hp_gain":0,"max_hp_loss":0,"event_name":"MindBloom","floor":37,"gold_loss":0}],"is_beta":false,"boss_relics":[{"not_picked":["Astrolabe","Snecko Eye"],"picked":"Cursed Key"},{"not_picked":["Philosopher\u0027s Stone","HoveringKite"],"picked":"Calling Bell"}],"items_purged_floors":[39],"is_endless":false,"potions_floor_spawned":[10,14,16,21,28,29,31,33,35,37],"killed_by":"Reptomancer","ascension_level":0}}