{"host":"xrbutm0tzv4qwo7u","time":1609994806,"event":{"mods":["AchievementEnabler","BaseMod","Colored Powertips","Hermit","Minty Spire (QoL Compilation)","StSLib","The Cursed","The Marked"],"gold_per_floor":[117,133,144,157,172,172,205,205,230,262,262,276,276,290,290,390,390,410,429,0,14,25,50,63,63,63,73,73,73,73],"floor_reached":29,"playtime":1395,"items_purged":["Strike_G"],"score":261,"play_id":"fa529eae-991d-4fbe-b9bc-356229cf90f0","local_time":"20210106224646","is_ascension_mode":false,"campfire_choices":[{"data":"Poisoned Stab","floor":6,"key":"SMITH"},{"data":"Bane","floor":8,"key":"SMITH"},{"floor":11,"key":"REST"},{"data":"Noxious Fumes","floor":13,"key":"SMITH"},{"floor":15,"key":"REST"},{"floor":25,"key":"REST"},{"floor":28,"key":"REST"}],"circlet_count":0,"master_deck":["Defend_G","Defend_G","Defend_G","Defend_G","Defend_G","Survivor","Neutralize","Dodge and Roll","Bane+1","Poisoned Stab+1","Bane","Endless Agony","Leg Sweep","Crippling Poison","Deadly Poison","Noxious Fumes+1","Dagger Spray","After Image","Phantasmal Killer+1","Dash+1","Doppelganger+1","Deadly Poison","Flying Knee","After Image","Flechettes","Bouncing Flask","Terror","Night Terror","PiercingWail","Deflect"],"relics":["Ring of the Snake","Potion Belt","Oddly Smooth Stone","Bronze Scales","Astrolabe","Orichalcum","Vajra","Ninja Scroll"],"acts_visited":["Exordium","TheCity"],"potions_floor_usage":[19,23,23,23,23,23,23,23,23,23,24,29],"damage_taken":[{"damage":0,"enemies":"Jaw Worm","floor":1,"turns":4},{"damage":0,"enemies":"Small Slimes","floor":2,"turns":5},{"damage":0,"enemies":"Cultist","floor":3,"turns":3},{"damage":0,"enemies":"2 Fungi Beasts","floor":4,"turns":4},{"damage":0,"enemies":"Exordium Wildlife","floor":5,"turns":2},{"damage":16,"enemies":"Lagavulin","floor":7,"turns":7},{"damage":29,"enemies":"3 Sentries","floor":10,"turns":15},{"damage":7,"enemies":"Large Slime","floor":12,"turns":4},{"damage":1,"enemies":"Looter","floor":14,"turns":2},{"damage":24,"enemies":"Slime Boss","floor":16,"turns":9},{"damage":14,"enemies":"3 Byrds","floor":18,"turns":3},{"damage":0,"enemies":"Chosen","floor":19,"turns":5},{"damage":5,"enemies":"Snake Plant","floor":21,"turns":3},{"damage":1,"enemies":"Centurion and Healer","floor":22,"turns":6},{"damage":31,"enemies":"Gremlin Leader","floor":23,"turns":5},{"damage":12,"enemies":"Shelled Parasite and Fungi","floor":24,"turns":4},{"damage":26,"enemies":"Cultist and Chosen","floor":27,"turns":6},{"damage":7,"enemies":"Colosseum Slavers","floor":29,"turns":5},{"damage":39,"enemies":"Colosseum Nobs","floor":29,"turns":4}],"seed_played":"-226233834497209807","potions_obtained":[{"floor":3,"key":"Energy Potion"},{"floor":4,"key":"Dexterity Potion"},{"floor":5,"key":"LiquidBronze"},{"floor":10,"key":"Block Potion"},{"floor":18,"key":"EntropicBrew"},{"floor":21,"key":"GamblersBrew"},{"floor":23,"key":"PowerPotion"}],"is_trial":false,"path_per_floor":["M","M","M","M","M","R","E","R","T","E","R","M","R","M","R","B",null,"M","M","$","M","M","E","M","R","T","M","R","?"],"character_chosen":"THE_SILENT","items_purchased":["Orichalcum","After Image","Flechettes"],"campfire_rested":4,"item_purchase_floors":[20,20,20],"current_hp_per_floor":[70,70,70,70,70,70,54,54,54,25,46,39,39,38,59,35,70,56,56,56,51,50,19,7,28,28,2,23,0,0],"gold":73,"neow_bonus":"TRANSFORM_CARD","is_daily":false,"chose_seed":false,"campfire_upgraded":3,"win_rate":0.0,"timestamp":1609994806,"path_taken":["M","M","M","M","M","R","E","R","T","E","R","M","R","M","R","BOSS","M","M","$","M","M","E","M","R","T","M","R","?"],"items_purchased_type":["Relic","Card","Card"],"build_version":"2020-12-22","purchased_purges":1,"victory":false,"max_hp_per_floor":[70,70,70,70,70,70,70,70,70,70,70,70,70,70,70,70,70,70,70,70,70,70,70,70,70,70,70,70,70,70],"card_choices":[{"not_picked":["Acrobatics","Outmaneuver"],"picked":"Bane","floor":1},{"not_picked":["Bouncing Flask","Sucker Punch"],"picked":"Poisoned Stab","floor":2},{"not_picked":["Outmaneuver","Blade Dance"],"picked":"Bane","floor":3},{"not_picked":["Prepared","Backflip"],"picked":"Endless Agony","floor":4},{"not_picked":["Sucker Punch","Dagger Throw"],"picked":"Leg Sweep","floor":5},{"not_picked":["Calculated Gamble","Die Die Die"],"picked":"Crippling Poison","floor":7},{"not_picked":["Masterful Stab","Endless Agony"],"picked":"Deadly Poison","floor":10},{"not_picked":["Caltrops","Dodge and Roll"],"picked":"Noxious Fumes","floor":12},{"not_picked":["Tactician","Dodge and Roll"],"picked":"Dagger Spray","floor":14},{"not_picked":["Doppelganger","Phantasmal Killer"],"picked":"After Image","floor":16},{"not_picked":["Quick Slash","Calculated Gamble"],"picked":"Deadly Poison","floor":18},{"not_picked":["Acrobatics","Slice"],"picked":"Flying Knee","floor":19},{"not_picked":["Distraction","Wraith Form v2"],"picked":"Bouncing Flask","floor":21},{"not_picked":["Blade Dance","Prepared"],"picked":"Terror","floor":22},{"not_picked":["Heel Hook","Prepared"],"picked":"Night Terror","floor":23},{"not_picked":["Expertise","Blade Dance+1"],"picked":"PiercingWail","floor":24},{"not_picked":["Skewer","Slice+1"],"picked":"Deflect","floor":27}],"player_experience":22590,"relics_obtained":[{"floor":7,"key":"Potion Belt"},{"floor":9,"key":"Oddly Smooth Stone"},{"floor":10,"key":"Bronze Scales"},{"floor":23,"key":"Vajra"},{"floor":26,"key":"Ninja Scroll"}],"event_choices":[{"damage_healed":0,"gold_gain":0,"player_choice":"Fight","damage_taken":0,"max_hp_gain":0,"max_hp_loss":0,"event_name":"Colosseum","floor":29,"gold_loss":0},{"damage_healed":0,"gold_gain":0,"player_choice":"Fought Nobs","damage_taken":0,"max_hp_gain":0,"max_hp_loss":0,"event_name":"Colosseum","floor":29,"gold_loss":0}],"is_beta":false,"boss_relics":[{"not_picked":["Sozu","Tiny House"],"picked":"Astrolabe"}],"items_purged_floors":[20],"is_endless":false,"potions_floor_spawned":[3,4,5,10,18,21,23,29],"killed_by":"Colosseum Nobs","ascension_level":0}}