{"host":"sav7uxregyirlf69","time":1609998723,"event":{"mods":["AchievementEnabler","BaseMod","Colored Map","DeckTracker","Keyboard Shortcuts","Minty Spire (QoL Compilation)","READ ME - Guardian Mod","StSLib","SuperFastMode"],"gold_per_floor":[114,114,189,189,213,213,227,227,298,213,233,246,281,305,305,305,305],"floor_reached":16,"playtime":186,"items_purged":[],"score":204,"play_id":"654e2e81-b035-4de5-994a-c5591b733dbb","local_time":"20210107145203","is_ascension_mode":true,"campfire_choices":[{"data":"Bludgeon","floor":6.0,"key":"SMITH"},{"floor":8.0,"key":"REST"},{"data":"Fire Breathing","floor":15,"key":"SMITH"}],"circlet_count":0,"master_deck":["AscendersBane","Strike_R+1","Strike_R","Strike_R","Strike_R","Strike_R","Defend_R","Defend_R+1","Defend_R","Defend_R","Bash","Bludgeon+1","Perfected Strike","Perfected Strike","Evolve","Second Wind","Fire Breathing+1","Shrug It Off"],"relics":["Burning Blood","Golden Idol","Question Card","Strawberry"],"acts_visited":["Exordium"],"potions_floor_usage":[14,16,16],"damage_taken":[{"damage":1.0,"enemies":"Cultist","floor":1.0,"turns":3.0},{"damage":0.0,"enemies":"2 Louse","floor":5.0,"turns":2.0},{"damage":7.0,"enemies":"Jaw Worm","floor":7.0,"turns":2.0},{"damage":16.0,"enemies":"Exordium Wildlife","floor":11.0,"turns":4.0},{"damage":0.0,"enemies":"3 Louse","floor":12.0,"turns":4.0},{"damage":35.0,"enemies":"Lagavulin","floor":13.0,"turns":5.0},{"damage":10,"enemies":"Exordium Thugs","floor":14,"turns":3},{"damage":24,"enemies":"Hexaghost","floor":16,"turns":7}],"seed_played":"5338209216422288066","potions_obtained":[{"floor":12.0,"key":"GamblersBrew"},{"floor":13.0,"key":"EssenceOfSteel"},{"floor":14,"key":"PowerPotion"}],"is_trial":false,"path_per_floor":["M","?","?","?","M","R","M","R","T","$","M","M","E","M","R","B"],"character_chosen":"IRONCLAD","items_purchased":["DistilledChaos"],"campfire_rested":1,"item_purchase_floors":[10],"current_hp_per_floor":[55,32,21,21,27,27,26,46,46,46,36,42,20,16,16,0,0],"gold":305,"neow_bonus":"THREE_RARE_CARDS","is_daily":false,"chose_seed":false,"campfire_upgraded":2,"win_rate":0.0,"timestamp":1609998723,"path_taken":["M","?","?","?","M","R","M","R","T","$","M","M","E","M","R","BOSS"],"items_purchased_type":["Potion"],"build_version":"2020-12-22","purchased_purges":0,"victory":false,"max_hp_per_floor":[75,75,75,68,68,68,68,68,68,68,68,68,75,75,75,75,75],"card_choices":[{"not_picked":["Impervious","Double Tap"],"picked":"Bludgeon","floor":0.0},{"not_picked":["Iron Wave","Searing Blow"],"picked":"Perfected Strike","floor":1.0},{"not_picked":["Warcry","Clash","Infernal Blade"],"picked":"SKIP","floor":5.0},{"not_picked":["Warcry","Havoc"],"picked":"Perfected Strike","floor":7.0},{"not_picked":["Battle Trance","Clash","Searing Blow"],"picked":"Evolve","floor":11.0},{"not_picked":["Sword Boomerang","Combust","Limit Break"],"picked":"Second Wind","floor":12.0},{"not_picked":["Iron Wave","Seeing Red","Whirlwind"],"picked":"Fire Breathing","floor":13.0},{"not_picked":["Searing Blow","Warcry","Evolve"],"picked":"Shrug It Off","floor":14}],"player_experience":1171911,"relics_obtained":[{"floor":9.0,"key":"Question Card"},{"floor":13.0,"key":"Strawberry"}],"event_choices":[{"damage_healed":0.0,"max_hp_gain":0.0,"max_hp_loss":0.0,"gold_gain":0.0,"event_name":"Shining Light","player_choice":"Entered Light","floor":2.0,"gold_loss":0.0,"damage_taken":23.0,"cards_upgraded":["Strike_R","Defend_R"]},{"damage_healed":0.0,"max_hp_gain":0.0,"max_hp_loss":0.0,"gold_gain":75.0,"event_name":"World of Goop","player_choice":"Gather Gold","floor":3.0,"gold_loss":0.0,"damage_taken":11.0},{"damage_healed":0.0,"max_hp_gain":0.0,"max_hp_loss":7.0,"gold_gain":0.0,"event_name":"Golden Idol","player_choice":"Lose Max HP","floor":4.0,"gold_loss":0.0,"damage_taken":0.0,"relics_obtained":["Golden Idol"]}],"is_beta":false,"boss_relics":[],"items_purged_floors":[],"is_endless":false,"potions_floor_spawned":[12,13,14],"killed_by":"Hexaghost","ascension_level":20}}