{"host":"36mulxq349byzoa2","time":1609981501,"event":{"mods":["AchievementEnabler","BaseMod","Better Match","Block Reminder","Colored Map","Colored Powertips","Minty Spire (QoL Compilation)","Rare Cards Sparkle","StSLib","SuperFastMode"],"gold_per_floor":[112,112,112,126,36,49,77,77,77,97,97,118,118,43,43,117,117,131,131,150,162,162,162,162,162],"floor_reached":24,"playtime":1000,"items_purged":[],"score":378,"play_id":"a5b78891-3d32-4430-b1cd-a2f79db8095d","local_time":"20210106200501","is_ascension_mode":true,"campfire_choices":[{"floor":8,"key":"REST"},{"data":"Footwork","floor":11,"key":"SMITH"},{"floor":15,"key":"REST"},{"floor":23,"key":"REST"}],"circlet_count":0,"master_deck":["AscendersBane","Strike_G","Strike_G","Strike_G","Strike_G","Strike_G","Defend_G","Defend_G","Defend_G","Defend_G","Defend_G","Survivor","Neutralize+1","Dagger Throw+1","Eviscerate","Footwork+1","Flying Knee","Prepared","Dodge and Roll","Deadly Poison","Terror","Tools of the Trade","Dagger Throw","Prepared"],"relics":["Cursed Key","Regal Pillow","Odd Mushroom","HoveringKite"],"acts_visited":["Exordium","TheCity"],"potions_floor_usage":[7,12,21,24],"damage_taken":[{"damage":3,"enemies":"2 Louse","floor":1,"turns":5},{"damage":0,"enemies":"Jaw Worm","floor":4,"turns":4},{"damage":4,"enemies":"Cultist","floor":6,"turns":3},{"damage":49,"enemies":"Gremlin Nob","floor":7,"turns":6},{"damage":1,"enemies":"Large Slime","floor":10,"turns":6},{"damage":0,"enemies":"The Mushroom Lair","floor":12,"turns":4},{"damage":34,"enemies":"The Guardian","floor":16,"turns":12},{"damage":23,"enemies":"Shell Parasite","floor":18,"turns":4},{"damage":18,"enemies":"Spheric Guardian","floor":20,"turns":8},{"damage":4,"enemies":"Snecko","floor":21,"turns":5},{"damage":36,"enemies":"Centurion and Healer","floor":24,"turns":6}],"seed_played":"1701491901827320245","potions_obtained":[{"floor":4,"key":"ColorlessPotion"},{"floor":10,"key":"ColorlessPotion"},{"floor":20,"key":"GamblersBrew"}],"is_trial":false,"path_per_floor":["M","?","?","M","$","M","E","R","T","M","R","?","?","$","R","B",null,"M","?","M","M","?","R","M"],"character_chosen":"THE_SILENT","items_purchased":["Footwork","Terror"],"campfire_rested":3,"item_purchase_floors":[5,14],"current_hp_per_floor":[56,56,56,56,56,52,3,37,37,36,36,36,36,36,66,32,58,35,35,17,13,1,35,0,0],"gold":162,"neow_bonus":"BOSS_RELIC","is_daily":false,"chose_seed":false,"campfire_upgraded":1,"win_rate":0.0,"timestamp":1609981501,"path_taken":["M","?","?","M","$","?","E","R","T","M","R","?","?","?","R","BOSS","M","?","M","M","?","R","?"],"items_purchased_type":["Card","Card"],"build_version":"2020-12-22","purchased_purges":0,"victory":false,"max_hp_per_floor":[66,66,66,66,66,66,66,66,66,66,66,66,66,66,66,66,66,66,66,66,66,66,66,66,66],"card_choices":[{"not_picked":["Sucker Punch","Quick Slash"],"picked":"Dagger Throw","floor":1},{"not_picked":["Acrobatics","Slice"],"picked":"Eviscerate","floor":4},{"not_picked":["Dagger Spray","Cloak And Dagger"],"picked":"Flying Knee","floor":6},{"not_picked":["Sucker Punch","Backstab"],"picked":"Prepared","floor":7},{"not_picked":["Phantasmal Killer","PiercingWail"],"picked":"Dodge and Roll","floor":10},{"not_picked":["Cloak And Dagger","Acrobatics"],"picked":"Deadly Poison","floor":12},{"not_picked":["Night Terror","Envenom"],"picked":"Tools of the Trade","floor":16},{"not_picked":["Escape Plan","Catalyst"],"picked":"Dagger Throw","floor":18},{"not_picked":["Slice","Backflip","Sucker Punch"],"picked":"SKIP","floor":20},{"not_picked":["Backstab","Outmaneuver"],"picked":"Prepared","floor":21}],"player_experience":1013525,"relics_obtained":[{"floor":7,"key":"Regal Pillow"},{"floor":12,"key":"Odd Mushroom"}],"event_choices":[{"damage_healed":0,"gold_gain":0,"player_choice":"Grow","damage_taken":0,"max_hp_gain":0,"max_hp_loss":0,"event_name":"Living Wall","floor":2,"gold_loss":0,"cards_upgraded":["Neutralize"]},{"damage_healed":0,"gold_gain":0,"player_choice":"Upgraded","damage_taken":0,"max_hp_gain":0,"max_hp_loss":0,"event_name":"Upgrade Shrine","floor":3,"gold_loss":0,"cards_upgraded":["Dagger Throw"]},{"damage_healed":0,"gold_gain":0,"player_choice":"Fought Mushrooms","damage_taken":0,"max_hp_gain":0,"max_hp_loss":0,"event_name":"Mushrooms","floor":12,"gold_loss":0},{"damage_healed":0,"gold_gain":0,"player_choice":"Ignored","damage_taken":0,"max_hp_gain":0,"max_hp_loss":0,"event_name":"Liars Game","floor":13,"gold_loss":0},{"damage_healed":0,"gold_gain":0,"player_choice":"Ignored","damage_taken":0,"max_hp_gain":0,"max_hp_loss":0,"event_name":"Vampires","floor":19,"gold_loss":0},{"damage_healed":0,"gold_gain":0,"player_choice":"POTION ","damage_taken":12,"max_hp_gain":0,"max_hp_loss":0,"event_name":"Knowing Skull","floor":22,"potions_obtained":["SneckoOil"],"gold_loss":0,"cards_obtained":[]}],"is_beta":false,"boss_relics":[{"not_picked":["Calling Bell","Black Star"],"picked":"HoveringKite"}],"items_purged_floors":[],"is_endless":false,"potions_floor_spawned":[4,10,20],"killed_by":"Centurion and Healer","ascension_level":19}}