{"host":"0fmi5fguj5lvt8pf","time":1609998776,"event":{"mods":["BaseMod","Colored Map","Curses Come First","Downfall","Minty Spire (QoL Compilation)","Permanent Neow","StSLib","Waifu the Spire"],"gold_per_floor":[0,10,25,39,39,39,39,39,39,66,166,29,29,39,53,155,155,105,117,117,117,136,166,166,116,135,235,194,205,80,98,113,215,215,165,175,195,281,291,291,291,291,241,259,271,297,346,33,50,50,50,81,81,31,31],"floor_reached":56,"playtime":4601,"items_purged":["Slimebound:Strike_Slimebound","Slimebound:Strike_Slimebound"],"score":1649,"play_id":"17c27ebb-1909-463b-abde-498f64191850","local_time":"20210106215256","is_ascension_mode":false,"campfire_choices":[{"data":"Slimebound:CorrosiveSpit","floor":1.0,"key":"SMITH"},{"data":"Slimebound:SamplingLick","floor":6.0,"key":"SMITH"},{"floor":18.0,"key":"RECALL"},{"data":"Slimebound:Repurpose","floor":25.0,"key":"SMITH"},{"data":"Slimebound:DouseInSlime","floor":30.0,"key":"SMITH"},{"data":"Slimebound:MassRepurpose","floor":35.0,"key":"SMITH"},{"data":"Slimebound:Recycling","floor":43.0,"key":"SMITH"},{"data":"Slimebound:Equalize","floor":54.0,"key":"SMITH"}],"circlet_count":0,"master_deck":["Slimebound:Defend_Slimebound","Slimebound:Split+1","Slimebound:CorrosiveSpit+1","Slimebound:Equalize+1","Slimebound:SamplingLick+1","Slimebound:DouseInSlime+1","Slimebound:GrowthPunch","Slimebound:SlimeSpikes","Slimebound:Repurpose+1","Slimebound:SplitAcid","Slimebound:Recycling+1","Slimebound:SplitAcid","Slimebound:LevelUp","Slimebound:GrowthPunch","Slimebound:LevelUp","Slimebound:SlimeTap","Slimebound:MassRepurpose+1","Slimebound:PressTheAttack","Slimebound:Recollect+1","Slimebound:Darklings","Slimebound:RejuvenatingLick+1"],"relics":["Slimebound:AbsorbEndCombat","Thread and Needle","The Courier","Slimebound:GreedOozeRelic","Happy Flower","sneckomod:SneckoTalon","Guardian:PocketSentry","downfall:GremlinWheel","downfall:HeartBlessingRed","downfall:HeartBlessingGreen","downfall:HeartBlessingBlue","Busted Crown","Bronze Scales","Toxic Egg 2","Sundial","Oddly Smooth Stone","Mummified Hand","ClockworkSouvenir","Art of War"],"acts_visited":["Exordium","TheCity","TheBeyond","TheEnding"],"potions_floor_usage":[55,55],"damage_taken":[{"damage":4.0,"enemies":"2 Louse","floor":2.0,"turns":2.0},{"damage":4.0,"enemies":"Small Slimes","floor":3.0,"turns":4.0},{"damage":4.0,"enemies":"Cultist","floor":4.0,"turns":3.0},{"damage":32.0,"enemies":"Lagavulin","floor":10.0,"turns":4.0},{"damage":21.0,"enemies":"downfall:Heads","floor":11.0,"turns":4.0},{"damage":8.0,"enemies":"downfall:FleeingMerchant","floor":12.0,"turns":4.0},{"damage":8.0,"enemies":"Exordium Wildlife","floor":14.0,"turns":3.0},{"damage":12.0,"enemies":"Lots of Slimes","floor":15.0,"turns":2.0},{"damage":54.0,"enemies":"downfall:Defect","floor":16.0,"turns":8.0},{"damage":8.0,"enemies":"Chosen","floor":19.0,"turns":4.0},{"damage":17.0,"enemies":"Spheric Guardian","floor":22.0,"turns":4.0},{"damage":16.0,"enemies":"Book of Stabbing","floor":23.0,"turns":4.0},{"damage":12.0,"enemies":"Snake Plant","floor":26.0,"turns":3.0},{"damage":8.0,"enemies":"Snake Plant","floor":27.0,"turns":3.0},{"damage":16.0,"enemies":"downfall:FleeingMerchant","floor":28.0,"turns":4.0},{"damage":9.0,"enemies":"3 Cultists","floor":29.0,"turns":3.0},{"damage":16.0,"enemies":"Chosen and Byrds","floor":31.0,"turns":3.0},{"damage":11.0,"enemies":"Snake Plant","floor":32.0,"turns":3.0},{"damage":12.0,"enemies":"downfall:Watcher","floor":33.0,"turns":6.0},{"damage":12.0,"enemies":"3 Shapes","floor":36.0,"turns":3.0},{"damage":16.0,"enemies":"3 Darklings","floor":37.0,"turns":3.0},{"damage":27.0,"enemies":"downfall:FleeingMerchant","floor":38.0,"turns":3.0},{"damage":17.0,"enemies":"Transient","floor":39.0,"turns":5.0},{"damage":35.0,"enemies":"Sphere and 2 Shapes","floor":44.0,"turns":4.0},{"damage":36.0,"enemies":"Maw","floor":45.0,"turns":5.0},{"damage":40.0,"enemies":"Giant Head","floor":46.0,"turns":6.0},{"damage":15.0,"enemies":"Writhing Mass","floor":49.0,"turns":4.0},{"damage":44.0,"enemies":"downfall:Silent","floor":50.0,"turns":6.0},{"damage":64.0,"enemies":"downfall:CharBossMerchant","floor":52.0,"turns":7.0},{"damage":41,"enemies":"downfall:NeowBoss","floor":55,"turns":17}],"seed_played":"-7963132402901899108","potions_obtained":[{"floor":3.0,"key":"DistilledChaos"},{"floor":10.0,"key":"Weak Potion"},{"floor":15.0,"key":"ColorlessPotion"},{"floor":16.0,"key":"hexamod:EctoCoolerPotion"},{"floor":19.0,"key":"ColorlessPotion"},{"floor":20.0,"key":"CultistPotion"},{"floor":29.0,"key":"Guardian:BlockOnCardUsePotion"},{"floor":31.0,"key":"PowerPotion"},{"floor":39.0,"key":"Dexterity Potion"}],"is_trial":false,"path_per_floor":["R","M","M","M","?","R","T","?","?","E","?","$","?","M","M","B",null,"R","M","?","?","M","E","T","R","M","?","$","M","R","M","M","B",null,"R","M","M","$","M","?","T","?","R","M","M","E","T","$","M","B",null,"E","$","R","B",null],"character_chosen":"SLIMEBOUND","items_purchased":["Slimebound:Repurpose","Slimebound:SlimeTap","Bronze Scales","Slimebound:PressTheAttack","Mummified Hand","ClockworkSouvenir"],"campfire_rested":0,"item_purchase_floors":[12,28,38,38,48,48],"current_hp_per_floor":[60,60,60,60,60,60,60,60,60,38,29,43,43,53,59,20,60,60,60,60,60,59,60,60,60,60,60,56,60,70,70,70,70,70,70,70,70,70,70,70,70,70,70,59,62,70,70,70,70,70,70,70,70,70,70],"gold":31,"neow_bonus":"ONE_RARE_RELIC","is_daily":false,"chose_seed":false,"campfire_upgraded":7,"win_rate":0.0,"timestamp":1609998776,"path_taken":["R","M","M","M","?","R","T","?","?","E","?","$","?","M","M","BOSS","R","M","?","?","M","E","T","R","?","?","$","M","R","M","M","BOSS","R","M","?","$","M","?","T","?","R","M","M","E","?","$","M","BOSS","E","$","R","BOSS"],"items_purchased_type":["Card","Card","Relic","Card","Relic","Relic"],"build_version":"2020-12-22","purchased_purges":2,"victory":true,"max_hp_per_floor":[60,60,60,60,60,60,60,60,60,60,60,60,60,60,60,60,60,60,60,60,60,60,60,60,60,60,60,60,60,70,70,70,70,70,70,70,70,70,70,70,70,70,70,70,70,70,70,70,70,70,70,70,70,70,70],"card_choices":[{"not_picked":["Slimebound:Schlurp","Slimebound:RollThrough","Slimebound:GoopSpray"],"picked":"SKIP","floor":2.0},{"not_picked":["Slimebound:LeechEnergy","Slimebound:LeadByExample"],"picked":"Slimebound:Equalize","floor":3.0},{"not_picked":["Slimebound:RollThrough","Slimebound:LivingWall"],"picked":"Slimebound:SamplingLick","floor":4.0},{"not_picked":["Slimebound:SplitBruiser","Slimebound:ViciousTackle"],"picked":"Slimebound:SlimeSpikes","floor":10.0},{"not_picked":["Slimebound:SplitAcid","Slimebound:RainOfGoop"],"picked":"Slimebound:GrowthPunch","floor":11.0},{"not_picked":["Slimebound:ItLooksTasty","Slimebound:Prepare"],"picked":"Slimebound:SlimeSpikes","floor":12.0},{"not_picked":["Slimebound:SplitMire","Slimebound:GoopSpray"],"picked":"Slimebound:SplitAcid","floor":14.0},{"not_picked":["Slimebound:LeadByExample","Slimebound:RollThrough","Slimebound:PressTheAttack"],"picked":"SKIP","floor":15.0},{"not_picked":["Slimebound:MassFeed","Slimebound:CheckThePlaybook"],"picked":"Slimebound:Recycling","floor":16.0},{"not_picked":["Slimebound:FinishingTackle","Slimebound:GoopSpray+1","Slimebound:FirmFortitude"],"picked":"SKIP","floor":19.0},{"not_picked":["Slimebound:SplitBruiser","Slimebound:SplitAcid"],"picked":"Slimebound:LevelUp","floor":22.0},{"not_picked":["Slimebound:SplitLeeching","Slimebound:ItLooksTasty","Slimebound:Schlurp"],"picked":"SKIP","floor":23.0},{"not_picked":["Slimebound:SlimeSpikes","Slimebound:LeechEnergy"],"picked":"Slimebound:GrowthPunch","floor":26.0},{"not_picked":["Slimebound:FinishingTackle","Slimebound:LeadByExample"],"picked":"Slimebound:LevelUp","floor":28.0},{"not_picked":["Slimebound:LeechEnergy+1","Slimebound:RollThrough+1","Slimebound:SplitLeeching+1"],"picked":"SKIP","floor":29.0},{"not_picked":["Slimebound:TongueLash","Slimebound:CheckThePlaybook","Slimebound:FirmFortitude+1"],"picked":"SKIP","floor":31.0},{"not_picked":["Slimebound:Chomp","Slimebound:FinishingTackle","Slimebound:SamplingLick"],"picked":"SKIP","floor":32.0},{"not_picked":["Slimebound:MassFeed","Slimebound:DuplicatedForm"],"picked":"Slimebound:MassRepurpose","floor":33.0},{"not_picked":["Slimebound:SplitLeeching+1"],"picked":"SKIP","floor":36.0},{"not_picked":["Slimebound:Schlurp+1"],"picked":"SKIP","floor":37.0},{"not_picked":["Slimebound:RejuvenatingLick"],"picked":"SKIP","floor":38.0},{"not_picked":[],"picked":"Slimebound:Recollect+1","floor":39.0},{"not_picked":["Slimebound:SpikyOuterGoop"],"picked":"SKIP","floor":44.0},{"not_picked":["Slimebound:SplitBruiser+1"],"picked":"SKIP","floor":45.0},{"not_picked":["Slimebound:SlimeBarrage"],"picked":"SKIP","floor":46.0},{"not_picked":[],"picked":"Slimebound:RejuvenatingLick+1","floor":49.0},{"not_picked":["Slimebound:ItLooksTasty+1"],"picked":"SKIP","floor":52.0}],"player_experience":1296187,"relics_obtained":[{"floor":7.0,"key":"The Courier"},{"floor":10.0,"key":"Happy Flower"},{"floor":23.0,"key":"Guardian:PocketSentry"},{"floor":27.0,"key":"downfall:GremlinWheel"},{"floor":41.0,"key":"Toxic Egg 2"},{"floor":46.0,"key":"Sundial"},{"floor":47.0,"key":"Oddly Smooth Stone"},{"floor":52.0,"key":"Art of War"}],"event_choices":[{"cards_removed":["Slimebound:Defend_Slimebound"],"damage_healed":0.0,"max_hp_gain":0.0,"max_hp_loss":0.0,"gold_gain":0.0,"event_name":"The Cleric","player_choice":"Card Removal","floor":5.0,"gold_loss":0.0,"damage_taken":0.0},{"damage_healed":0.0,"max_hp_gain":0.0,"max_hp_loss":0.0,"gold_gain":0.0,"cards_transformed":["Slimebound:Defend_Slimebound"],"event_name":"Transmorgrifier","player_choice":"Transformed","floor":21.0,"gold_loss":0.0,"damage_taken":0.0,"cards_obtained":["Slimebound:SplitAcid"]},{"damage_healed":0.0,"max_hp_gain":0.0,"max_hp_loss":0.0,"gold_gain":200.0,"event_name":"Wheel of Change","player_choice":"Gold","floor":30.0,"gold_loss":0.0,"damage_taken":0.0},{"cards_removed":["Slimebound:SlimeSpikes"],"damage_healed":0.0,"max_hp_gain":0.0,"max_hp_loss":0.0,"gold_gain":0.0,"event_name":"Falling","player_choice":"Removed Skill","floor":42.0,"gold_loss":0.0,"damage_taken":0.0}],"is_beta":false,"boss_relics":[{"not_picked":["Slimebound:TarBlob","downfall:Hecktoplasm"],"picked":"sneckomod:SneckoTalon"},{"not_picked":["Pandora\u0027s Box","Runic Dome"],"picked":"Busted Crown"}],"items_purged_floors":[12,38],"is_endless":false,"potions_floor_spawned":[3,10,15,16,19,29,31,32,39,45,46,52],"ascension_level":0}}