{"host":"icfpfg8l7slpscsh","time":1609985146,"event":{"mods":["AchievementEnabler","BaseMod","Colored Map","Colored Powertips","Highlight Path","Minty Spire (QoL Compilation)","Permanent Neow","Quick Restart","StSLib"],"gold_per_floor":[114,129,144,159,159,159,159,159,184,203,203,278,297,316,316,441,441,460,485,504,523,542,542,542,542,542,561,580,599,618,637,637,771,771,790,809,828,847,866,866,866,885,885,1204,194,241,260,279,279,279],"floor_reached":51,"playtime":2604,"items_purged":[],"score":760,"play_id":"56767cd6-d37c-4f7a-9b30-d750e46d4bf4","local_time":"20210106210546","daily_mods":["SealedDeck","Vintage","Lethality"],"is_ascension_mode":false,"campfire_choices":[{"data":"SashWhip","floor":6,"key":"SMITH"},{"data":"Conclude","floor":8,"key":"SMITH"},{"data":"WindmillStrike","floor":11,"key":"SMITH"},{"data":"Protect","floor":15,"key":"SMITH"},{"data":"Protect","floor":23,"key":"SMITH"},{"data":"PathToVictory","floor":25,"key":"SMITH"},{"data":"CutThroughFate","floor":32,"key":"SMITH"},{"data":"Swivel","floor":40,"key":"SMITH"},{"floor":49,"key":"REST"}],"circlet_count":0,"master_deck":["SashWhip+1","CutThroughFate+1","WindmillStrike+1","WheelKick+1","Swivel+1","Collect+1","Conclude+1","Protect+1","Protect+1","PathToVictory+1","Wish+1","ThirdEye+1","FollowUp+1"],"relics":["PureWater","TeardropLocket","Shuriken","Bronze Scales","Matryoshka","Golden Idol","Vajra","MealTicket","Potion Belt","Mercury Hourglass","Toxic Egg 2","Busted Crown","Meat on the Bone","Red Mask","Incense Burner","Happy Flower","Mummified Hand","MutagenicStrength","Anchor","Blood Vial","Smiling Mask","Question Card","CeramicFish","The Courier","HornCleat","SlaversCollar","Lizard Tail","Pen Nib","Ornamental Fan","StrikeDummy","Pear","Frozen Egg 2","Yang","Old Coin","Kunai","Orichalcum","Frozen Eye","Eternal Feather","Unceasing Top","Akabeko","Whetstone","Bottled Lightning","Dream Catcher"],"acts_visited":["Exordium","TheCity","TheBeyond"],"potions_floor_usage":[],"damage_taken":[{"damage":2,"enemies":"Jaw Worm","floor":1,"turns":2},{"damage":0,"enemies":"2 Louse","floor":2,"turns":1},{"damage":0,"enemies":"Cultist","floor":3,"turns":2},{"damage":1,"enemies":"Looter","floor":4,"turns":2},{"damage":2,"enemies":"Large Slime","floor":10,"turns":3},{"damage":0,"enemies":"Gremlin Gang","floor":13,"turns":2},{"damage":0,"enemies":"3 Louse","floor":14,"turns":1},{"damage":11,"enemies":"Hexaghost","floor":16,"turns":7},{"damage":0,"enemies":"Chosen","floor":18,"turns":2},{"damage":0,"enemies":"Masked Bandits","floor":19,"turns":2},{"damage":0,"enemies":"Spheric Guardian","floor":20,"turns":3},{"damage":3,"enemies":"Centurion and Healer","floor":21,"turns":2},{"damage":0,"enemies":"Snecko","floor":22,"turns":2},{"damage":0,"enemies":"Sentry and Sphere","floor":27,"turns":2},{"damage":0,"enemies":"Centurion and Healer","floor":28,"turns":2},{"damage":0,"enemies":"Chosen and Byrds","floor":29,"turns":3},{"damage":0,"enemies":"Snecko","floor":30,"turns":2},{"damage":0,"enemies":"Sentry and Sphere","floor":31,"turns":1},{"damage":2,"enemies":"Automaton","floor":33,"turns":5},{"damage":0,"enemies":"Orb Walker","floor":35,"turns":1},{"damage":0,"enemies":"3 Darklings","floor":36,"turns":3},{"damage":0,"enemies":"Maw","floor":37,"turns":5},{"damage":0,"enemies":"4 Shapes","floor":38,"turns":3},{"damage":0,"enemies":"Sphere and 2 Shapes","floor":39,"turns":4},{"damage":0,"enemies":"3 Darklings","floor":42,"turns":3},{"damage":0,"enemies":"Jaw Worm Horde","floor":44,"turns":3},{"damage":6,"enemies":"Reptomancer","floor":46,"turns":3},{"damage":0,"enemies":"4 Shapes","floor":47,"turns":1},{"damage":0,"enemies":"Writhing Mass","floor":48,"turns":3},{"damage":26,"enemies":"Time Eater","floor":50,"turns":11}],"seed_played":"8350349167999303424","potions_obtained":[{"floor":2,"key":"BlessingOfTheForge"},{"floor":13,"key":"FearPotion"},{"floor":16,"key":"FairyPotion"},{"floor":19,"key":"DuplicationPotion"},{"floor":21,"key":"StancePotion"},{"floor":22,"key":"LiquidMemories"},{"floor":28,"key":"SkillPotion"},{"floor":44,"key":"DuplicationPotion"}],"is_trial":false,"path_per_floor":["M","M","M","M","?","R","?","R","T","M","R","?","M","M","R","B",null,"M","?","M","M","M","R","?","R","T","M","M","M","M","M","R","B",null,"M","M","M","M","M","R","?","M","T","M","$","E","M","M","R","B",null],"character_chosen":"WATCHER","items_purchased":["Kunai","ThirdEye+1","Orichalcum","Frozen Eye","Eternal Feather","Unceasing Top","Akabeko"],"campfire_rested":1,"item_purchase_floors":[45,45,45,45,45,45,45],"current_hp_per_floor":[70,70,70,69,51,51,51,51,51,49,49,38,38,38,38,27,72,72,72,72,69,69,69,69,69,69,71,72,72,72,72,72,70,72,72,72,72,72,82,82,82,82,82,82,82,76,78,80,82,56],"gold":279,"neow_bonus":"","is_daily":true,"chose_seed":false,"campfire_upgraded":8,"win_rate":0.0,"timestamp":1609985146,"path_taken":["M","M","M","M","?","R","?","R","T","M","R","?","M","M","R","BOSS","M","?","M","M","M","R","?","R","T","M","M","M","M","M","R","BOSS","M","M","M","M","M","R","?","M","T","M","$","E","M","M","R","BOSS"],"items_purchased_type":["Relic","Card","Relic","Relic","Relic","Relic","Relic"],"build_version":"2020-12-22","purchased_purges":0,"victory":true,"max_hp_per_floor":[72,72,72,72,72,72,72,72,72,72,72,72,72,72,72,72,72,72,72,72,72,72,72,72,72,72,72,72,72,72,72,72,72,72,72,72,72,72,82,82,82,82,82,82,82,82,82,82,82,82],"card_choices":[{"not_picked":["MasterReality"],"picked":"Wish+1","floor":33},{"not_picked":["Swivel+1"],"picked":"FollowUp+1","floor":46}],"player_experience":1425071,"relics_obtained":[{"floor":1,"key":"TeardropLocket"},{"floor":2,"key":"Shuriken"},{"floor":3,"key":"Bronze Scales"},{"floor":4,"key":"Matryoshka"},{"floor":9,"key":"Vajra"},{"floor":9,"key":"MealTicket"},{"floor":10,"key":"Potion Belt"},{"floor":13,"key":"Mercury Hourglass"},{"floor":14,"key":"Toxic Egg 2"},{"floor":18,"key":"Meat on the Bone"},{"floor":19,"key":"Red Mask"},{"floor":20,"key":"Incense Burner"},{"floor":21,"key":"Happy Flower"},{"floor":22,"key":"Mummified Hand"},{"floor":26,"key":"Anchor"},{"floor":26,"key":"Blood Vial"},{"floor":27,"key":"Smiling Mask"},{"floor":28,"key":"Question Card"},{"floor":29,"key":"CeramicFish"},{"floor":30,"key":"The Courier"},{"floor":31,"key":"HornCleat"},{"floor":35,"key":"Lizard Tail"},{"floor":36,"key":"Pen Nib"},{"floor":37,"key":"Ornamental Fan"},{"floor":38,"key":"StrikeDummy"},{"floor":39,"key":"Pear"},{"floor":42,"key":"Frozen Egg 2"},{"floor":43,"key":"Yang"},{"floor":44,"key":"Old Coin"},{"floor":46,"key":"Whetstone"},{"floor":47,"key":"Bottled Lightning"},{"floor":48,"key":"Dream Catcher"}],"event_choices":[{"damage_healed":0,"gold_gain":0,"player_choice":"Take Damage","damage_taken":18,"relics_obtained":["Golden Idol"],"max_hp_gain":0,"max_hp_loss":0,"event_name":"Golden Idol","floor":5,"gold_loss":0},{"damage_healed":0,"gold_gain":0,"player_choice":"Grow","damage_taken":0,"max_hp_gain":0,"max_hp_loss":0,"event_name":"Living Wall","floor":7,"gold_loss":0,"cards_upgraded":["Collect"]},{"damage_healed":0,"gold_gain":75,"player_choice":"Gather Gold","damage_taken":11,"max_hp_gain":0,"max_hp_loss":0,"event_name":"World of Goop","floor":12,"gold_loss":0},{"damage_healed":0,"gold_gain":0,"player_choice":"Fought Bandits","damage_taken":0,"max_hp_gain":0,"max_hp_loss":0,"event_name":"Masked Bandits","floor":19,"gold_loss":0},{"damage_healed":0,"gold_gain":0,"player_choice":"Inject Mutagens","damage_taken":0,"relics_obtained":["MutagenicStrength"],"max_hp_gain":0,"max_hp_loss":0,"event_name":"Drug Dealer","floor":24,"gold_loss":0},{"damage_healed":0,"gold_gain":0,"player_choice":"Forge","damage_taken":0,"max_hp_gain":0,"max_hp_loss":0,"event_name":"Accursed Blacksmith","floor":41,"gold_loss":0,"cards_upgraded":["WheelKick"]}],"is_beta":false,"boss_relics":[{"not_picked":["Philosopher\u0027s Stone","Sozu"],"picked":"Busted Crown"},{"not_picked":["Velvet Choker","VioletLotus"],"picked":"SlaversCollar"}],"items_purged_floors":[],"is_endless":false,"potions_floor_spawned":[2,13,16,19,21,22,28,29,35,36,37,42,44],"ascension_level":0}}