{"host":"pwh3ruj8vqn9s5j7","time":1609995324,"event":{"mods":["BaseMod","Colored Powertips","Downfall","Highlight Path","Marisa£®ÏF”Í°°ƒß¿Ì…≥£©","Minty Spire (QoL Compilation)","StSLib"],"gold_per_floor":[99,118,128,38,138,23,23,38,58,92,17,17,17,467,484,583,583,583,596,596,696,716,716,716,117,135,165,90,122,29,43,63,168,168,168,188,203,203,250,260,287,306,333,353,353,383,308,308,321,321],"floor_reached":51,"playtime":5130,"items_purged":["Guardian:Strike_Guardian","Guardian:Strike_Guardian","Slimebound:Icky"],"score":897,"play_id":"97f9de4d-8214-4c53-bbc8-b6cd9f81379e","local_time":"20210107125524","is_ascension_mode":false,"campfire_choices":[{"floor":1.0,"key":"RECALL"},{"floor":11.0,"key":"REST"},{"data":"Guardian:StasisField","floor":13.0,"key":"SMITH"},{"data":"Guardian:Planning","floor":18.0,"key":"SMITH"},{"data":"Guardian:TimeCapacitor","floor":23.0,"key":"SMITH"},{"data":"Guardian:EvasiveProtocol","floor":28.0,"key":"SMITH"},{"data":"Guardian:EvasiveProtocol","floor":35,"key":"SMITH"},{"floor":45,"key":"REST"},{"data":"expansioncontent:DefensiveStance","floor":47,"key":"SMITH"}],"circlet_count":0,"master_deck":["Guardian:Strike_Guardian","Guardian:Defend_Guardian","Guardian:Defend_Guardian","Guardian:CurlUp","Guardian:TwinSlam","Guardian:DecasProtection+1","Guardian:Planning+1","Guardian:ChargeCore","Guardian:StasisField+1","Guardian:Incinerate","Guardian:ShieldCharger","Guardian:Incinerate","Guardian:TimeCapacitor","Guardian:TimeSifter","Slimebound:Icky","Slimebound:Icky","Guardian:Recover","Guardian:TimeCapacitor+1","Guardian:Incinerate","Guardian:EvasiveProtocol+1","Guardian:Planning+1","Guardian:ExploitGems","Guardian:ChargeCore+1","Guardian:TemporalStrike","Guardian:EvasiveProtocol+1","Guardian:FloatingOrbs","Guardian:ConstructionForm","Guardian:PiercingHide+1","expansioncontent:DefensiveStance+1","expansioncontent:DonusPower","expansioncontent:CaCaw","Parasite","Guardian:EvasiveProtocol+1","sneckomod:Bewildered","Guardian:Preprogram","Guardian:StasisField","Parasite","Guardian:Gem_Red"],"relics":["Guardian:ModeShifter","StoneCalendar","MealTicket","downfall:HeartBlessingRed","Runic Pyramid","White Beast Statue","Letter Opener","Toolbox","Bag of Marbles","downfall:HeartBlessingBlue","Sundial","Cursed Key","Bronze Scales","Boot","Eternal Feather","Ornamental Fan","downfall:HeartBlessingGreen"],"acts_visited":["Exordium","TheCity","TheBeyond"],"potions_floor_usage":[30,31,33,44,50,50,50],"damage_taken":[{"damage":0.0,"enemies":"2 Louse","floor":2.0,"turns":3.0},{"damage":2.0,"enemies":"Small Slimes","floor":3.0,"turns":4.0},{"damage":0.0,"enemies":"downfall:FleeingMerchant","floor":4.0,"turns":4.0},{"damage":16.0,"enemies":"downfall:Heads","floor":5.0,"turns":10.0},{"damage":0.0,"enemies":"downfall:FleeingMerchant","floor":6.0,"turns":4.0},{"damage":0.0,"enemies":"Cultist","floor":8.0,"turns":4.0},{"damage":10.0,"enemies":"Exordium Thugs","floor":9.0,"turns":6.0},{"damage":8.0,"enemies":"3 Sentries","floor":10.0,"turns":7.0},{"damage":34.0,"enemies":"Exordium Wildlife","floor":15.0,"turns":6.0},{"damage":16.0,"enemies":"downfall:Silent","floor":16.0,"turns":9.0},{"damage":0.0,"enemies":"Spheric Guardian","floor":19.0,"turns":5.0},{"damage":0.0,"enemies":"downfall:LadyInBlue","floor":21.0,"turns":8.0},{"damage":0.0,"enemies":"Shell Parasite","floor":22.0,"turns":6.0},{"damage":6.0,"enemies":"downfall:FleeingMerchant","floor":25.0,"turns":4.0},{"damage":6.0,"enemies":"Centurion and Healer","floor":26.0,"turns":6.0},{"damage":15.0,"enemies":"Gremlin Leader","floor":27.0,"turns":7.0},{"damage":12,"enemies":"Book of Stabbing","floor":29,"turns":6},{"damage":0,"enemies":"downfall:FleeingMerchant","floor":30,"turns":4},{"damage":0,"enemies":"3 Cultists","floor":31,"turns":5},{"damage":0,"enemies":"Sentry and Sphere","floor":32,"turns":6},{"damage":3,"enemies":"downfall:Defect","floor":33,"turns":9},{"damage":0,"enemies":"Orb Walker","floor":36,"turns":4},{"damage":3,"enemies":"3 Shapes","floor":37,"turns":7},{"damage":0,"enemies":"Maw","floor":40,"turns":9},{"damage":8,"enemies":"3 Darklings","floor":42,"turns":7},{"damage":1,"enemies":"Nemesis","floor":43,"turns":7},{"damage":49,"enemies":"Writhing Mass","floor":44,"turns":7},{"damage":0,"enemies":"Giant Head","floor":46,"turns":9},{"damage":0,"enemies":"Transient","floor":49,"turns":5},{"damage":8,"enemies":"downfall:Ironclad","floor":50,"turns":12}],"seed_played":"915788197233174662","potions_obtained":[{"floor":2.0,"key":"SteroidPotion"},{"floor":8.0,"key":"FearPotion"},{"floor":10.0,"key":"Fire Potion"},{"floor":15.0,"key":"Fire Potion"},{"floor":16.0,"key":"Block Potion"},{"floor":21.0,"key":"EntropicBrew"},{"floor":21.0,"key":"Block Potion"},{"floor":30,"key":"champ:CounterPotion"},{"floor":31,"key":"Weak Potion"},{"floor":32,"key":"FearPotion"},{"floor":33,"key":"DuplicationPotion"},{"floor":37,"key":"SpeedPotion"},{"floor":40,"key":"Fire Potion"},{"floor":43,"key":"Dexterity Potion"},{"floor":44,"key":"LiquidMemories"},{"floor":46,"key":"CultistPotion"}],"is_trial":false,"path_per_floor":["R","M","M","$","?","$","T","M","M","E","R","?","R","?","M","B",null,"R","M","?","?","M","R","T","$","M","E","R","E","$","M","M","B",null,"R","M","M","?","T","M","T","M","E","M","R","E","R","?","M","B",null],"character_chosen":"GUARDIAN","items_purchased":["Letter Opener","Toolbox","Guardian:EvasiveProtocol","Guardian:Gem_Green","Guardian:TemporalStrike"],"campfire_rested":2,"item_purchase_floors":[25,25,25,30,30],"current_hp_per_floor":[88,88,86,86,70,70,70,70,60,52,78,78,78,78,44,28,88,88,88,88,88,88,88,88,82,76,61,71,59,74,74,74,71,98,98,98,95,85,85,85,85,77,76,27,77,77,98,98,98,90],"gold":321,"neow_bonus":"TEN_PERCENT_HP_BONUS","is_daily":false,"chose_seed":false,"campfire_upgraded":6,"win_rate":0.0,"timestamp":1609995324,"path_taken":["R","M","M","$","?","$","T","M","M","E","R","?","R","?","M","BOSS","R","M","?","?","M","R","T","$","M","E","R","E","$","?","M","BOSS","R","M","M","?","?","M","T","?","E","M","R","E","R","?","M","BOSS"],"items_purchased_type":["Relic","Relic","Card","Card","Card"],"build_version":"2020-12-22","purchased_purges":3,"victory":true,"max_hp_per_floor":[88,88,88,88,88,88,88,88,88,88,88,88,88,88,88,88,88,88,88,88,88,88,88,88,88,88,88,98,98,98,98,98,98,98,98,98,98,98,98,98,98,98,98,98,98,98,98,98,98,98],"card_choices":[{"not_picked":["Guardian:FloatingOrbs","Guardian:Recover"],"picked":"Guardian:DecasProtection","floor":2.0},{"not_picked":["Guardian:Gem_Cyan","Guardian:MultiBeam"],"picked":"Guardian:Planning","floor":3.0},{"not_picked":["Guardian:TemporalStrike","Guardian:Recover"],"picked":"Guardian:ChargeCore","floor":4.0},{"not_picked":["Guardian:Gem_Cyan","Guardian:Suspension"],"picked":"Guardian:StasisField","floor":5.0},{"not_picked":["Guardian:WalkerClaw","Guardian:VentSteam"],"picked":"Guardian:ShieldCharger","floor":6.0},{"not_picked":["Guardian:ShieldCharger","Guardian:Harden"],"picked":"Guardian:Incinerate","floor":8.0},{"not_picked":["Guardian:CrystalBeam","Guardian:BronzeArmor"],"picked":"Guardian:TimeCapacitor","floor":9.0},{"not_picked":["Guardian:RevengeProtocol","Guardian:Gem_Purple"],"picked":"Guardian:TimeSifter","floor":10.0},{"not_picked":["Guardian:TemporalShield","Guardian:RollAttack"],"picked":"Guardian:Recover","floor":15.0},{"not_picked":["Guardian:BaubleBeam","Guardian:AncientConstruct"],"picked":"Guardian:Gem_Orange","floor":16.0},{"not_picked":["Guardian:ShieldCharger","Guardian:DonusPower"],"picked":"Guardian:Gem_Crimson","floor":19.0},{"not_picked":["Guardian:ShieldCharger+1","Guardian:ChargeCore"],"picked":"Guardian:TimeCapacitor","floor":21.0},{"not_picked":["Guardian:Gem_Lightblue","Guardian:ChargeCore+1"],"picked":"Guardian:Incinerate","floor":22.0},{"not_picked":["Guardian:Recover+1","Guardian:DecasProtection"],"picked":"Guardian:Gem_Blue","floor":25.0},{"not_picked":["Guardian:RollAttack","Guardian:MultiBeam"],"picked":"Guardian:Planning+1","floor":26.0},{"not_picked":["Guardian:Repulse","Guardian:ChargeUp"],"picked":"Guardian:Gem_Lightblue","floor":27.0},{"not_picked":["Guardian:GuardianWhirl","Guardian:ShieldCharger"],"picked":"Guardian:ExploitGems","floor":29},{"not_picked":["Guardian:TemporalStrike","Guardian:TimeBomb"],"picked":"Guardian:ChargeCore+1","floor":30},{"not_picked":["Guardian:Gem_Cyan","Guardian:PiercingHide"],"picked":"Guardian:EvasiveProtocol","floor":31},{"not_picked":["Guardian:Gem_Lightblue","Guardian:Planning"],"picked":"Guardian:FloatingOrbs","floor":32},{"not_picked":["Guardian:ExploitGems","Guardian:TimeSifter"],"picked":"Guardian:ConstructionForm","floor":33},{"not_picked":["Guardian:Incinerate","Guardian:WalkerClaw"],"picked":"Guardian:Gem_Lightblue","floor":36},{"not_picked":["Guardian:Repulse+1","Guardian:Planning+1"],"picked":"Guardian:PiercingHide+1","floor":37},{"not_picked":["expansioncontent:GoopSpray","expansioncontent:Collect"],"picked":"expansioncontent:DefensiveStance","floor":38},{"not_picked":["expansioncontent:ManipulateTime","expansioncontent:HyperBeam"],"picked":"expansioncontent:DonusPower","floor":38},{"not_picked":["expansioncontent:ManipulateTime","expansioncontent:YouAreMine"],"picked":"expansioncontent:CaCaw","floor":38},{"not_picked":["Guardian:Recover","Guardian:Reroute+1"],"picked":"Guardian:EvasiveProtocol+1","floor":40},{"not_picked":["Guardian:TemporalStrike","Guardian:CrystalBeam"],"picked":"Guardian:Preprogram","floor":42},{"not_picked":["Guardian:ChargeCore+1","Guardian:PolyBeam"],"picked":"Guardian:StasisField","floor":43},{"not_picked":["Guardian:PrimingBeam","Guardian:RollAttack+1","Guardian:TemporalShield"],"picked":"SKIP","floor":44},{"not_picked":["Guardian:ChargeCore","Guardian:ConstructionForm"],"picked":"Guardian:Gem_Cyan","floor":46},{"not_picked":["Guardian:Gem_Lightblue","Guardian:PrimingBeam"],"picked":"Guardian:Gem_Red","floor":49}],"player_experience":15334,"relics_obtained":[{"floor":7.0,"key":"StoneCalendar"},{"floor":10.0,"key":"MealTicket"},{"floor":21.0,"key":"White Beast Statue"},{"floor":27.0,"key":"Bag of Marbles"},{"floor":29,"key":"Sundial"},{"floor":39,"key":"Bronze Scales"},{"floor":41,"key":"Boot"},{"floor":43,"key":"Eternal Feather"},{"floor":46,"key":"Ornamental Fan"}],"event_choices":[],"is_beta":false,"boss_relics":[{"not_picked":["Velvet Choker","Runic Dome"],"picked":"Runic Pyramid"},{"not_picked":["Tiny House","Black Star"],"picked":"Cursed Key"}],"items_purged_floors":[4,6,25],"is_endless":false,"potions_floor_spawned":[2,8,10,15,16,21,22,25,26,27,29,30,31,32,33,36,37,40,42,43,44,46,49],"ascension_level":0}}