{"host":"d7qmn60fs48wu5y6","time":1609978266,"event":{"mods":["BaseMod","Downfall","Marisa????????","Minty Spire (QoL Compilation)","Shade Mod","StSLib","The Bug Knight","The Cursed","The Necromancer","The Servant 0.9.4"],"gold_per_floor":[112,20,31,41,41,41,56,70,70,100,100,100,128,177,177,272,272,285,285,68,81,81,81,81,114,114,130,130,142,176,3,3,102,102,115,115,128,128,142,142,158,184,184,184,184,201,27,61,61,61,61],"floor_reached":50,"playtime":2441,"items_purged":["Reap_The_Weak","Bite","Defend_W"],"score":590,"play_id":"577ff8f8-01db-47cb-aebb-60baf63a8728","local_time":"20210106161106","is_ascension_mode":true,"campfire_choices":[{"data":"expansioncontent:Chronoboost","floor":6,"key":"SMITH"},{"data":"Summon_Vampire_Lady","floor":11,"key":"SMITH"},{"data":"Blood_Is_Power","floor":12,"key":"SMITH"},{"data":"Negative_Energy_Arrows","floor":15,"key":"SMITH"},{"data":"Bite","floor":23,"key":"SMITH"},{"data":"Bite","floor":24,"key":"SMITH"},{"data":"Blood_for_Blood","floor":28,"key":"SMITH"},{"floor":32,"key":"REST"},{"floor":40,"key":"RECALL"},{"floor":44,"key":"REST"},{"data":"Blood_Is_Power","floor":49,"key":"SMITH"}],"circlet_count":0,"master_deck":["Defend_W","Defend_W","Negative_Energy_Arrows+1","Bone_Wall","Spectral_Armor","expansioncontent:Chronoboost+1","Life_Tap","Blood_Is_Power+1","Bone_Prison","Summon_Vampire_Lady+1","Negative_Energy_Sphere","Toxic_Smoke_Screen","Bite+1","Bite+1","Bite+1","Bite","Blood_for_Blood+1","Blood_Is_Power+1","Consume_Illness+1","Negative_Energy_Sphere+1","Negative_Energy_Shield+1","Necromantic_Selection+1","Bone_Shift+1","Blood_for_Blood+1"],"relics":["Vampire_Amulet","WingedGreaves","Odd Mushroom","Darkstone Periapt","Omamori","Busted Crown","Unceasing Top","Molten Egg 2","Sundial","Sozu","HollowMod:StagPassRelic","HollowMod:PaleOreRelic"],"acts_visited":["Exordium","TheCity","TheBeyond"],"potions_floor_usage":[10,10,10,16,21,29,30,33,33],"damage_taken":[{"damage":0,"enemies":"Cultist","floor":1,"turns":5},{"damage":0,"enemies":"Jaw Worm","floor":3,"turns":5},{"damage":0,"enemies":"Small Slimes","floor":4,"turns":4},{"damage":7,"enemies":"Blue Slaver","floor":7,"turns":6},{"damage":5,"enemies":"Large Slime","floor":8,"turns":9},{"damage":8,"enemies":"The Mushroom Lair","floor":10,"turns":5},{"damage":37,"enemies":"Lagavulin","floor":13,"turns":8},{"damage":38,"enemies":"The Guardian","floor":16,"turns":13},{"damage":34,"enemies":"Chosen","floor":18,"turns":7},{"damage":32,"enemies":"2 Thieves","floor":21,"turns":5},{"damage":74,"enemies":"Gremlin Leader","floor":25,"turns":12},{"damage":20,"enemies":"Chosen and Byrds","floor":27,"turns":7},{"damage":14,"enemies":"Shelled Parasite and Fungi","floor":29,"turns":5},{"damage":70,"enemies":"Book of Stabbing","floor":30,"turns":8},{"damage":9,"enemies":"Collector","floor":33,"turns":10},{"damage":10,"enemies":"Orb Walker","floor":35,"turns":5},{"damage":9,"enemies":"3 Shapes","floor":37,"turns":7},{"damage":34,"enemies":"Maw","floor":39,"turns":7},{"damage":11,"enemies":"Jaw Worm Horde","floor":41,"turns":4},{"damage":67,"enemies":"Reptomancer","floor":42,"turns":9},{"damage":13,"enemies":"Writhing Mass","floor":46,"turns":7},{"damage":15,"enemies":"HollowMod:StalkingDevout","floor":48,"turns":7},{"damage":81,"enemies":"Donu and Deca","floor":50,"turns":5}],"seed_played":"909139418259836871","potions_obtained":[{"floor":4,"key":"hexamod:EctoCoolerPotion"},{"floor":5,"key":"Guardian:BlockOnCardUsePotion"},{"floor":5,"key":"Fire Potion"},{"floor":10,"key":"sneckomod:MuddlingPotion"},{"floor":13,"key":"Weak Potion"},{"floor":25,"key":"SteroidPotion"},{"floor":27,"key":"AttackPotion"},{"floor":30,"key":"PowerPotion"}],"is_trial":false,"path_per_floor":["M","$","M","M","?","R","M","M","T","?","R","R","E","T","R","B",null,"M","?","$","M","?","R","R","E","T","M","R","M","E","$","R","B",null,"M","?","M","?","M","R","M","E","T","R","?","M","$","E","R","B"],"character_chosen":"NECROMANCER","items_purchased":["expansioncontent:Chronoboost","Blood_for_Blood","Blood_Is_Power","Guardian:BlockOnCardUsePotion","Bone_Shift"],"campfire_rested":2,"item_purchase_floors":[2,20,20,31,47],"current_hp_per_floor":[75,75,75,75,75,75,70,69,69,67,67,67,50,50,50,44,75,54,52,52,37,37,37,37,52,52,43,43,46,7,7,22,52,52,52,52,52,52,52,52,51,28,28,43,43,52,52,52,52,0,0],"gold":61,"neow_bonus":"ONE_RANDOM_RARE_CARD","is_daily":false,"chose_seed":false,"campfire_upgraded":8,"win_rate":0.0,"timestamp":1609978266,"path_taken":["M","$","M","?","?","R","?","M","T","?","R","R","E","?","R","BOSS","M","?","$","M","?","R","R","E","T","M","R","?","E","$","R","BOSS","M","?","?","?","M","R","M","E","T","R","?","M","$","E","R","BOSS"],"items_purchased_type":["Card","Card","Card","Potion","Card"],"build_version":"2020-12-22","purchased_purges":3,"victory":false,"max_hp_per_floor":[75,75,75,75,75,75,75,75,75,75,75,75,75,75,75,75,75,75,52,52,52,52,52,52,52,52,52,52,52,52,52,52,52,52,52,52,52,52,52,52,52,52,52,52,52,52,52,52,52,52,52],"card_choices":[{"not_picked":["Bone_Bullets","Toxic_Smoke_Screen"],"picked":"Spectral_Armor","floor":1},{"not_picked":["Bone_Armor","Negative_Energy_Javelin"],"picked":"Life_Tap","floor":3},{"not_picked":["Consume_Illness","Blood_Whip"],"picked":"Blood_Is_Power","floor":4},{"not_picked":["Chill_Blood","Deaths_Shadow"],"picked":"Bone_Prison","floor":7},{"not_picked":["Flesh_Made_Foul","Negative_Energy_Mist","Finger_Of_Death"],"picked":"SKIP","floor":8},{"not_picked":["Blood_Curse","Bone_Spikes"],"picked":"Summon_Vampire_Lady","floor":10},{"not_picked":["Negative_Energy_Javelin","Requiem"],"picked":"Negative_Energy_Sphere","floor":13},{"not_picked":[],"picked":"Toxic_Smoke_Screen","floor":18},{"not_picked":["Blood_Whip"],"picked":"SKIP","floor":21},{"not_picked":[],"picked":"Consume_Illness+1","floor":25},{"not_picked":["Vampiric_Strike+1"],"picked":"SKIP","floor":27},{"not_picked":[],"picked":"Negative_Energy_Sphere+1","floor":29},{"not_picked":["Skeleton_Dragon"],"picked":"SKIP","floor":30},{"not_picked":["Death_March_Dance+1"],"picked":"SKIP","floor":35},{"not_picked":["Shackles_Of_Pain"],"picked":"SKIP","floor":37},{"not_picked":["Negative_Energy_Mist"],"picked":"SKIP","floor":39},{"not_picked":["Shackles_Of_Pain+1"],"picked":"SKIP","floor":41},{"not_picked":[],"picked":"Negative_Energy_Shield+1","floor":42},{"not_picked":[],"picked":"Necromantic_Selection+1","floor":46},{"not_picked":[],"picked":"Blood_for_Blood+1","floor":48}],"player_experience":921839,"relics_obtained":[{"floor":9,"key":"WingedGreaves"},{"floor":10,"key":"Odd Mushroom"},{"floor":13,"key":"Darkstone Periapt"},{"floor":14,"key":"Omamori"},{"floor":25,"key":"Unceasing Top"},{"floor":26,"key":"Molten Egg 2"},{"floor":30,"key":"Sundial"},{"floor":42,"key":"HollowMod:StagPassRelic"},{"floor":48,"key":"HollowMod:PaleOreRelic"}],"event_choices":[{"damage_healed":0,"gold_gain":0,"player_choice":"Got Potions","damage_taken":0,"max_hp_gain":0,"max_hp_loss":0,"event_name":"Lab","floor":5,"gold_loss":0},{"damage_healed":0,"gold_gain":0,"player_choice":"Fought Mushrooms","damage_taken":0,"max_hp_gain":0,"max_hp_loss":0,"event_name":"Mushrooms","floor":10,"gold_loss":0},{"damage_healed":0,"gold_gain":0,"player_choice":"Became a vampire","damage_taken":0,"max_hp_gain":0,"max_hp_loss":23,"event_name":"Vampires","floor":19,"gold_loss":0,"cards_obtained":["Bite","Bite","Bite","Bite","Bite"]},{"damage_healed":0,"gold_gain":0,"player_choice":"Upgraded","damage_taken":0,"max_hp_gain":0,"max_hp_loss":0,"event_name":"Upgrade Shrine","floor":22,"gold_loss":0,"cards_upgraded":["Bite"]},{"damage_healed":0,"gold_gain":0,"player_choice":"Ignored","damage_taken":0,"max_hp_gain":0,"max_hp_loss":0,"event_name":"NoteForYourself","floor":36,"gold_loss":0},{"cards_removed":["Defend_W"],"damage_healed":0,"gold_gain":0,"player_choice":"Removed Skill","damage_taken":0,"max_hp_gain":0,"max_hp_loss":0,"event_name":"Falling","floor":38,"gold_loss":0},{"damage_healed":0,"gold_gain":0,"player_choice":"Bought 0 Potions","damage_taken":0,"max_hp_gain":0,"max_hp_loss":0,"event_name":"The Woman in Blue","floor":45,"gold_loss":0}],"is_beta":false,"boss_relics":[{"not_picked":["Coffee Dripper","Philosopher\u0027s Stone"],"picked":"Busted Crown"},{"not_picked":["Fusion Hammer","Black Star"],"picked":"Sozu"}],"items_purged_floors":[20,31,47],"is_endless":false,"potions_floor_spawned":[4,8,10,13,25,27,30,41,42,48],"killed_by":"Donu and Deca","ascension_level":1}}