{"host":"n3pcl7mteoua0i12","time":1609986642,"event":{"mods":["BaseMod","Bestiary","Curses Come First","Googly Eyes","Minty Spire (QoL Compilation)","Prisma Mod","Puzzle Mod","Relic Stats","StSLib","The Saiyan"],"gold_per_floor":[118,138,150,166,186,186,242,242,242,257,269,269,55,65,65,160,160,178,189,139,66,84,114,133,167,167,167,167,92,92,152,152,247,247,259,259,271,317,16,69,85,85,108,108,140,159,229,0,0,0],"floor_reached":51,"playtime":3225,"items_purged":["PrismaMod:IllyaCommonAttack"],"score":857,"play_id":"c8ebcfd0-cbe5-4829-af38-f26359c75d6b","local_time":"20210106183042","is_ascension_mode":false,"campfire_choices":[{"data":"PrismaMod:IllyaUncommonDefend","floor":6,"key":"SMITH"},{"data":"PrismaMod:IllyaUncommonDefend","floor":8,"key":"SMITH"},{"data":"PrismaMod:IllyaBride","floor":12,"key":"SMITH"},{"data":"PrismaMod:IllyaCarnivalPrismaAstolfo","floor":15,"key":"SMITH"},{"floor":28,"key":"REST"},{"data":"PrismaMod:IllyaUberChannel","floor":30,"key":"SMITH"},{"floor":32,"key":"REST"},{"floor":42,"key":"DIG"},{"floor":44,"key":"DIG"},{"floor":49,"key":"REST"}],"circlet_count":0,"master_deck":["PrismaMod:IllyaCommonAttack","PrismaMod:IllyaCommonDefend","PrismaMod:IllyaCommonAttack","PrismaMod:IllyaCommonDefend","PrismaMod:IllyaCommonDefend","PrismaMod:IllyaCommonAttack","PrismaMod:IllyaCommonDefend","PrismaMod:IllyaCommonAttack","PrismaMod:IllyaCommonDefend","PrismaMod:IllyaUncommonAttack","PrismaMod:IllyaUncommonDefend+1","PrismaMod:IllyaUncommonDefend+1","PrismaMod:IllyaCommandSeal","PrismaMod:IllyaDualEvoke","PrismaMod:IllyaBride+1","PrismaMod:IllyaUberChannel+1","PrismaMod:IllyaBlindPoisonToss","PrismaMod:IllyaCarnivalPrismaAstolfo+1","PrismaMod:IllyaCarnivalDefend","PrismaMod:IllyaCheapAttack+1","PrismaMod:IllyaMinorRapidFire","PrismaMod:IllyaUncommonAOEAttack","PrismaMod:IllyaBride+1","PrismaMod:IllyaInstallRider","PrismaMod:IllyaMinorReinForce","PrismaMod:IllyaDevil","PrismaMod:IllyaBoysLove","PrismaMod:IllyaCarnivalPrismaAstolfo","PrismaMod:IllyaBerserCAR","PrismaMod:IllyaBoysLove+1","PrismaMod:IllyaTestament+1","PrismaMod:IllyaUberChannel+1","Parasite","PrismaMod:IllyaGun+1","PrismaMod:IllyaMinorReinForce","PrismaMod:IllyaMinorRapidFire+1","PrismaMod:IllyaGrail+1"],"relics":["PrismaMod:PrismaZwei","NeowsBlessing","StoneCalendar","Darkstone Periapt","Runic Dome","White Beast Statue","Mummified Hand","InkBottle","Vajra","Shovel","Ice Cream","MealTicket","Question Card","Happy Flower","Frozen Egg 2","Molten Egg 2","Incense Burner","Red Mask"],"acts_visited":["Exordium","TheCity","TheBeyond"],"potions_floor_usage":[23,23,31,33,40,45,50,50],"damage_taken":[{"damage":0,"enemies":"Jaw Worm","floor":1,"turns":1},{"damage":0,"enemies":"2 Louse","floor":2,"turns":1},{"damage":0,"enemies":"Cultist","floor":3,"turns":1},{"damage":0,"enemies":"Red Slaver","floor":4,"turns":4},{"damage":0,"enemies":"Large Slime","floor":5,"turns":8},{"damage":44,"enemies":"Gremlin Nob","floor":7,"turns":9},{"damage":0,"enemies":"Blue Slaver","floor":10,"turns":7},{"damage":4,"enemies":"Looter","floor":11,"turns":4},{"damage":0,"enemies":"2 Fungi Beasts","floor":14,"turns":4},{"damage":0,"enemies":"Slime Boss","floor":16,"turns":9},{"damage":10,"enemies":"3 Byrds","floor":18,"turns":5},{"damage":4,"enemies":"Chosen","floor":19,"turns":5},{"damage":13,"enemies":"Centurion and Healer","floor":22,"turns":6},{"damage":6,"enemies":"Book of Stabbing","floor":23,"turns":7},{"damage":4,"enemies":"Shelled Parasite and Fungi","floor":24,"turns":4},{"damage":18,"enemies":"Slavers","floor":25,"turns":7},{"damage":42,"enemies":"Gremlin Leader","floor":31,"turns":8},{"damage":5,"enemies":"Collector","floor":33,"turns":8},{"damage":0,"enemies":"Orb Walker","floor":35,"turns":3},{"damage":19,"enemies":"3 Shapes","floor":37,"turns":5},{"damage":0,"enemies":"2 Orb Walkers","floor":38,"turns":4},{"damage":0,"enemies":"Reptomancer","floor":40,"turns":7},{"damage":0,"enemies":"Writhing Mass","floor":41,"turns":4},{"damage":30,"enemies":"Nemesis","floor":45,"turns":7},{"damage":0,"enemies":"3 Darklings","floor":46,"turns":3},{"damage":6,"enemies":"Mind Bloom Boss Battle","floor":47,"turns":6},{"damage":4,"enemies":"Donu and Deca","floor":50,"turns":7}],"seed_played":"6127122245321467693","potions_obtained":[{"floor":1,"key":"Ancient Potion"},{"floor":10,"key":"Weak Potion"},{"floor":11,"key":"Swift Potion"},{"floor":18,"key":"PowerPotion"},{"floor":23,"key":"Swift Potion"},{"floor":24,"key":"SteroidPotion"},{"floor":25,"key":"CultistPotion"},{"floor":31,"key":"ColorlessPotion"},{"floor":33,"key":"DuplicationPotion"},{"floor":35,"key":"DistilledChaos"},{"floor":40,"key":"DuplicationPotion"},{"floor":45,"key":"Fruit Juice"},{"floor":46,"key":"DistilledChaos"}],"is_trial":false,"path_per_floor":["M","M","M","M","M","R","?","R","T","M","M","R","$","M","R","B",null,"M","M","?","$","M","E","M","E","T","?","R","$","R","E","R","B",null,"M","?","M","?","$","E","M","R","T","R","E","M","?","?","R","B",null],"character_chosen":"ILLYA","items_purchased":["PrismaMod:IllyaCarnivalPrismaAstolfo","PrismaMod:IllyaUncommonAOEAttack","PrismaMod:IllyaDevil","Ice Cream"],"campfire_rested":3,"item_purchase_floors":[13,21,29,39],"current_hp_per_floor":[75,75,75,75,75,75,34,34,34,37,36,36,36,39,39,45,75,68,64,64,64,54,51,50,38,38,24,48,48,48,9,33,33,80,80,80,64,64,64,67,76,76,76,76,57,59,59,59,88,84],"gold":0,"neow_bonus":"THREE_ENEMY_KILL","is_daily":false,"chose_seed":false,"campfire_upgraded":5,"win_rate":0.0,"timestamp":1609986642,"path_taken":["M","M","M","M","M","R","?","R","T","M","M","R","$","M","R","BOSS","M","M","?","?","?","E","M","E","T","?","R","$","R","E","R","BOSS","M","?","M","?","$","E","M","R","T","R","E","M","?","?","R","BOSS"],"items_purchased_type":["Card","Card","Card","Relic"],"build_version":"2020-12-22","purchased_purges":1,"victory":true,"max_hp_per_floor":[75,75,75,75,75,75,75,75,75,75,75,75,75,75,75,75,75,75,75,75,75,75,75,75,75,75,80,80,80,80,80,80,80,80,80,80,80,80,80,80,89,89,89,89,97,99,99,99,99,99],"relic_stats":{"Darkstone Periapt":6,"Shovel":2,"Happy Flower":[7],"counters":[27,143],"Mummified Hand":[11],"StoneCalendar":[313],"MealTicket":0,"Question Card":3,"obtain_stats":[{"Darkstone Periapt":9,"Ice Cream":39,"NeowsBlessing":0,"Happy Flower":43,"Vajra":31,"StoneCalendar":7,"Incense Burner":47,"Frozen Egg 2":44,"Question Card":42,"White Beast Statue":23,"PrismaMod:PrismaRuby":0,"Runic Dome":17,"Shovel":38,"Mummified Hand":25,"MealTicket":40,"Molten Egg 2":45,"Red Mask":48,"InkBottle":26,"PrismaMod:PrismaZwei":34},{"Darkstone Periapt":6,"Ice Cream":21,"NeowsBlessing":0,"Happy Flower":23,"Vajra":17,"StoneCalendar":6,"Incense Burner":26,"Frozen Egg 2":23,"Question Card":23,"White Beast Statue":14,"PrismaMod:PrismaRuby":0,"Runic Dome":10,"Shovel":21,"Mummified Hand":16,"MealTicket":22,"Molten Egg 2":24,"Red Mask":26,"InkBottle":16,"PrismaMod:PrismaZwei":18},{"Darkstone Periapt":24,"Ice Cream":109,"NeowsBlessing":0,"Happy Flower":120,"Vajra":90,"StoneCalendar":24,"Incense Burner":136,"Frozen Egg 2":120,"Question Card":120,"White Beast Statue":71,"PrismaMod:PrismaRuby":0,"Runic Dome":48,"Shovel":109,"Mummified Hand":82,"MealTicket":116,"Molten Egg 2":127,"Red Mask":136,"InkBottle":82,"PrismaMod:PrismaZwei":98}],"InkBottle":[33]},"card_choices":[{"not_picked":["PrismaMod:IllyaEvokeAll","PrismaMod:IllyaCheapChannelDefend"],"picked":"PrismaMod:IllyaUncommonDefend","floor":1},{"not_picked":["PrismaMod:IllyaMaid","PrismaMod:IllyaEvokeAll"],"picked":"PrismaMod:IllyaCommandSeal","floor":2},{"not_picked":["PrismaMod:IllyaMaid","PrismaMod:IllyaFeed"],"picked":"PrismaMod:IllyaDualEvoke","floor":3},{"not_picked":["PrismaMod:IllyaMinorRapidFire","PrismaMod:IllyaCheapChannelPoison"],"picked":"PrismaMod:IllyaBride","floor":4},{"not_picked":["PrismaMod:IllyaRubysPotion","PrismaMod:IllyaRussianRoulette","PrismaMod:IllyaUberChannel"],"picked":"SKIP","floor":5},{"not_picked":["PrismaMod:IllyaRubysPotion","PrismaMod:IllyaRussianRoulette"],"picked":"PrismaMod:IllyaUberChannel","floor":5},{"not_picked":["PrismaMod:IllyaMaid","PrismaMod:IllyaRussianRoulette"],"picked":"PrismaMod:IllyaBlindPoisonToss","floor":10},{"not_picked":["PrismaMod:IllyaUncommonDefend","PrismaMod:IllyaRussianRoulette","PrismaMod:IllyaGun"],"picked":"SKIP","floor":11},{"not_picked":["PrismaMod:IllyaUncommonAOEAttack","PrismaMod:IllyaCheapChannelDefend"],"picked":"PrismaMod:IllyaCarnivalDefend","floor":14},{"not_picked":["PrismaMod:IllyaUberPoisonChannel","PrismaMod:IllyaZwei"],"picked":"PrismaMod:IllyaInstallForeigner","floor":16},{"not_picked":["PrismaMod:IllyaBerserCAR","PrismaMod:IllyaAlice+1"],"picked":"PrismaMod:IllyaCheapAttack+1","floor":18},{"not_picked":["PrismaMod:IllyaReinForce","PrismaMod:IllyaPoisonTippedWeapons+1"],"picked":"PrismaMod:IllyaMinorRapidFire","floor":19},{"not_picked":["PrismaMod:IllyaCheapChannelDefend","PrismaMod:IllyaAssassinRevenge"],"picked":"PrismaMod:IllyaBride+1","floor":22},{"not_picked":["PrismaMod:IllyaStunPoison","PrismaMod:IllyaEvokeAll"],"picked":"PrismaMod:IllyaInstallRider","floor":23},{"not_picked":["PrismaMod:IllyaHassanGift+1","PrismaMod:IllyaBride"],"picked":"PrismaMod:IllyaMinorReinForce","floor":24},{"not_picked":["PrismaMod:IllyaCommonEvoke+1","PrismaMod:IllyaGrailKun","PrismaMod:IllyaRapidFire"],"picked":"SKIP","floor":25},{"not_picked":["PrismaMod:IllyaCheapChannelAttack","PrismaMod:IllyaMinorZwei"],"picked":"PrismaMod:IllyaBoysLove","floor":31},{"not_picked":["PrismaMod:IllyaCarnivalDefend","PrismaMod:IllyaUberDefendChannel"],"picked":"PrismaMod:IllyaCarnivalPrismaAstolfo","floor":33},{"not_picked":["PrismaMod:IllyaUberPoisonBlock","PrismaMod:IllyaPartialInstallAssassin"],"picked":"PrismaMod:IllyaBerserCAR","floor":35},{"not_picked":["PrismaMod:IllyaUncommonAOEAttack+1","PrismaMod:IllyaCheapChannelAttack+1"],"picked":"PrismaMod:IllyaBoysLove+1","floor":37},{"not_picked":["PrismaMod:IllyaDetonatingBlow+1","PrismaMod:IllyaCheapChannelAttack+1"],"picked":"PrismaMod:IllyaTestament+1","floor":38},{"not_picked":["PrismaMod:IllyaCheapChannelPoison+1","PrismaMod:IllyaAlice+1"],"picked":"PrismaMod:IllyaUberChannel+1","floor":40},{"not_picked":["PrismaMod:IllyaGrailKun+1","PrismaMod:IllyaPartialInstallAssassin+1"],"picked":"PrismaMod:IllyaGun+1","floor":41},{"not_picked":["PrismaMod:IllyaGrailKun+1","PrismaMod:IllyaCommonEvoke+1","PrismaMod:IllyaZwei"],"picked":"PrismaMod:IllyaMinorReinForce","floor":45},{"not_picked":["PrismaMod:IllyaGrailKun+1","PrismaMod:IllyaReinForce+1","PrismaMod:IllyaStunPoison+1"],"picked":"PrismaMod:IllyaMinorRapidFire+1","floor":46},{"not_picked":["PrismaMod:IllyaRubysPotion","PrismaMod:IllyaBerserCAR+1","PrismaMod:IllyaStunPoison+1"],"picked":"PrismaMod:IllyaGrail+1","floor":47}],"player_experience":427082,"relics_obtained":[{"floor":7,"key":"StoneCalendar"},{"floor":9,"key":"Darkstone Periapt"},{"floor":23,"key":"White Beast Statue"},{"floor":25,"key":"Mummified Hand"},{"floor":26,"key":"InkBottle"},{"floor":31,"key":"Vajra"},{"floor":38,"key":"Shovel"},{"floor":40,"key":"MealTicket"},{"floor":42,"key":"Question Card"},{"floor":43,"key":"Happy Flower"},{"floor":44,"key":"Frozen Egg 2"},{"floor":45,"key":"Molten Egg 2"},{"floor":47,"key":"Incense Burner"}],"event_choices":[{"damage_healed":0,"gold_gain":0,"player_choice":"Searched \u00271\u0027 times","damage_taken":0,"max_hp_gain":0,"max_hp_loss":0,"event_name":"Dead Adventurer","floor":7,"gold_loss":0},{"damage_healed":0,"gold_gain":0,"player_choice":"Bet on Owner","damage_taken":0,"max_hp_gain":0,"max_hp_loss":0,"event_name":"The Joust","floor":20,"gold_loss":50},{"damage_healed":0,"gold_gain":0,"player_choice":"Shed Blood","damage_taken":19,"max_hp_gain":5,"max_hp_loss":0,"event_name":"Forgotten Altar","floor":27,"gold_loss":0},{"cards_removed":["PrismaMod:IllyaInstallForeigner"],"damage_healed":0,"gold_gain":0,"player_choice":"Removed Power","damage_taken":0,"max_hp_gain":0,"max_hp_loss":0,"event_name":"Falling","floor":36,"gold_loss":0},{"damage_healed":0,"gold_gain":0,"player_choice":"Fight","damage_taken":0,"max_hp_gain":0,"max_hp_loss":0,"event_name":"Mysterious Sphere","floor":38,"gold_loss":0},{"damage_healed":0,"gold_gain":0,"player_choice":"Fight","damage_taken":0,"max_hp_gain":0,"max_hp_loss":0,"event_name":"MindBloom","floor":47,"gold_loss":0},{"damage_healed":0,"gold_gain":0,"player_choice":"Paid","damage_taken":0,"relics_obtained":["Red Mask"],"max_hp_gain":0,"max_hp_loss":0,"event_name":"Tomb of Lord Red Mask","floor":48,"gold_loss":229}],"is_beta":false,"boss_relics":[{"not_picked":["Busted Crown","SlaversCollar"],"picked":"Runic Dome"},{"not_picked":["Empty Cage","Fusion Hammer"],"picked":"PrismaMod:PrismaZwei"}],"items_purged_floors":[13],"is_endless":false,"potions_floor_spawned":[1,10,11,14,18,23,24,25,31,33,35,37,38,40,41,45,46,47],"ascension_level":0}}