{"host":"mydft8i2zzydgggw","time":1609988193,"event":{"mods":["AchievementEnabler","BaseMod","BetterRewards","Colored Map","Colored Powertips","DeckTracker","Keyboard Shortcuts","Minty Spire (QoL Compilation)","Quick Restart","Rare Cards Sparkle","StSLib","SuperFastMode","The Poker Player","everything is the same but u backflip on backflip"],"gold_per_floor":[112,126,143,318,318,351,351,385,385,415,415,110,126,126,126,228,228,247,172,183,183,201,201,3,3,3,20,39,39,39],"floor_reached":29,"playtime":1145,"items_purged":["Doubt","Defend_B"],"score":342,"play_id":"4f167b8c-57fb-4570-8763-7f69383c3a4b","local_time":"20210107115633","is_ascension_mode":true,"campfire_choices":[{"data":"Zap","floor":7.0,"key":"SMITH"},{"floor":11.0,"key":"REST"},{"data":"Glacier","floor":15.0,"key":"SMITH"},{"floor":23.0,"key":"REST"}],"circlet_count":0,"master_deck":["Strike_B","Strike_B","Defend_B","Zap+1","Dualcast","Leap","Coolheaded","Scrape","Hologram","Loop","Multi-Cast","Double Energy","Glacier+1","Self Repair","FTL","Turbo","Fission","Glacier","Stack+1","Streamline","Turbo+1"],"relics":["Cracked Core","NeowsBlessing","Blood Vial","InkBottle","Ancient Tea Set","Blue Candle","Orrery","Eternal Feather","Empty Cage","Membership Card","Torii"],"acts_visited":["Exordium","TheCity"],"potions_floor_usage":[],"damage_taken":[{"damage":0.0,"enemies":"2 Louse","floor":1.0,"turns":1.0},{"damage":0.0,"enemies":"Jaw Worm","floor":2.0,"turns":1.0},{"damage":0.0,"enemies":"Cultist","floor":3.0,"turns":1.0},{"damage":19.0,"enemies":"Gremlin Nob","floor":6.0,"turns":4.0},{"damage":26.0,"enemies":"3 Sentries","floor":8.0,"turns":6.0},{"damage":23.0,"enemies":"Lagavulin","floor":10.0,"turns":8.0},{"damage":1.0,"enemies":"Exordium Thugs","floor":13.0,"turns":4.0},{"damage":2.0,"enemies":"The Guardian","floor":16.0,"turns":17.0},{"damage":23.0,"enemies":"3 Byrds","floor":18.0,"turns":6.0},{"damage":24.0,"enemies":"Chosen","floor":20.0,"turns":8.0},{"damage":32.0,"enemies":"3 Cultists","floor":22.0,"turns":8.0},{"damage":30.0,"enemies":"Gremlin Leader","floor":25.0,"turns":8.0},{"damage":22.0,"enemies":"Chosen and Byrds","floor":27.0,"turns":9.0},{"damage":19.0,"enemies":"Snake Plant","floor":28.0,"turns":6.0},{"damage":14,"enemies":"Colosseum Slavers","floor":29,"turns":2}],"seed_played":"8233457244216983873","potions_obtained":[{"floor":1.0,"key":"Strength Potion"},{"floor":3.0,"key":"SteroidPotion"},{"floor":6.0,"key":"DistilledChaos"},{"floor":10.0,"key":"PotionOfCapacity"},{"floor":18.0,"key":"Strength Potion"},{"floor":21.0,"key":"AttackPotion"},{"floor":21.0,"key":"SmokeBomb"},{"floor":22.0,"key":"GamblersBrew"}],"is_trial":false,"path_per_floor":["M","M","M","?","?","E","R","E","T","E","R","$","M","T","R","B",null,"M","?","M","?","M","R","$","E","T","M","M","?"],"character_chosen":"DEFECT","items_purchased":["Orrery","FTL","Membership Card"],"campfire_rested":2,"item_purchase_floors":[12,12,24],"current_hp_per_floor":[68,68,68,68,68,49,49,25,25,4,26,26,34,34,46,53,70,56,56,41,41,18,52,52,31,31,18,8,0,0],"gold":39,"neow_bonus":"THREE_ENEMY_KILL","is_daily":false,"chose_seed":false,"campfire_upgraded":2,"win_rate":0.0,"timestamp":1609988193,"path_taken":["M","M","M","?","?","E","R","E","T","E","R","$","?","?","R","BOSS","M","?","M","?","?","R","$","E","T","M","M","?"],"items_purchased_type":["Relic","Card","Relic"],"build_version":"2020-12-22","purchased_purges":2,"victory":false,"max_hp_per_floor":[75,75,75,75,75,75,75,75,75,75,75,75,75,75,75,75,75,75,75,75,75,75,75,75,75,75,75,75,75,75],"card_choices":[{"not_picked":["Undo","Conserve Battery"],"picked":"Leap","floor":1.0},{"not_picked":["Rebound","Chill"],"picked":"Coolheaded","floor":2.0},{"not_picked":["Ball Lightning","Force Field","Rebound"],"picked":"SKIP","floor":3.0},{"not_picked":["Steam","Fusion"],"picked":"Hologram","floor":6.0},{"not_picked":["Rebound","Undo"],"picked":"Loop","floor":8.0},{"not_picked":["Hologram","Rebound","Gash"],"picked":"SKIP","floor":10.0},{"not_picked":["BootSequence","Stack"],"picked":"Multi-Cast","floor":12.0},{"not_picked":["Coolheaded","Genetic Algorithm"],"picked":"Double Energy","floor":12.0},{"not_picked":["Go for the Eyes","Coolheaded"],"picked":"Glacier","floor":12.0},{"not_picked":["BootSequence","Ball Lightning"],"picked":"Self Repair","floor":12.0},{"not_picked":["Hologram","Barrage"],"picked":"Turbo","floor":13.0},{"not_picked":["All For One","Meteor Strike"],"picked":"Fission","floor":16.0},{"not_picked":["Consume","Conserve Battery"],"picked":"Glacier","floor":18.0},{"not_picked":["Cold Snap","Go for the Eyes"],"picked":"Stack+1","floor":20.0},{"not_picked":["Steam","Conserve Battery+1"],"picked":"Streamline","floor":22.0},{"not_picked":["Steam","Redo","Sweeping Beam"],"picked":"SKIP","floor":27.0},{"not_picked":["Coolheaded","Beam Cell"],"picked":"Turbo+1","floor":28.0}],"player_experience":131812,"relics_obtained":[{"floor":6.0,"key":"Blood Vial"},{"floor":8.0,"key":"InkBottle"},{"floor":9.0,"key":"Ancient Tea Set"},{"floor":10.0,"key":"Blue Candle"},{"floor":14.0,"key":"Eternal Feather"},{"floor":26.0,"key":"Torii"}],"event_choices":[{"damage_healed":0.0,"max_hp_gain":0.0,"max_hp_loss":0.0,"gold_gain":175.0,"event_name":"Liars Game","player_choice":"AGREE","floor":4.0,"gold_loss":0.0,"damage_taken":0.0,"cards_obtained":["Doubt"]},{"damage_healed":0.0,"max_hp_gain":0.0,"max_hp_loss":0.0,"gold_gain":0.0,"cards_transformed":["Strike_B"],"event_name":"Transmorgrifier","player_choice":"Transformed","floor":5.0,"gold_loss":0.0,"damage_taken":0.0,"cards_obtained":["Scrape"]},{"cards_removed":["Defend_B"],"damage_healed":0.0,"max_hp_gain":0.0,"max_hp_loss":0.0,"gold_gain":0.0,"event_name":"Beggar","player_choice":"Gave Gold","floor":19.0,"gold_loss":75.0,"damage_taken":0.0},{"damage_healed":0.0,"max_hp_gain":0.0,"max_hp_loss":0.0,"gold_gain":0.0,"event_name":"Lab","player_choice":"Got Potions","floor":21.0,"gold_loss":0.0,"damage_taken":0.0},{"damage_healed":0,"gold_gain":0,"player_choice":"Fight","damage_taken":0,"max_hp_gain":0,"max_hp_loss":0,"event_name":"Colosseum","floor":29,"gold_loss":0}],"is_beta":false,"boss_relics":[{"not_picked":["Snecko Eye","SacredBark"],"picked":"Empty Cage"}],"items_purged_floors":[12,24],"is_endless":false,"potions_floor_spawned":[1,3,6,10,18,22],"killed_by":"Colosseum Slavers","ascension_level":6}}