{"host":"zjxcc3u4aqpoowwq","time":1609996280,"event":{"mods":["100% Spire Juice","2.2 Compatiblity","AchievementEnabler","BaseMod","Better Third Choice","CapriCore","Colored Map","Keyboard Shortcuts","Minty Spire (QoL Compilation)","StSLib"],"gold_per_floor":[114,114,114,61,16,16,50,50,50,84,100,131,11,11,11,115,115,133,133,133,32,32,32,60,60,60,60,38,38,53,73,73,175,175,190,238,248,248,248],"floor_reached":38,"playtime":1115,"items_purged":[],"score":502,"play_id":"72656a83-13be-42dc-bcce-f88d6fe71158","local_time":"20210107141120","is_ascension_mode":true,"campfire_choices":[{"data":"Moonworks:StiffCrystal","floor":6.0,"key":"SMITH"},{"data":"Moonworks:Ambush","floor":8.0,"key":"SMITH"},{"data":"Moonworks:CloudOfSeagulls","floor":15.0,"key":"SMITH"},{"data":"Moonworks:EvilSpyWorkPreparation","floor":23.0,"key":"SMITH"},{"data":"Moonworks:OutOfAmmo","floor":25.0,"key":"SMITH"},{"data":"Moonworks:TacticalRetreat","floor":27.0,"key":"SMITH"},{"floor":32.0,"key":"REST"}],"circlet_count":0,"master_deck":["Moonworks:Ambush+1","Moonworks:LongDistanceShot+1","Moonworks:StiffCrystal+1","Moonworks:CloudOfSeagulls+1","Moonworks:OutOfAmmo+1","Moonworks:CloudOfSeagulls+1","Moonworks:JonathanRush","Moonworks:AnotherUltimateWeapon+1","Moonworks:HolyNight+1","Moonworks:TacticalRetreat","Moonworks:CompletionReward","Moonworks:Flamethrower+1","Moonworks:LuckyCharm","Moonworks:TacticalRetreat+1","Moonworks:PlushieMaster+1","Moonworks:StiffCrystal","Moonworks:EvilSpyWorkPreparation+1","Moonworks:JonathanRush","Moonworks:JonathanRush","Moonworks:CloudOfSeagulls+1","Moonworks:EvilSpyWorkPreparation+1","Moonworks:Wanted+1","Moonworks:DeployBits+1"],"relics":["Moonworks:BrokenBomb","Moonworks:Homemark","NeowsBlessing","Du-Vu Doll","Incense Burner","Kunai","Frozen Egg 2","Pantograph","Pandora\u0027s Box","Centennial Puzzle","Tiny Chest","Molten Egg 2","Black Star","War Paint"],"acts_visited":["Exordium","TheCity","TheBeyond"],"potions_floor_usage":[38],"damage_taken":[{"damage":0.0,"enemies":"Small Slimes","floor":1.0,"turns":1.0},{"damage":0.0,"enemies":"Lagavulin","floor":7.0,"turns":1.0},{"damage":0.0,"enemies":"3 Sentries","floor":10.0,"turns":1.0},{"damage":11.0,"enemies":"Jaw Worm","floor":11.0,"turns":3.0},{"damage":22.0,"enemies":"Lagavulin","floor":12.0,"turns":6.0},{"damage":22.0,"enemies":"Slime Boss","floor":16.0,"turns":9.0},{"damage":3.0,"enemies":"Spheric Guardian","floor":18.0,"turns":3.0},{"damage":2.0,"enemies":"Chosen","floor":21.0,"turns":3.0},{"damage":14.0,"enemies":"Book of Stabbing","floor":24.0,"turns":4.0},{"damage":4.0,"enemies":"3 Cultists","floor":30.0,"turns":3.0},{"damage":25.0,"enemies":"Snake Plant","floor":31.0,"turns":3.0},{"damage":32.0,"enemies":"Automaton","floor":33.0,"turns":6.0},{"damage":25.0,"enemies":"3 Darklings","floor":35.0,"turns":4.0},{"damage":19.0,"enemies":"3 Shapes","floor":37.0,"turns":3.0},{"damage":28,"enemies":"Writhing Mass","floor":38,"turns":3}],"seed_played":"-347293662350510246","potions_obtained":[{"floor":1.0,"key":"Strength Potion"},{"floor":10.0,"key":"Block Potion"},{"floor":11.0,"key":"PowerPotion"},{"floor":21.0,"key":"Ancient Potion"},{"floor":35.0,"key":"SkillPotion"}],"is_trial":false,"path_per_floor":["M","?","?","$","?","R","E","R","T","E","M","E","?","?","R","B",null,"M","?","?","M","?","R","E","R","T","R","$","?","M","M","R","B",null,"M","T","M","M"],"character_chosen":"THE_STARBREAKER","items_purchased":["Moonworks:CloudOfSeagulls","Moonworks:CloudOfSeagulls+1"],"campfire_rested":1,"item_purchase_floors":[4,28],"current_hp_per_floor":[60,57,45,45,34,34,34,34,34,34,23,1,1,1,1,4,60,57,57,57,55,55,55,41,41,41,41,41,41,37,12,30,23,60,35,35,16,0,0],"gold":248,"neow_bonus":"THREE_ENEMY_KILL","is_daily":false,"chose_seed":false,"campfire_upgraded":6,"win_rate":0.0,"timestamp":1609996280,"path_taken":["M","?","?","$","?","R","E","R","T","E","M","E","?","?","R","BOSS","M","?","?","M","?","R","E","R","T","R","?","?","M","?","R","BOSS","M","?","M","M"],"items_purchased_type":["Card","Card"],"build_version":"2020-12-22","purchased_purges":0,"victory":false,"max_hp_per_floor":[60,60,60,60,60,60,60,60,60,60,60,60,60,60,60,60,60,60,60,60,60,60,60,60,60,60,60,60,60,60,60,60,60,60,60,60,60,60,60],"card_choices":[{"not_picked":["Moonworks:UnpaidWork","Moonworks:BigMagnum"],"picked":"Moonworks:StiffCrystal","floor":1.0},{"not_picked":["Moonworks:RedAndBlue","Moonworks:Heat300Percent"],"picked":"Moonworks:OutOfAmmo","floor":7.0},{"not_picked":["Moonworks:ImOnFire","Moonworks:NicePresent","Moonworks:SakisCookie"],"picked":"SKIP","floor":10.0},{"not_picked":["Moonworks:ImmovableObject","Moonworks:IndiscriminateFireSupport"],"picked":"Moonworks:CloudOfSeagulls","floor":11.0},{"not_picked":["Moonworks:ExtendedPhotonRifle","Moonworks:WindyEnchantment"],"picked":"Moonworks:JonathanRush","floor":12.0},{"not_picked":["Moonworks:EvilMastermind","Moonworks:WeAreWaruda"],"picked":"Moonworks:AnotherUltimateWeapon+1","floor":16.0},{"not_picked":["Moonworks:NicePresent","Moonworks:IndiscriminateFireSupport"],"picked":"Moonworks:EvilSpyWorkPreparation","floor":18.0},{"not_picked":["Moonworks:AngelHand+1","Moonworks:ImOnFire","Moonworks:SakisCookie"],"picked":"SKIP","floor":21.0},{"not_picked":["Moonworks:Bloodlust","Moonworks:BigBangBell"],"picked":"Moonworks:JonathanRush","floor":24.0},{"not_picked":["Moonworks:UnpaidWork","Moonworks:ImOnFire","Moonworks:IntelligenceOfficer+1"],"picked":"SKIP","floor":30.0},{"not_picked":["Moonworks:BackdoorTrade+1","Moonworks:LulusLuckyEgg"],"picked":"Moonworks:EvilSpyWorkPreparation+1","floor":31.0},{"not_picked":["Moonworks:Gamble+1","Moonworks:StarBlastingFuse"],"picked":"Moonworks:Wanted","floor":33.0},{"not_picked":["Moonworks:IntelligenceOfficer+1","Moonworks:LulusLuckyEgg+1","Moonworks:ImOnFire+1"],"picked":"SKIP","floor":35.0},{"not_picked":["Moonworks:LulusLuckyEgg+1","Moonworks:DevilHand+1"],"picked":"Moonworks:DeployBits+1","floor":37.0}],"player_experience":823113,"relics_obtained":[{"floor":7.0,"key":"Incense Burner"},{"floor":9.0,"key":"Kunai"},{"floor":10.0,"key":"Frozen Egg 2"},{"floor":12.0,"key":"Pantograph"},{"floor":24.0,"key":"Tiny Chest"},{"floor":26.0,"key":"Molten Egg 2"},{"floor":36.0,"key":"War Paint"}],"event_choices":[{"damage_healed":0.0,"max_hp_gain":0.0,"max_hp_loss":0.0,"gold_gain":0.0,"event_name":"betterThird:BetterScrap","player_choice":"Relic ","floor":2.0,"gold_loss":0.0,"damage_taken":3.0,"cards_obtained":["Battle Trance"]},{"damage_healed":57.0,"max_hp_gain":0.0,"max_hp_loss":60.0,"gold_gain":0.0,"event_name":"betterThird:BetterShining","player_choice":"Upgrade","floor":3.0,"gold_loss":0.0,"damage_taken":12.0,"cards_upgraded":["Moonworks:Strike","Moonworks:LongDistanceShot"]},{"damage_healed":0.0,"max_hp_gain":0.0,"max_hp_loss":0.0,"gold_gain":75.0,"event_name":"betterThird:BetterGoop","player_choice":"Gold","floor":5.0,"gold_loss":0.0,"damage_taken":11.0},{"damage_healed":0.0,"max_hp_gain":0.0,"max_hp_loss":0.0,"gold_gain":0.0,"event_name":"The Cleric","player_choice":"Leave","floor":13.0,"gold_loss":0.0,"damage_taken":0.0},{"damage_healed":0.0,"max_hp_gain":0.0,"max_hp_loss":0.0,"gold_gain":0.0,"event_name":"Accursed Blacksmith","player_choice":"Forge","floor":14.0,"gold_loss":0.0,"damage_taken":0.0,"cards_upgraded":["Moonworks:CloudOfSeagulls"]},{"damage_healed":0.0,"max_hp_gain":0.0,"max_hp_loss":0.0,"gold_gain":0.0,"event_name":"The Mausoleum","player_choice":"Opened","floor":19.0,"gold_loss":0.0,"damage_taken":0.0,"relics_obtained":["Centennial Puzzle"]},{"damage_healed":0.0,"max_hp_gain":0.0,"max_hp_loss":0.0,"gold_gain":0.0,"event_name":"The Library","player_choice":"Read","floor":20.0,"gold_loss":0.0,"damage_taken":0.0,"cards_obtained":["Moonworks:JonathanRush"]},{"damage_healed":0.0,"max_hp_gain":0.0,"max_hp_loss":0.0,"gold_gain":0.0,"event_name":"Upgrade Shrine","player_choice":"Upgraded","floor":29.0,"gold_loss":0.0,"damage_taken":0.0,"cards_upgraded":["Moonworks:PlushieMaster"]}],"is_beta":false,"boss_relics":[{"not_picked":["Velvet Choker","Philosopher\u0027s Stone"],"picked":"Pandora\u0027s Box"},{"not_picked":["Coffee Dripper","Cursed Key"],"picked":"Black Star"}],"items_purged_floors":[],"is_endless":false,"potions_floor_spawned":[1,10,11,21,35],"killed_by":"Writhing Mass","ascension_level":2}}