{"host":"ig7tc0uedzltt2sr","time":1609981135,"event":{"mods":["BaseMod","Better Twitch Integration","Block Reminder","Colored Map","Colored Powertips","Communication Mod","Current Relic Mod","GifTheSpireLib","HexUI Lib","Minty Spire (QoL Compilation)","Quick Restart","Random Character Button","Rare Cards Sparkle","Relic Sorter","Relic Stats","Slay the Relics Exporter","StSLib","SuperFastMode","Synergy Search","Twitch Decklist","Twitch Utils","everything is the same but u backflip on backflip","slay the spire mod where everything is the same but ironclad has a cowboy hat"],"gold_per_floor":[116,116,116,132,149,149,165,70,70,70,84,84,84],"floor_reached":12,"playtime":83,"items_purged":[],"score":70,"play_id":"e760927d-581e-4aa2-9946-a0b5b9ce2a43","local_time":"20210106165855","is_ascension_mode":false,"campfire_choices":[{"data":"Defend_R","floor":6,"key":"SMITH"},{"data":"Strike_R","floor":10,"key":"SMITH"}],"circlet_count":0,"master_deck":["Strike_R+1","Strike_R","Strike_R","Strike_R","Strike_R","Defend_R+1","Defend_R","Defend_R","Defend_R","Bash","Battle Trance","Metallicize","Clothesline","Bludgeon","Body Slam","Iron Wave"],"relics":["Burning Blood","NeowsBlessing"],"acts_visited":["Exordium"],"potions_floor_usage":[],"damage_taken":[{"damage":0,"enemies":"2 Louse","floor":1,"turns":1},{"damage":0,"enemies":"Cultist","floor":4,"turns":1},{"damage":0,"enemies":"Jaw Worm","floor":5,"turns":1},{"damage":1,"enemies":"3 Louse","floor":7,"turns":4},{"damage":35,"enemies":"Large Slime","floor":11,"turns":11},{"damage":94,"enemies":"3 Sentries","floor":12,"turns":12}],"seed_played":"-2042646796132707596","potions_obtained":[{"floor":2,"key":"Fruit Juice"},{"floor":2,"key":"Fire Potion"},{"floor":2,"key":"Fruit Juice"},{"floor":11,"key":"FairyPotion"}],"is_trial":false,"path_per_floor":["M","?","$","M","M","R","M","$","T","R","M","E"],"character_chosen":"IRONCLAD","items_purchased":["Body Slam","Strength Potion"],"campfire_rested":0,"item_purchase_floors":[8,8],"current_hp_per_floor":[80,80,80,80,80,80,90,90,90,90,61,0,0],"gold":84,"neow_bonus":"THREE_ENEMY_KILL","is_daily":false,"chose_seed":false,"campfire_upgraded":2,"win_rate":0.0,"timestamp":1609981135,"path_taken":["M","?","$","M","M","R","M","?","T","R","?","E"],"items_purchased_type":["Card","Potion"],"build_version":"2020-12-22","purchased_purges":0,"victory":false,"max_hp_per_floor":[80,80,80,80,80,80,90,90,90,90,90,90,90],"relic_stats":{"counters":[6,30],"obtain_stats":[{"NeowsBlessing":0,"Burning Blood":0},{"NeowsBlessing":0,"Burning Blood":0},{"NeowsBlessing":0,"Burning Blood":0}],"Burning Blood":7},"card_choices":[{"not_picked":["Wild Strike","Warcry"],"picked":"Battle Trance","floor":1},{"not_picked":["Twin Strike","Thunderclap"],"picked":"Metallicize","floor":4},{"not_picked":["Pommel Strike","Combust"],"picked":"Clothesline","floor":5},{"not_picked":["Power Through","Perfected Strike"],"picked":"Bludgeon","floor":7},{"not_picked":["Pommel Strike","Entrench"],"picked":"Iron Wave","floor":11}],"player_experience":1434343,"relics_obtained":[],"event_choices":[{"damage_healed":0,"gold_gain":0,"player_choice":"Got Potions","damage_taken":0,"max_hp_gain":0,"max_hp_loss":0,"event_name":"Lab","floor":2,"gold_loss":0}],"is_beta":false,"boss_relics":[],"items_purged_floors":[],"is_endless":false,"potions_floor_spawned":[4,5,11],"killed_by":"3 Sentries","ascension_level":0}}