{"host":"98ajcw3do3zsggh8","time":1609986731,"event":{"mods":["BaseMod","Minty Spire (QoL Compilation)","Replay The Spire","StSLib","The Marked"],"gold_per_floor":[109,109,109,121,121,152,102,134,134,166,193,193,66,106,106,106,106],"floor_reached":16,"playtime":377,"items_purged":["ReplayTheSpireMod:Splinters"],"score":171,"play_id":"cb44d438-055c-4929-bf82-a5830d76faec","local_time":"20210107033211","is_ascension_mode":true,"campfire_choices":[],"circlet_count":0,"master_deck":["Strike_R","Strike_R","Strike_R","Strike_R","Strike_R+1","Defend_R","Defend_R","Defend_R","Defend_R","ReplayTheSpireMod:Strike From Hell+1","ReplayTheSpireMod:Limb From Limb+1","Flex"],"relics":["Burning Blood","NeowsBlessing","Replay:Multitool","Girya","Whetstone","Quantum Egg","Mango","Tiny Chest","Counterbalance","Golden Idol","Blue Doll"],"acts_visited":["Exordium"],"potions_floor_usage":[14,14,14],"damage_taken":[{"damage":0,"enemies":"Small Slimes","floor":1,"turns":1},{"damage":0,"enemies":"2 Louse","floor":4,"turns":1},{"damage":0,"enemies":"Lagavulin","floor":6,"turns":1},{"damage":30,"enemies":"3 Sentries","floor":8,"turns":7},{"damage":54,"enemies":"Gremlin Nob","floor":10,"turns":5},{"damage":15,"enemies":"Lagavulin","floor":14,"turns":5},{"damage":34,"enemies":"Fading Forest","floor":16,"turns":5}],"seed_played":"3099323825348787527","potions_obtained":[{"floor":1,"key":"Swift Potion"},{"floor":10,"key":"AttackPotion"}],"is_trial":false,"path_per_floor":["M","?","?","M","?","E","?","E","T","E","?","?","$","E","R","B"],"character_chosen":"IRONCLAD","items_purchased":["AttackPotion"],"campfire_rested":0,"item_purchase_floors":[13],"current_hp_per_floor":[80,80,80,80,68,74,74,50,64,16,16,16,16,7,33,0,0],"gold":106,"neow_bonus":"THREE_ENEMY_KILL","is_daily":false,"chose_seed":false,"campfire_upgraded":0,"win_rate":0.0,"timestamp":1609986731,"path_taken":["M","?","?","M","?","E","?","E","T","E","?","?","$","E","R","BOSS"],"items_purchased_type":["Potion"],"build_version":"2020-12-22","purchased_purges":1,"victory":false,"max_hp_per_floor":[80,80,80,80,80,80,80,80,94,94,94,87,87,87,87,87,87],"card_choices":[{"not_picked":["Rupture","Replay:Undeath\u0027s Touch","Headbutt"],"picked":"SKIP","floor":1},{"not_picked":["Infernal Blade","Cleave"],"picked":"ReplayTheSpireMod:Limb From Limb","floor":4},{"not_picked":["Armaments","Sever Soul","Warcry"],"picked":"SKIP","floor":6},{"not_picked":["Armaments","Wild Strike","Fiend Fire"],"picked":"SKIP","floor":8},{"not_picked":["Perfected Strike","Battle Trance","Thunderclap"],"picked":"SKIP","floor":10},{"not_picked":["Clothesline","Pommel Strike"],"picked":"Flex","floor":11},{"not_picked":["Twin Strike","Dropkick","Thunderclap"],"picked":"SKIP","floor":14}],"player_experience":323367,"relics_obtained":[{"floor":6,"key":"Whetstone"},{"floor":8,"key":"Quantum Egg"},{"floor":9,"key":"Mango"},{"floor":10,"key":"Tiny Chest"},{"floor":11,"key":"Counterbalance"},{"floor":14,"key":"Blue Doll"}],"event_choices":[{"damage_healed":0,"gold_gain":0,"cards_transformed":["Bash"],"player_choice":"Change","damage_taken":0,"max_hp_gain":0,"max_hp_loss":0,"event_name":"Living Wall","floor":2,"gold_loss":0,"cards_obtained":["ReplayTheSpireMod:Strike From Hell"]},{"damage_healed":0,"gold_gain":0,"player_choice":"Box","damage_taken":0,"relics_obtained":["Replay:Multitool"],"max_hp_gain":0,"max_hp_loss":0,"event_name":"Big Fish","floor":3,"gold_loss":0,"cards_obtained":["Regret"]},{"damage_healed":0,"gold_gain":0,"player_choice":"Success","damage_taken":12,"relics_obtained":["Girya"],"max_hp_gain":0,"max_hp_loss":0,"event_name":"Scrap Ooze","floor":5,"gold_loss":0},{"cards_removed":["Regret"],"damage_healed":0,"gold_gain":0,"player_choice":"Card Removal","damage_taken":0,"max_hp_gain":0,"max_hp_loss":0,"event_name":"The Cleric","floor":7,"gold_loss":50},{"damage_healed":0,"gold_gain":0,"player_choice":"Lose Max HP","damage_taken":0,"relics_obtained":["Golden Idol"],"max_hp_gain":0,"max_hp_loss":7,"event_name":"Golden Idol","floor":12,"gold_loss":0}],"is_beta":false,"boss_relics":[],"items_purged_floors":[13],"is_endless":false,"potions_floor_spawned":[1,10],"killed_by":"Fading Forest","ascension_level":3}}