{"host":"ds28d883r3sz42zs","time":1609983751,"event":{"mods":["2.2 Compatiblity","AchievementEnabler","Act Like it!","BaseMod","Bestiary","Better Match","Better Sensory Stone","Better Third Choice","Better-Laid Plans","BetterRewards","Block Reminder","Challenge The Spire","Colored Map","Colored Powertips","DeckTracker","Defuse TimeMaze Blight","Disable Question Mark Monsters","Displayed Cursed Tome","Emptier Cage","GifTheSpireLib","Gold Saver","Hallownest","Infinite Spire","Minty Spire (QoL Compilation)","Permanent Neow","Practice Mode","Quick Restart","Random Character Button","Rare Cards Sparkle","Relic Filter","Relic Sorter","Relic Stats","SacredBarkPlus","Shop Mod","StSLib","SuperFastMode","The Bug Knight","Uncapped","Unknown Chances"],"gold_per_floor":[514,525,525,25,35,48,83,93,119,149,49,76,76,111,111,111,111],"floor_reached":16,"playtime":416,"items_purged":["Pain","Defend_B"],"score":228,"play_id":"f09d059a-cfdb-48a4-b5ae-4398ee5067de","local_time":"20210106204231","is_ascension_mode":true,"campfire_choices":[{"data":"Loop","floor":15,"key":"SMITH"}],"circlet_count":0,"master_deck":["AscendersBane","Strike_B","Strike_B","Strike_B","Strike_B","Defend_B","Defend_B","Defend_B","Zap","Dualcast","Core Surge","Doom and Gloom","Conserve Battery","Auto Shields","Electrodynamics","Capacitor","Loop+1"],"relics":["Velvet Choker","WarpedTongs","HollowMod:PaleOreRelic","Bronze Scales","Strawberry","Centennial Puzzle","Juzu Bracelet","infinitespire:Satchel","Toy Ornithopter","PreservedInsect","Shuriken"],"acts_visited":["Exordium"],"potions_floor_usage":[14,14],"damage_taken":[{"damage":2,"enemies":"Jaw Worm","floor":1,"turns":4},{"damage":0,"enemies":"Cultist","floor":2,"turns":3},{"damage":0,"enemies":"2 Louse","floor":5,"turns":2},{"damage":0,"enemies":"Large Slime","floor":6,"turns":4},{"damage":13,"enemies":"Gremlin Nob","floor":7,"turns":5},{"damage":0,"enemies":"Looter","floor":8,"turns":2},{"damage":4,"enemies":"Lagavulin","floor":10,"turns":6},{"damage":19,"enemies":"Gremlin Nob","floor":12,"turns":5},{"damage":3,"enemies":"3 Sentries","floor":14,"turns":2},{"damage":17,"enemies":"The Guardian","floor":16,"turns":2}],"seed_played":"-465560312199497713","potions_obtained":[{"floor":2,"key":"Energy Potion"},{"floor":5,"key":"DuplicationPotion"},{"floor":6,"key":"GamblersBrew"}],"is_trial":false,"path_per_floor":["M","M","?","$","M","M","E","M","T","E","$","E","?","E","R","B"],"character_chosen":"DEFECT","items_purchased":["HollowMod:PaleOreRelic","Doom and Gloom","Bronze Scales","Fire Potion"],"campfire_rested":0,"item_purchase_floors":[4,4,4,4],"current_hp_per_floor":[62,62,62,62,62,62,56,56,56,52,52,33,9,16,16,0,0],"gold":111,"neow_bonus":"BOSS_RELIC","is_daily":false,"chose_seed":false,"campfire_upgraded":1,"win_rate":0.0,"timestamp":1609983751,"path_taken":["M","M","?","?","?","M","E","M","T","E","$","E","?","E","R","BOSS"],"items_purchased_type":["Relic","Card","Relic","Potion"],"build_version":"2020-12-22","purchased_purges":2,"victory":false,"max_hp_per_floor":[71,71,71,71,71,71,78,78,78,78,78,78,78,78,78,78,78],"relic_stats":{"Centennial Puzzle":[9],"counters":[10,35],"Shuriken":[0],"Bronze Scales":[30],"PreservedInsect":32,"Juzu Bracelet":0,"obtain_stats":[{"Centennial Puzzle":9,"Shuriken":14,"Bronze Scales":4,"Strawberry":7,"Velvet Choker":0,"infinitespire:Satchel":12,"PreservedInsect":13,"Juzu Bracelet":10,"HollowMod:PaleOreRelic":4,"Cracked Core":0,"Toy Ornithopter":13,"WarpedTongs":3},{"Centennial Puzzle":6,"Shuriken":9,"Bronze Scales":2,"Strawberry":5,"Velvet Choker":0,"infinitespire:Satchel":8,"PreservedInsect":8,"Juzu Bracelet":7,"HollowMod:PaleOreRelic":2,"Cracked Core":0,"Toy Ornithopter":8,"WarpedTongs":2},{"Centennial Puzzle":20,"Shuriken":33,"Bronze Scales":7,"Strawberry":18,"Velvet Choker":0,"infinitespire:Satchel":31,"PreservedInsect":31,"Juzu Bracelet":26,"HollowMod:PaleOreRelic":7,"Cracked Core":0,"Toy Ornithopter":31,"WarpedTongs":7}],"Toy Ornithopter":10,"WarpedTongs":[28]},"card_choices":[{"not_picked":["Double Energy","Turbo","Stack"],"picked":"SKIP","floor":1},{"not_picked":["Rebound","Chaos"],"picked":"Core Surge","floor":2},{"not_picked":["Steam","Blizzard"],"picked":"Conserve Battery","floor":5},{"not_picked":["Heatsinks","Gash"],"picked":"Auto Shields","floor":6},{"not_picked":["Redo","Rip and Tear"],"picked":"Electrodynamics","floor":7},{"not_picked":["Storm","Sweeping Beam"],"picked":"Capacitor","floor":8},{"not_picked":["Cold Snap","Redo","Auto Shields"],"picked":"SKIP","floor":10},{"not_picked":["Static Discharge","Capacitor"],"picked":"Loop","floor":12},{"not_picked":["Barrage","Hologram","Streamline"],"picked":"SKIP","floor":14}],"player_experience":760918,"relics_obtained":[{"floor":7,"key":"Strawberry"},{"floor":9,"key":"Centennial Puzzle"},{"floor":10,"key":"Juzu Bracelet"},{"floor":12,"key":"infinitespire:Satchel"},{"floor":14,"key":"Shuriken"}],"event_choices":[{"damage_healed":0,"gold_gain":0,"player_choice":"Rummage","damage_taken":0,"relics_obtained":["WarpedTongs"],"max_hp_gain":0,"max_hp_loss":0,"event_name":"Accursed Blacksmith","floor":3,"gold_loss":0,"cards_obtained":["Pain"]},{"damage_healed":0,"gold_gain":1,"player_choice":"Relic Relic ","damage_taken":24,"max_hp_gain":0,"max_hp_loss":0,"event_name":"betterThird:BetterScrap","floor":13,"gold_loss":0,"cards_obtained":["Judgement"]}],"is_beta":false,"boss_relics":[],"items_purged_floors":[4,11],"is_endless":false,"potions_floor_spawned":[2,5,6,7],"killed_by":"The Guardian","ascension_level":15}}