{"host":"xs2umar4czbsv0xl","time":1609997160,"event":{"mods":["AchievementEnabler","Act Like it!","BaseMod","Gensokyo","Marisa????????","Minty Spire (QoL Compilation)","Reimu??????","Remilia??????","Replay The Spire","StSLib","The Hierophant","The Wild Card"],"gold_per_floor":[362,362,45,0,16,16,41,41,41,41,74,154,202,218,218,314,314,331,348,101,101,180,180,210,210,237,41,41,54,72,89,101,113,113],"floor_reached":33,"playtime":2843,"items_purged":[],"score":308,"play_id":"de666a99-f8d4-4920-937e-f14763d536ab","local_time":"20210106232559","is_ascension_mode":true,"campfire_choices":[{"data":"Dualcast","floor":6,"key":"SMITH"},{"floor":8,"key":"REST"},{"data":"Injury","floor":15,"key":"PURGE"},{"data":"Replay:Hysterical Blindness","floor":23,"key":"PURGE"},{"floor":25,"key":"RECALL"},{"floor":28,"key":"DIG"},{"floor":32,"key":"REST"}],"circlet_count":0,"master_deck":["Strike_B","Strike_B","Strike_B","Strike_B","Defend_B","Defend_B","Defend_B","Defend_B","Zap","Dualcast+1","Leap","Gensokyo:CrescentMoonSlash","Gensokyo:RPG","Gensokyo:GapWoman","ReplayTheSpireMod:GoodbyeWorld","Sunder","Conserve Battery","Chill","Biased Cognition+1","Electrodynamics+1","Hallucinations","Clumsy","FTL","Redo","Defragment","Leap+1","Genetic Algorithm","BasicCrystalCard+1","Genetic Algorithm","Mirror Shield+1","ReplayTheSpireMod:System Scan+1","Mirror Shield+1","Tempest+1","ReplayRNGCard+1","White Noise","Ball Lightning+1","Sweeping Beam","Panic Button+1","Leap+1","Gash+1"],"relics":["Cracked Core","Prayer Wheel","White Beast Statue","Ornamental Fan","Blue Doll","Potion Belt","Peace Pipe","Replay:Ancient Bell","Replay:Rubber Ducky","Golden Egg","Shovel","Orrery","Meat on the Bone","HornCleat","Omamori","Guide Book","Replay:Wax Seal","MawBank"],"acts_visited":["Exordium","Gensokyo:Gensokyo"],"potions_floor_usage":[16,16,19,24,33],"damage_taken":[{"damage":9,"enemies":"Gensokyo:3_Fairies","floor":1,"turns":4},{"damage":3,"enemies":"Gensokyo:Gryphon","floor":5,"turns":4},{"damage":27,"enemies":"Gensokyo:Aya","floor":7,"turns":7},{"damage":4,"enemies":"Gensokyo:Cirno","floor":11,"turns":5},{"damage":2,"enemies":"Gensokyo:Python","floor":14,"turns":3},{"damage":31,"enemies":"Gensokyo:Reimu","floor":16,"turns":14},{"damage":2,"enemies":"Gensokyo:Chomper","floor":18,"turns":5},{"damage":6,"enemies":"Gensokyo:CosmicMonolith","floor":19,"turns":6},{"damage":25,"enemies":"Gensokyo:Reisen","floor":24,"turns":10},{"damage":17,"enemies":"Gensokyo:Wraith","floor":29,"turns":4},{"damage":30,"enemies":"Gensokyo:Chomper_and_Gloop","floor":30,"turns":7},{"damage":14,"enemies":"Gensokyo:Monolith_and_Dog","floor":31,"turns":4},{"damage":44,"enemies":"Gensokyo:Eternal_Rivals","floor":33,"turns":12}],"seed_played":"3271725154272863221","potions_obtained":[{"floor":11,"key":"GamblersBrew"},{"floor":14,"key":"SkillPotion"},{"floor":16,"key":"Block Potion"},{"floor":18,"key":"LifebloodPotion"},{"floor":19,"key":"SpeedPotion"},{"floor":24,"key":"SteroidPotion"},{"floor":29,"key":"Ancient Potion"},{"floor":30,"key":"BlessingOfTheForge"},{"floor":31,"key":"Cursed Concoction"}],"is_trial":false,"path_per_floor":["M","?","COS","?","M","R","E","R","T","?","E","?","T","M","R","B",null,"M","M","COS","?","T","R","E","R","T","$","R","M","M","M","R","B"],"character_chosen":"DEFECT","items_purchased":["Tempest+1","Guide Book"],"campfire_rested":2,"item_purchase_floors":[27,27],"current_hp_per_floor":[45,34,34,56,53,53,26,48,48,48,44,44,44,42,42,11,75,73,67,67,67,67,67,42,42,42,42,42,37,19,17,37,0,0],"gold":113,"neow_bonus":"TWO_FIFTY_GOLD","is_daily":false,"chose_seed":false,"campfire_upgraded":1,"win_rate":0.0,"timestamp":1609997159,"path_taken":["M","?","COS","?","M","R","E","R","T","?","E","?","?","?","R","BOSS","M","M","COS","?","?","R","E","R","T","$","R","M","?","M","R","BOSS"],"items_purchased_type":["Card","Relic"],"build_version":"2020-12-22","purchased_purges":0,"victory":false,"max_hp_per_floor":[75,75,75,75,75,75,75,75,75,75,75,75,75,75,75,75,75,75,75,75,69,69,69,69,69,69,69,69,69,69,69,69,69,69],"card_choices":[{"not_picked":["Compile Driver","Sweeping Beam"],"picked":"Leap","floor":1},{"not_picked":["Hello World","Loop"],"picked":"ReplayTheSpireMod:GoodbyeWorld","floor":5},{"not_picked":["Go for the Eyes","Double Energy"],"picked":"Sunder","floor":7},{"not_picked":["Compile Driver","Steam"],"picked":"Conserve Battery","floor":11},{"not_picked":["Barrage","Compile Driver"],"picked":"Chill","floor":14},{"not_picked":["Compile Driver","Sweeping Beam"],"picked":"Biased Cognition","floor":14},{"not_picked":["Amplify","Echo Form"],"picked":"Electrodynamics","floor":16},{"not_picked":["Gluttony_TH","Decay"],"picked":"Replay:Hysterical Blindness","floor":17},{"not_picked":["Overencumbered","Lust_TH"],"picked":"Hallucinations","floor":17},{"not_picked":["Replay:Sluggish","Gluttony_TH"],"picked":"Clumsy","floor":17},{"not_picked":["Leap","ReplayTheSpireMod:GoodbyeWorld"],"picked":"FTL","floor":18},{"not_picked":["Turbo","Streamline"],"picked":"Redo","floor":18},{"not_picked":["Coolheaded","Panic Button"],"picked":"Defragment","floor":19},{"not_picked":["Barrage","Hologram"],"picked":"Leap+1","floor":19},{"not_picked":["Cold Snap","Barrage"],"picked":"Genetic Algorithm","floor":20},{"not_picked":["Turbo+1","Undo"],"picked":"BasicCrystalCard+1","floor":20},{"not_picked":["Barrage","Compile Driver"],"picked":"Genetic Algorithm","floor":20},{"not_picked":["Defragment","Turbo+1"],"picked":"Mirror Shield","floor":20},{"not_picked":["Rebound","Redo"],"picked":"ReplayTheSpireMod:System Scan+1","floor":20},{"not_picked":["Beam Cell","Compile Driver"],"picked":"Mirror Shield","floor":24},{"not_picked":["Hyperbeam","Creative AI"],"picked":"ReplayRNGCard","floor":29},{"not_picked":["Leap+1","Hologram"],"picked":"White Noise","floor":29},{"not_picked":["Conserve Battery","Streamline"],"picked":"Ball Lightning+1","floor":29},{"not_picked":["Streamline","Leap"],"picked":"Sweeping Beam","floor":30},{"not_picked":["ReplayTheSpireMod:Calculation Training","Fusion"],"picked":"Panic Button+1","floor":30},{"not_picked":["Stack+1","Turbo"],"picked":"Leap+1","floor":31},{"not_picked":["Recycle","Sweeping Beam"],"picked":"Gash+1","floor":31}],"player_experience":143078,"relics_obtained":[{"floor":7,"key":"Prayer Wheel"},{"floor":9,"key":"White Beast Statue"},{"floor":11,"key":"Blue Doll"},{"floor":13,"key":"Potion Belt"},{"floor":22,"key":"HornCleat"},{"floor":24,"key":"Omamori"},{"floor":28,"key":"Replay:Wax Seal"}],"event_choices":[],"is_beta":false,"boss_relics":[{"not_picked":["Tiny House","ReplayTheSpireMod:DimensionalGlitch"],"picked":"Replay:Ancient Bell"},{"not_picked":["MealTicket","Strawberry"],"picked":"Replay:Rubber Ducky"},{"not_picked":["Kunai","Eternal Feather"],"picked":"Golden Egg"},{"not_picked":["Replay:Arrowhead","CaptainsWheel"],"picked":"Shovel"}],"items_purged_floors":[],"is_endless":false,"potions_floor_spawned":[11,14,16,18,19,24,29,30,31],"killed_by":"Gensokyo:Eternal_Rivals","ascension_level":1}}