{"host":"3y33rrrkia6pkpow","time":1609984932,"event":{"mods":["2.2 Compatiblity","AchievementEnabler","Act Like it!","BaseMod","BetterRewards","Colored Map","Gensokyo","Minty Spire (QoL Compilation)","Quick Restart","Replay The Spire","Shop Mod","Spicy Shops","StSLib","Synergy Search","The Animator"],"gold_per_floor":[117,137,155,155,155,155,183,183,183,183,199,52,64,64,64,64,64],"floor_reached":16,"playtime":1727,"items_purged":[],"score":150,"play_id":"b52dff2c-28ba-47ed-b938-eb741b14576e","local_time":"20210106200212","is_ascension_mode":true,"campfire_choices":[{"data":"animator:Demiurge","floor":6,"key":"SMITH"},{"floor":8,"key":"REST"},{"floor":10,"key":"REST"},{"floor":15,"key":"REST"}],"circlet_count":0,"master_deck":["AscendersBane","animator:Strike_Overlord","animator:Defend_Overlord","animator:Strike","animator:Strike","animator:Strike","animator:Defend","animator:Defend","animator:Defend","animator:Cocytus","animator:Demiurge+1","animator:Kuroyukihime","animator:Konayuki","animator:Sonic","animator:Shion+1","animator:Millim","animator:Cocytus","animator:Elesis","animator:Boros"],"relics":["animator:LivingPicture","animator:TheMissingPiece","animator:PurgingStone","Question Card","Tiny Chest"],"acts_visited":["Exordium"],"potions_floor_usage":[7],"damage_taken":[{"damage":8,"enemies":"Jaw Worm","floor":1,"turns":4},{"damage":6,"enemies":"Small Slimes","floor":2,"turns":5},{"damage":6,"enemies":"Cultist","floor":3,"turns":5},{"damage":30,"enemies":"Lagavulin","floor":7,"turns":6},{"damage":20,"enemies":"2 Fungi Beasts","floor":11,"turns":4},{"damage":15,"enemies":"3 Louse","floor":13,"turns":3},{"damage":69,"enemies":"Fading Forest","floor":16,"turns":9}],"seed_played":"2296981650714234324","potions_obtained":[{"floor":2,"key":"Adrenaline Potion"}],"is_trial":false,"path_per_floor":["M","M","M","?","?","R","E","R","T","R","M","$","M","?","R","B"],"character_chosen":"THE_ANIMATOR","items_purchased":["animator:Elesis"],"campfire_rested":3,"item_purchase_floors":[12],"current_hp_per_floor":[51,45,39,61,61,61,31,50,50,66,46,46,31,31,50,0,0],"gold":64,"neow_bonus":"RANDOM_COLORLESS","is_daily":false,"chose_seed":true,"campfire_upgraded":1,"win_rate":0.0,"timestamp":1609984932,"path_taken":["M","M","M","?","?","R","E","R","T","R","M","$","?","?","R","BOSS"],"items_purchased_type":["Card"],"build_version":"2020-12-22","purchased_purges":0,"victory":false,"max_hp_per_floor":[66,66,66,66,66,66,66,66,66,66,66,66,66,66,66,66,66],"card_choices":[{"not_picked":["animator:NononJakuzure","animator:Canti"],"picked":"animator:Kuroyukihime","floor":0},{"not_picked":["animator:Rena","animator:Shion"],"picked":"animator:Konayuki","floor":1},{"not_picked":["animator:Caster","animator:HidekiHinata"],"picked":"animator:Sonic","floor":2},{"not_picked":["animator:GuildGirl","animator:Shuna"],"picked":"animator:Shion","floor":3},{"not_picked":["animator:Benimaru","animator:Shion"],"picked":"animator:Millim","floor":7},{"not_picked":["animator:Shion","animator:Yui","animator:Benimaru"],"picked":"animator:Cocytus","floor":11},{"not_picked":["animator:Shion","animator:Priestess","animator:Yusa"],"picked":"animator:Boros","floor":13}],"player_experience":841655,"relics_obtained":[{"floor":7,"key":"Question Card"},{"floor":9,"key":"Tiny Chest"}],"event_choices":[{"damage_healed":22,"gold_gain":0,"player_choice":"Banana","damage_taken":0,"max_hp_gain":0,"max_hp_loss":0,"event_name":"Big Fish","floor":4,"gold_loss":0},{"damage_healed":0,"gold_gain":0,"player_choice":"Upgraded","damage_taken":0,"max_hp_gain":0,"max_hp_loss":0,"event_name":"Upgrade Shrine","floor":5,"gold_loss":0,"cards_upgraded":["animator:Shion"]},{"damage_healed":0,"gold_gain":0,"player_choice":"Ignored","damage_taken":0,"max_hp_gain":0,"max_hp_loss":0,"event_name":"Shining Light","floor":14,"gold_loss":0}],"is_beta":false,"boss_relics":[],"items_purged_floors":[],"is_endless":false,"potions_floor_spawned":[2],"killed_by":"Fading Forest","ascension_level":10}}