{"host":"doxo6v3vhswwfk80","time":1609994655,"event":{"mods":["2.2 Compatiblity","AchievementEnabler","Act Like it!","BaseMod","Better Altar","Better Match","Better Note","Better Sensory Stone","Better Skull","Better Third Choice","Curses Come First","Hermit","Minty Spire (QoL Compilation)","Quick Restart","Relic Stats","Shade Mod","StSLib","The Hierophant","The Runesmith","The Servant 0.9.4"],"gold_per_floor":[207,217,209,211,217,157,157],"floor_reached":6,"playtime":1011,"items_purged":[],"score":40,"play_id":"4e6d7fa0-cfef-4269-9fbf-906bc41fb7e4","local_time":"20210106224415","is_ascension_mode":false,"campfire_choices":[],"circlet_count":0,"master_deck":["hierophant:Strike_Hierophant","hierophant:Strike_Hierophant","hierophant:Strike_Hierophant","hierophant:Strike_Hierophant","hierophant:Punish","hierophant:Defend_Hierophant","hierophant:Defend_Hierophant","hierophant:Defend_Hierophant","hierophant:Defend_Hierophant","hierophant:ChurchCoffers","hierophant:Prophecy","hierophant:OrnateJavelin","hierophant:Purify","hierophant:OrnateBuckler"],"relics":["hierophant:PropheticMaskRelic"],"acts_visited":["Exordium"],"potions_floor_usage":[5,6,6],"damage_taken":[{"damage":4,"enemies":"Jaw Worm","floor":1,"turns":4},{"damage":4,"enemies":"Cultist","floor":2,"turns":4},{"damage":0,"enemies":"2 Louse","floor":3,"turns":2},{"damage":5,"enemies":"Large Slime","floor":4,"turns":5},{"damage":7,"enemies":"3 Louse","floor":5,"turns":3},{"damage":67,"enemies":"Lagavulin","floor":6,"turns":12}],"seed_played":"-5972653691932886377","potions_obtained":[{"floor":1,"key":"Regen Potion"},{"floor":4,"key":"Block Potion"},{"floor":5,"key":"BlessingOfTheForge"}],"is_trial":false,"path_per_floor":["M","M","M","M","M","E"],"character_chosen":"HIEROPHANT","items_purchased":[],"campfire_rested":0,"item_purchase_floors":[],"current_hp_per_floor":[71,67,67,62,60,0,0],"gold":157,"neow_bonus":"HUNDRED_GOLD","is_daily":false,"chose_seed":false,"campfire_upgraded":0,"win_rate":0.0,"timestamp":1609994655,"path_taken":["M","M","M","M","M","E"],"items_purchased_type":[],"build_version":"2020-12-22","purchased_purges":0,"victory":false,"max_hp_per_floor":[75,75,75,75,75,75,75],"relic_stats":{"counters":[6,30],"obtain_stats":[{"hierophant:PropheticMaskRelic":0},{"hierophant:PropheticMaskRelic":0},{"hierophant:PropheticMaskRelic":0}]},"card_choices":[{"not_picked":["hierophant:HolyVerse","hierophant:RepressedViolence"],"picked":"hierophant:Prophecy","floor":1},{"not_picked":["hierophant:Rebuild","hierophant:HammerAndAnvil"],"picked":"hierophant:OrnateJavelin","floor":2},{"not_picked":["hierophant:Smite","hierophant:Flagellation"],"picked":"hierophant:Purify","floor":3},{"not_picked":["hierophant:HolyVerse","hierophant:Kindle"],"picked":"hierophant:OrnateBuckler","floor":4},{"not_picked":["hierophant:Upheaval","hierophant:Endure","hierophant:TollTheBells"],"picked":"SKIP","floor":5}],"player_experience":121210,"relics_obtained":[],"event_choices":[],"is_beta":false,"boss_relics":[],"items_purged_floors":[],"is_endless":false,"potions_floor_spawned":[1,4,5],"killed_by":"Lagavulin","ascension_level":0}}