{"host":"9l1knhxfturzliqa","time":1609983532,"event":{"mods":["BaseMod","Colored Map","Colored Powertips","DeckTracker","Highlight Path","Keyboard Shortcuts","Minty Spire (QoL Compilation)","Random Character Button"],"gold_per_floor":[114,114,74,92,108,134,134,149,174,194,194,369,369,388,388,483,483,497,497,56,74,87,87,106,31,56,76,76,106,205,236,236,338,338,355,108,123,123,133,133,161,161,186,219,219,238,238,0,0,0],"floor_reached":51,"playtime":3866,"items_purged":["Defend_G","Doubt","Caltrops"],"score":1105,"play_id":"70e4a385-a194-4dc1-82b7-6da18747ab61","local_time":"20210107103852","is_ascension_mode":true,"campfire_choices":[{"data":"Malaise","floor":7.0,"key":"SMITH"},{"floor":11.0,"key":"REST"},{"data":"Outmaneuver","floor":13.0,"key":"SMITH"},{"data":"Bouncing Flask","floor":15.0,"key":"SMITH"},{"data":"Adrenaline","floor":23.0,"key":"SMITH"},{"data":"Panache","floor":28.0,"key":"SMITH"},{"data":"PiercingWail","floor":32.0,"key":"SMITH"},{"data":"Adrenaline","floor":40,"key":"SMITH"},{"data":"A Thousand Cuts","floor":42,"key":"SMITH"},{"data":"Venomology","floor":45,"key":"SMITH"},{"data":"Reflex","floor":49,"key":"SMITH"}],"circlet_count":0,"master_deck":["Survivor","Neutralize","Poisoned Stab+1","Backflip+1","Malaise+1","Outmaneuver+1","Bouncing Flask+1","Adrenaline+1","Dodge and Roll+1","Panache+1","Acrobatics+1","PiercingWail+1","Dagger Spray+1","Heel Hook","Crippling Poison","Venomology+1","Flying Knee","Quick Slash","Underhanded Strike","Flechettes","Adrenaline+1","A Thousand Cuts+1","Cloak And Dagger+1","Setup+1","Blur+1","Tactician","Reflex+1"],"relics":["Ring of the Snake","NeowsBlessing","Whetstone","Bag of Marbles","Coffee Dripper","Sundial","Toy Ornithopter","Regal Pillow","Dead Branch","Pandora\u0027s Box","War Paint","PreservedInsect","Lantern","Potion Belt"],"acts_visited":["Exordium","TheCity","TheBeyond"],"potions_floor_usage":[39,41,41,44,44,46,50,50,50,50,50],"damage_taken":[{"damage":0.0,"enemies":"Jaw Worm","floor":1.0,"turns":1.0},{"damage":0.0,"enemies":"Cultist","floor":4.0,"turns":1.0},{"damage":0.0,"enemies":"2 Louse","floor":5.0,"turns":1.0},{"damage":48.0,"enemies":"Gremlin Nob","floor":6.0,"turns":6.0},{"damage":0.0,"enemies":"2 Fungi Beasts","floor":8.0,"turns":4.0},{"damage":3.0,"enemies":"Looter","floor":10.0,"turns":5.0},{"damage":7.0,"enemies":"Large Slime","floor":14.0,"turns":9.0},{"damage":1.0,"enemies":"Hexaghost","floor":16.0,"turns":9.0},{"damage":16.0,"enemies":"3 Byrds","floor":18.0,"turns":6.0},{"damage":9.0,"enemies":"2 Thieves","floor":21.0,"turns":3.0},{"damage":0.0,"enemies":"Centurion and Healer","floor":22.0,"turns":7.0},{"damage":6.0,"enemies":"Snake Plant","floor":24.0,"turns":4.0},{"damage":6.0,"enemies":"Chosen and Byrds","floor":27.0,"turns":6.0},{"damage":1.0,"enemies":"Gremlin Leader","floor":29.0,"turns":6.0},{"damage":0.0,"enemies":"Book of Stabbing","floor":31.0,"turns":6.0},{"damage":51.0,"enemies":"Collector","floor":33.0,"turns":12.0},{"damage":0.0,"enemies":"3 Shapes","floor":35.0,"turns":5.0},{"damage":0.0,"enemies":"3 Darklings","floor":37.0,"turns":3.0},{"damage":0,"enemies":"Sphere and 2 Shapes","floor":39,"turns":3},{"damage":4,"enemies":"Giant Head","floor":41,"turns":7},{"damage":0,"enemies":"Nemesis","floor":44,"turns":6},{"damage":8,"enemies":"Maw","floor":46,"turns":5},{"damage":26,"enemies":"Donu and Deca","floor":50,"turns":5}],"seed_played":"-8317607628893688327","potions_obtained":[{"floor":3.0,"key":"FairyPotion"},{"floor":3.0,"key":"Explosive Potion"},{"floor":3.0,"key":"EssenceOfSteel"},{"floor":6.0,"key":"Poison Potion"},{"floor":14.0,"key":"SteroidPotion"},{"floor":16.0,"key":"DuplicationPotion"},{"floor":18.0,"key":"LiquidBronze"},{"floor":21.0,"key":"Weak Potion"},{"floor":24.0,"key":"PowerPotion"},{"floor":27.0,"key":"Energy Potion"},{"floor":35.0,"key":"AttackPotion"},{"floor":41,"key":"SpeedPotion"},{"floor":44,"key":"ColorlessPotion"},{"floor":46,"key":"Dexterity Potion"}],"is_trial":false,"path_per_floor":["M","?","?","M","M","E","R","M","T","M","R","?","R","M","R","B",null,"M","?","$","M","M","R","M","$","T","M","R","E","?","E","R","B",null,"M","$","M","?","M","R","E","R","T","E","R","M","?","$","R","B",null],"character_chosen":"THE_SILENT","items_purchased":["Panache","Sundial","War Paint","Tactician","Reflex"],"campfire_rested":1,"item_purchase_floors":[20,20,36,48,48],"current_hp_per_floor":[63,56,56,56,56,8,8,8,8,5,26,26,26,19,19,18,57,41,41,41,32,32,32,26,26,26,20,20,24,24,29,29,10,55,55,55,55,55,60,60,63,63,63,66,66,58,63,63,63,45],"gold":0,"neow_bonus":"THREE_ENEMY_KILL","is_daily":false,"chose_seed":false,"campfire_upgraded":10,"win_rate":0.0,"timestamp":1609983532,"path_taken":["M","?","?","M","M","E","R","M","T","?","R","?","R","M","R","BOSS","M","?","$","M","M","R","M","$","T","M","R","E","?","E","R","BOSS","M","$","M","?","M","R","E","R","T","E","R","M","?","$","R","BOSS"],"items_purchased_type":["Card","Relic","Relic","Card","Card"],"build_version":"2020-12-22","purchased_purges":3,"victory":true,"max_hp_per_floor":[70,70,70,70,70,70,70,70,70,70,70,70,70,70,70,70,70,70,70,70,70,70,70,70,70,70,70,70,70,70,70,70,70,70,70,70,70,66,66,66,66,66,66,66,66,66,66,66,66,66],"card_choices":[{"not_picked":["Quick Slash","Sucker Punch"],"picked":"Poisoned Stab","floor":1.0},{"not_picked":["Flechettes","Underhanded Strike"],"picked":"Cloak And Dagger","floor":4.0},{"not_picked":["Caltrops","Sucker Punch"],"picked":"Backflip","floor":5.0},{"not_picked":["Bane","Deflect"],"picked":"Malaise","floor":6.0},{"not_picked":["Predator","Prepared"],"picked":"Outmaneuver","floor":8.0},{"not_picked":["Accuracy","Choke"],"picked":"Bouncing Flask","floor":10.0},{"not_picked":["All Out Attack","Sucker Punch","Backstab"],"picked":"SKIP","floor":14.0},{"not_picked":["Corpse Explosion","Grand Finale"],"picked":"Adrenaline","floor":16.0},{"not_picked":["Cloak And Dagger","Dagger Spray"],"picked":"Dodge and Roll+1","floor":18.0},{"not_picked":["Prepared","Choke"],"picked":"Acrobatics+1","floor":21.0},{"not_picked":["Outmaneuver+1","Acrobatics"],"picked":"PiercingWail","floor":22.0},{"not_picked":["Setup","Dodge and Roll","All Out Attack"],"picked":"SKIP","floor":24.0},{"not_picked":["Bane+1","Malaise"],"picked":"Dagger Spray+1","floor":27.0},{"not_picked":["Flying Knee","Skewer+1"],"picked":"Heel Hook","floor":29.0},{"not_picked":["Dagger Spray","Poisoned Stab"],"picked":"Crippling Poison","floor":31.0},{"not_picked":["Doppelganger","Adrenaline"],"picked":"Venomology","floor":33.0},{"not_picked":["Slice+1","Underhanded Strike","Sucker Punch+1"],"picked":"SKIP","floor":35.0},{"not_picked":["Slice+1","Underhanded Strike","Sucker Punch+1"],"picked":"SKIP","floor":35.0},{"not_picked":["Bane","Dagger Throw+1"],"picked":"Setup+1","floor":37},{"not_picked":["Dagger Throw+1","Bane+1"],"picked":"Blur+1","floor":39},{"not_picked":["Blade Dance","Caltrops+1","Die Die Die"],"picked":"SKIP","floor":41},{"not_picked":["Flying Knee","Quick Slash+1","All Out Attack+1"],"picked":"SKIP","floor":44},{"not_picked":["Backflip+1","Deflect+1","Quick Slash"],"picked":"SKIP","floor":46}],"player_experience":355601,"relics_obtained":[{"floor":6.0,"key":"Whetstone"},{"floor":9.0,"key":"Bag of Marbles"},{"floor":26.0,"key":"Toy Ornithopter"},{"floor":29.0,"key":"Regal Pillow"},{"floor":31.0,"key":"Dead Branch"},{"floor":41,"key":"PreservedInsect"},{"floor":43,"key":"Lantern"},{"floor":44,"key":"Potion Belt"}],"event_choices":[{"cards_removed":["Strike_G"],"damage_healed":0.0,"max_hp_gain":0.0,"max_hp_loss":0.0,"gold_gain":0.0,"event_name":"Golden Wing","player_choice":"Card Removal","floor":2.0,"gold_loss":0.0,"damage_taken":7.0},{"damage_healed":0.0,"max_hp_gain":0.0,"max_hp_loss":0.0,"gold_gain":0.0,"event_name":"The Woman in Blue","player_choice":"Bought 3 Potions","floor":3.0,"gold_loss":0.0,"damage_taken":0.0},{"damage_healed":0.0,"max_hp_gain":0.0,"max_hp_loss":0.0,"gold_gain":175.0,"event_name":"Liars Game","player_choice":"AGREE","floor":12.0,"gold_loss":0.0,"damage_taken":0.0,"cards_obtained":["Doubt"]},{"damage_healed":0.0,"max_hp_gain":0.0,"max_hp_loss":0.0,"gold_gain":0.0,"event_name":"Vampires","player_choice":"Ignored","floor":19.0,"gold_loss":0.0,"damage_taken":0.0},{"damage_healed":0.0,"max_hp_gain":0.0,"max_hp_loss":0.0,"gold_gain":99.0,"event_name":"Nest","player_choice":"Stole From Cult","floor":30.0,"gold_loss":0.0,"damage_taken":0.0},{"damage_healed":0,"gold_gain":0,"player_choice":"Max HP","damage_taken":0,"max_hp_gain":0,"max_hp_loss":4,"event_name":"Winding Halls","floor":38,"gold_loss":0},{"cards_removed":["Cloak And Dagger"],"damage_healed":5,"gold_gain":0,"player_choice":"Offered Common","damage_taken":0,"max_hp_gain":0,"max_hp_loss":0,"event_name":"Bonfire Elementals","floor":47,"gold_loss":0},{"cards_removed":["Cloak And Dagger"],"damage_healed":5,"gold_gain":0,"player_choice":"Offered Special","damage_taken":0,"max_hp_gain":0,"max_hp_loss":0,"event_name":"Bonfire Elementals","floor":47,"gold_loss":0}],"is_beta":false,"boss_relics":[{"not_picked":["WristBlade","Busted Crown"],"picked":"Coffee Dripper"},{"not_picked":["Runic Pyramid","Snecko Eye"],"picked":"Pandora\u0027s Box"}],"items_purged_floors":[25,36,48],"is_endless":false,"potions_floor_spawned":[4,6,14,16,18,21,24,27,35,41,44,46],"ascension_level":9}}