{"host":"nv0c20v7c30k7ue5","time":1609983492,"event":{"mods":["2.2 Compatiblity","BaseMod","Best Route Mod","Bestiary","Colored Map","Colored Powertips","Downfall","Highlight Path","Minty Spire (QoL Compilation)","Relic Stats","StSLib","The IronCluck","Unceasing Turn Reminder","everything is the same but u backflip on backflip"],"gold_per_floor":[99,99,99,99,99,99,99,99,115,134,145,145,162,181,198,198,198],"floor_reached":16,"playtime":900,"items_purged":[],"score":92,"play_id":"81845040-0bda-4ea5-ab4c-6d11a69476b3","local_time":"20210106203812","is_ascension_mode":false,"campfire_choices":[{"floor":1,"key":"RECALL"}],"circlet_count":0,"master_deck":["sneckomod:Strike","sneckomod:Strike","sneckomod:Strike","sneckomod:Defend","sneckomod:Defend","sneckomod:Defend+1","sneckomod:TailWhip","sneckomod:SnekBite+1","sneckomod:Unknown","sneckomod:Unknown+1","sneckomod:UnknownBlock","sneckomod:QuickBite","downfall:Malfunctioning","sneckomod:UnknownClassBLUE","sneckomod:DiceBlock","sneckomod:UnknownBlock","Slimebound:Prepare","sneckomod:UnknownCommonSkill","sneckomod:UnknownVulnerable","sneckomod:MasterEye","Thunder Strike"],"relics":["sneckomod:SneckoSoul","downfall:HeartsMalice","sneckomod:SneckoCommon"],"acts_visited":["Exordium"],"potions_floor_usage":[15,16,16,16],"damage_taken":[{"damage":0,"enemies":"Small Slimes","floor":3,"turns":1},{"damage":0,"enemies":"Jaw Worm","floor":5,"turns":1},{"damage":0,"enemies":"Cultist","floor":8,"turns":1},{"damage":10,"enemies":"Exordium Wildlife","floor":9,"turns":2},{"damage":25,"enemies":"2 Fungi Beasts","floor":10,"turns":5},{"damage":4,"enemies":"3 Louse","floor":11,"turns":4},{"damage":0,"enemies":"Exordium Thugs","floor":13,"turns":5},{"damage":5,"enemies":"Red Slaver","floor":14,"turns":4},{"damage":6,"enemies":"Lots of Slimes","floor":15,"turns":4},{"damage":72,"enemies":"downfall:Watcher","floor":16,"turns":7}],"seed_played":"-5989362745858663193","potions_obtained":[{"floor":10,"key":"SkillPotion"},{"floor":11,"key":"Regen Potion"},{"floor":13,"key":"Swift Potion"},{"floor":15,"key":"Slimebound:ThreeZeroPotion"}],"is_trial":false,"path_per_floor":["R","?","M","?","M","?","T","M","M","M","M","R","M","M","M","B"],"character_chosen":"THE_SNECKO","items_purchased":[],"campfire_rested":0,"item_purchase_floors":[],"current_hp_per_floor":[90,90,90,95,95,95,95,95,85,67,63,63,63,58,52,0,0],"gold":198,"neow_bonus":"THREE_ENEMY_KILL","is_daily":false,"chose_seed":false,"campfire_upgraded":0,"win_rate":0.0,"timestamp":1609983492,"path_taken":["R","?","M","?","M","?","T","M","M","M","M","R","M","M","M","BOSS"],"items_purchased_type":[],"build_version":"2020-12-22","purchased_purges":0,"victory":false,"max_hp_per_floor":[90,90,90,95,95,95,95,95,95,95,95,95,95,95,95,95,95],"relic_stats":{"counters":[10,31],"obtain_stats":[{"sneckomod:SneckoCommon":7,"downfall:HeartsMalice":0,"sneckomod:SneckoSoul":0},{"sneckomod:SneckoCommon":2,"downfall:HeartsMalice":0,"sneckomod:SneckoSoul":0},{"sneckomod:SneckoCommon":0,"downfall:HeartsMalice":0,"sneckomod:SneckoSoul":0}]},"card_choices":[{"not_picked":["sneckomod:DefensiveFlair","sneckomod:DiceBoulder"],"picked":"sneckomod:UnknownBlock","floor":3},{"not_picked":["sneckomod:SoulRoll","sneckomod:DiceBlock"],"picked":"sneckomod:QuickBite","floor":5},{"not_picked":["sneckomod:Rotation","sneckomod:SoulDraw"],"picked":"sneckomod:UnknownStrike","floor":8},{"not_picked":["sneckomod:TrashToTreasure","sneckomod:SnekBeam","sneckomod:UnknownBlock"],"picked":"SKIP","floor":9},{"not_picked":["sneckomod:TrashToTreasure","sneckomod:SnekBeam"],"picked":"sneckomod:UnknownBlock","floor":9},{"not_picked":["sneckomod:UnendingSupply","sneckomod:SoulDraw"],"picked":"sneckomod:DiceBlock","floor":10},{"not_picked":["sneckomod:SoulRoll","sneckomod:QuickBite"],"picked":"sneckomod:UnknownBlock","floor":11},{"not_picked":["sneckomod:UnknownStrength","sneckomod:Nope"],"picked":"sneckomod:UnknownCommonSkill","floor":13},{"not_picked":["sneckomod:DiceBlock","sneckomod:UnknownX"],"picked":"sneckomod:UnknownVulnerable","floor":14},{"not_picked":["sneckomod:UnknownCommonAttack","sneckomod:IronFang"],"picked":"sneckomod:MasterEye","floor":15}],"player_experience":123540,"relics_obtained":[{"floor":7,"key":"sneckomod:SneckoCommon"}],"event_choices":[{"damage_healed":0,"gold_gain":0,"player_choice":"Donut","damage_taken":0,"max_hp_gain":5,"max_hp_loss":0,"event_name":"Big Fish","floor":4,"gold_loss":0}],"is_beta":false,"boss_relics":[],"items_purged_floors":[],"is_endless":false,"potions_floor_spawned":[10,11,13,15],"killed_by":"downfall:Watcher","ascension_level":0}}