{"host":"iqwv78gz6ljs5sx4","time":1610005403,"event":{"mods":["AchievementEnabler","BaseMod","Downfall","Hubris","Infinite Spire","Minty Spire (QoL Compilation)","Replay The Spire","Shop Mod","StSLib","The Necromancer"],"gold_per_floor":[135,171,87,132,47,149,200,290,316,358,460,496,589,637,637,637,637],"floor_reached":16,"playtime":558,"items_purged":[],"score":134,"play_id":"95ce8dd7-7d87-45bd-a87a-cb1f6b9ec0a5","local_time":"20210106234323","daily_mods":["Heirloom","DeadlyEvents","Elite Swarm","Midas"],"is_ascension_mode":false,"campfire_choices":[{"floor":15,"key":"REST"}],"circlet_count":0,"master_deck":["Strike_R","Strike_R","Strike_R","Strike_R","Strike_R","Defend_R","Defend_R","Defend_R","Defend_R","Bash","Sword Boomerang","Clash","Swift Strike","Clash","Warcry","Rage","Limit Break","Twin Strike","Double Tap","Cleave","Reaper","Anger","Impervious","Body Slam"],"relics":["Burning Blood","infinitespire:Lychee Nut","hubris:SphereOfDissonance","infinitespire:Eraser","Boot","infinitespire:Broken Mirror","Replay:Ringing Soul"],"acts_visited":["Exordium"],"potions_floor_usage":[8,8,8,13,16,16],"damage_taken":[{"damage":6,"enemies":"Cultist","floor":1,"turns":3},{"damage":11,"enemies":"Jaw Worm","floor":2,"turns":3},{"damage":0,"enemies":"2 Louse","floor":4,"turns":2},{"damage":6,"enemies":"Replay:BlueRogue","floor":6,"turns":5},{"damage":0,"enemies":"2 Fungi Beasts","floor":7,"turns":1},{"damage":2,"enemies":"Gremlin Nob","floor":8,"turns":3},{"damage":6,"enemies":"Exordium Wildlife","floor":10,"turns":3},{"damage":9,"enemies":"Replay:BlueRogue","floor":11,"turns":2},{"damage":3,"enemies":"Gremlin Gang","floor":12,"turns":3},{"damage":6,"enemies":"Gremlin Nob","floor":13,"turns":3},{"damage":0,"enemies":"Large Slime","floor":14,"turns":1},{"damage":81,"enemies":"Fading Forest","floor":16,"turns":7}],"seed_played":"1422694866340472547","potions_obtained":[{"floor":2,"key":"Block Potion"},{"floor":6,"key":"SkillPotion"},{"floor":7,"key":"Cursed Concoction"},{"floor":11,"key":"Fire Potion"},{"floor":13,"key":"EssenceOfSteel"},{"floor":14,"key":"Weak Potion"}],"is_trial":true,"path_per_floor":["M","M","$","M","$","E","M","E","T","M","E","M","E","M","R","B"],"character_chosen":"IRONCLAD","items_purchased":["Swift Strike","Warcry","Rage"],"campfire_rested":1,"item_purchase_floors":[3,5,5],"current_hp_per_floor":[60,57,57,60,60,60,60,60,60,60,57,60,63,66,66,0,0],"gold":637,"neow_bonus":"","is_daily":false,"chose_seed":false,"campfire_upgraded":0,"win_rate":0.0,"timestamp":1610005403,"path_taken":["M","M","?","M","$","E","?","E","T","M","?","M","E","M","R","BOSS"],"items_purchased_type":["Card","Card","Card"],"build_version":"2020-12-22","purchased_purges":0,"victory":false,"max_hp_per_floor":[60,60,60,60,60,60,60,60,60,60,60,60,63,66,66,66,66],"card_choices":[{"not_picked":["Replay:Undeath\u0027s Touch","Shockwave"],"picked":"Sword Boomerang","floor":1},{"not_picked":["Wild Strike","ReplayTheSpireMod:LeadingStrike"],"picked":"Clash","floor":2},{"not_picked":["Combust","Armaments"],"picked":"Clash","floor":4},{"not_picked":["Replay:Many Hands","Brutality"],"picked":"Limit Break","floor":6},{"not_picked":["Body Slam","Hemokinesis"],"picked":"Twin Strike","floor":7},{"not_picked":["Immolate","Barricade"],"picked":"Double Tap","floor":8},{"not_picked":["True Grit","Carnage"],"picked":"Cleave","floor":10},{"not_picked":["Replay:Many Hands","Demon Form"],"picked":"Reaper","floor":11},{"not_picked":["Thunderclap","Pommel Strike"],"picked":"Anger","floor":12},{"not_picked":["Barricade","Offering"],"picked":"Impervious","floor":13},{"not_picked":["Wild Strike","Burning Pact"],"picked":"Body Slam","floor":14}],"player_experience":223094,"relics_obtained":[{"floor":6,"key":"hubris:SphereOfDissonance"},{"floor":8,"key":"infinitespire:Eraser"},{"floor":9,"key":"Boot"},{"floor":11,"key":"infinitespire:Broken Mirror"},{"floor":13,"key":"Replay:Ringing Soul"}],"event_choices":[],"is_beta":false,"boss_relics":[],"items_purged_floors":[],"is_endless":false,"potions_floor_spawned":[2,6,7,11,13,14],"killed_by":"Fading Forest","ascension_level":0}}