{"host":"tcdxiwht2vajk3tk","time":1609997359,"event":{"mods":["AchievementEnabler","BaseMod","Beaked The Cultist","Conspire","Defuse TimeMaze Blight","Downfall","Halation","Hermit","Hubris","Infinite Spire","Lobotomy","Minty Spire (QoL Compilation)","Replay The Spire","Shop Mod","StSLib","The Cursed","The Disciple","vexMod"],"gold_per_floor":[116,116,116,131,146,174,174,190,236,269,286,305,59,145,145,242,908,924,924,935,935,948,982,270,301,301,301,332,332,332,332],"floor_reached":30,"playtime":7681,"items_purged":["DreamingCurrent"],"score":453,"play_id":"9606ae0c-d440-46ab-ad73-8c91cebd0970","local_time":"20210107002919","is_ascension_mode":true,"campfire_choices":[{"floor":15.0,"key":"REST"},{"floor":27,"key":"REST"},{"floor":29,"key":"REST"}],"circlet_count":0,"master_deck":["Strike_Br","Strike_Br","Strike_Br","Strike_Br","Defend_Br","Defend_Br","Defend_Br","Defend_Br","SecondHand","PatternShift","MasterKey","BeautyBeast","BlueShift","Echoward","CherryBlossoms","BlueShift","ShyLook","Facsimile","Rudolta","Flay","Allegro","OSAHOGD","Backlash","GalaxyChild","FormalWear","WindUp","LockedScales","SnowQueen","Accruing","Allargando","MeatLantern","Chronoelasticity","Murderer","VoidDream","BackFourSeconds","HappyTeddy","Moderato+1","RedShoes","RageCommand","LockedTurtyl","DaylightSavings","AlternateTimeline","Recurrance","WakeUpCall","expansioncontent:YouAreMine","Scarecrow","BeatsPerMinute","Moderato","Scorched","Accruing+1"],"relics":["Chronometer","CogitoBucket","Darkstone Periapt","Replay:Bottled Snecko","WarpedTongs","Pet Ghost","Boot","ChangeAnything","MerchantsRug","halation:KoshaPiece","vexMod:RockOfEvil","FleshIdol","Spirit Poop","hubris:Zylophone","BargainBundle","hubris:TinFlute","halation:TwoAmDonut","Bronze Scales","Blue Doll","Replay:Wax Seal"],"acts_visited":["Exordium","TheCity"],"potions_floor_usage":[],"damage_taken":[{"damage":0.0,"enemies":"Cultist","floor":1.0,"turns":7.0},{"damage":0.0,"enemies":"Small Slimes","floor":4.0,"turns":4.0},{"damage":0.0,"enemies":"Jaw Worm","floor":5.0,"turns":8.0},{"damage":105.0,"enemies":"Gremlin Nob","floor":6.0,"turns":20.0},{"damage":25.0,"enemies":"conspire:2 RoseBushes","floor":8.0,"turns":12.0},{"damage":82.0,"enemies":"Lagavulin","floor":10.0,"turns":15.0},{"damage":45.0,"enemies":"Lots of Slimes","floor":11.0,"turns":11.0},{"damage":37.0,"enemies":"Looter","floor":12.0,"turns":2.0},{"damage":43.0,"enemies":"Gremlin Nob","floor":14.0,"turns":7.0},{"damage":43.0,"enemies":"Hexaghost","floor":16.0,"turns":12.0},{"damage":26.0,"enemies":"Spheric Guardian","floor":18.0,"turns":6.0},{"damage":42.0,"enemies":"conspire:FuzzyDice","floor":20.0,"turns":14.0},{"damage":58.0,"enemies":"Snake Plant","floor":22.0,"turns":4.0},{"damage":55.0,"enemies":"Gremlin Leader","floor":23.0,"turns":8.0},{"damage":26,"enemies":"Replay:Snechameleon","floor":25,"turns":6},{"damage":18,"enemies":"conspire:SneckoGhost","floor":28,"turns":9},{"damage":87,"enemies":"Sentry and Sphere","floor":30,"turns":3}],"seed_played":"8878699415555224609","potions_obtained":[{"floor":1.0,"key":"Milkshake"},{"floor":6.0,"key":"Energy Potion"},{"floor":8.0,"key":"LiquidBronze"},{"floor":10.0,"key":"Doom Potion"},{"floor":12.0,"key":"Slimebound:ThreeZeroPotion"},{"floor":18.0,"key":"BlessingOfTheForge"},{"floor":23.0,"key":"Guardian:BlockOnCardUsePotion"},{"floor":25,"key":"PowerPotion"}],"is_trial":false,"path_per_floor":["M","?","?","M","M","E","?","M","T","E","M","M","$","E","R","B",null,"M","?","M","?","M","E","$","E","T","R","E","R","M"],"character_chosen":"CHRONO_CLASS","items_purchased":["MerchantsRug","WindUp","LockedScales","BargainBundle","Fruit Juice","hubris:TinFlute","LockedTurtyl","DaylightSavings","AlternateTimeline","Recurrance","WakeUpCall","halation:TwoAmDonut","expansioncontent:YouAreMine","LifebloodPotion"],"campfire_rested":3,"item_purchase_floors":[13,13,13,24,24,24,24,24,24,24,24,24,24,24],"current_hp_per_floor":[65,65,65,65,65,61,67,55,55,63,66,35,35,34,55,54,71,63,69,77,77,31,38,43,20,20,44,34,58,0,0],"gold":332,"neow_bonus":"","is_daily":false,"chose_seed":false,"campfire_upgraded":0,"win_rate":0.0,"timestamp":1609997359,"path_taken":["M","?","?","M","?","E","?","?","T","E","M","M","$","E","R","BOSS","M","?","?","?","?","E","$","E","T","R","E","R","M"],"items_purchased_type":["Relic","Card","Card","Relic","Potion","Relic","Card","Card","Card","Card","Card","Relic","Card","Potion"],"build_version":"2020-12-22","purchased_purges":1,"victory":false,"max_hp_per_floor":[65,65,65,65,65,65,71,71,71,71,71,71,71,71,71,71,71,71,77,77,77,77,77,82,82,82,82,82,82,82,82],"card_choices":[{"not_picked":["VoidDream","SnowQueen"],"picked":"CherryBlossoms","floor":1.0},{"not_picked":["Engulf","Goo"],"picked":"MasterKey","floor":1.0},{"not_picked":["Scorched","QueenOfHatred"],"picked":"BeautyBeast","floor":4.0},{"not_picked":["BiteCommand","CrunchTime"],"picked":"BlueShift","floor":4.0},{"not_picked":["Scorched","CrumblingArmor"],"picked":"DreamingCurrent","floor":5.0},{"not_picked":["LockedTurtyl","Keepsakes"],"picked":"Echoward","floor":5.0},{"not_picked":["HeroicMonk","Wellcheers"],"picked":"CherryBlossoms","floor":6.0},{"not_picked":["AlternateTimeline","ExoVibe"],"picked":"BlueShift","floor":6.0},{"not_picked":["OldLady","FairyFestival"],"picked":"ShyLook","floor":8.0},{"not_picked":["LockedBlood","BlueShift"],"picked":"Facsimile","floor":8.0},{"not_picked":["SpiderBud","Scarecrow"],"picked":"Rudolta","floor":10.0},{"not_picked":["PrimeTime","ExoVibe"],"picked":"Flay","floor":10.0},{"not_picked":["Yin","DespairKnight"],"picked":"OSAHOGD","floor":11.0},{"not_picked":["Engulf","Echoward"],"picked":"Backlash","floor":11.0},{"not_picked":["WhitesApple","OldLady"],"picked":"GalaxyChild","floor":12.0},{"not_picked":["Echoward","HandsUpC"],"picked":"FormalWear","floor":12.0},{"not_picked":["OldLady","Woodsman"],"picked":"SnowQueen","floor":14.0},{"not_picked":["Keepsakes","ShortSighted"],"picked":"Accruing","floor":14.0},{"not_picked":["MHz","LongBird"],"picked":"MeatLantern","floor":16.0},{"not_picked":["LockedFlame","BackFourSeconds"],"picked":"Chronoelasticity","floor":16.0},{"not_picked":["QueenBee","FieryBird"],"picked":"Murderer","floor":18.0},{"not_picked":["LockedMercury","TickedOff+1"],"picked":"Tempo+1","floor":18.0},{"not_picked":["Woodsman","UniverseFragment"],"picked":"VoidDream","floor":20.0},{"not_picked":["Echoward","BlueShift"],"picked":"BackFourSeconds","floor":20.0},{"not_picked":["NakedNest","OldLady"],"picked":"HappyTeddy","floor":22.0},{"not_picked":["LockedOrichalcum","BiteCommand"],"picked":"Tempo","floor":22.0},{"not_picked":["FairyFestival","QueenBee"],"picked":"RedShoes","floor":23.0},{"not_picked":["OverTime","Echoward"],"picked":"RageCommand","floor":23.0},{"not_picked":["GreedKing","Bloodbath"],"picked":"Scarecrow","floor":25},{"not_picked":["WindUp","PrimeTime+1"],"picked":"BeatsPerMinute","floor":25},{"not_picked":["LongBird","Woodsman"],"picked":"Scorched","floor":28},{"not_picked":["LockedTurtyl","VestedLegacy"],"picked":"Accruing+1","floor":28}],"player_experience":1500253,"relics_obtained":[{"floor":6.0,"key":"Replay:Bottled Snecko"},{"floor":9.0,"key":"Pet Ghost"},{"floor":10.0,"key":"Boot"},{"floor":14.0,"key":"halation:KoshaPiece"},{"floor":23.0,"key":"hubris:Zylophone"},{"floor":25,"key":"Bronze Scales"},{"floor":26,"key":"Blue Doll"},{"floor":28,"key":"Replay:Wax Seal"}],"event_choices":[{"cards_removed":["CherryBlossoms"],"damage_healed":0.0,"max_hp_gain":0.0,"max_hp_loss":0.0,"gold_gain":0.0,"event_name":"WeMeetAgain","player_choice":"Gave Card","floor":3.0,"gold_loss":0.0,"damage_taken":0.0,"relics_obtained":["Darkstone Periapt"]},{"damage_healed":0.0,"max_hp_gain":0.0,"max_hp_loss":0.0,"gold_gain":0.0,"event_name":"Accursed Blacksmith","player_choice":"Rummage","floor":7.0,"gold_loss":0.0,"damage_taken":0.0,"relics_obtained":["WarpedTongs"],"cards_obtained":["Pain"]},{"damage_healed":0.0,"max_hp_gain":0.0,"max_hp_loss":0.0,"gold_gain":0.0,"cards_transformed":["Pain"],"event_name":"Transmorgrifier","player_choice":"Transformed","floor":19.0,"gold_loss":0.0,"damage_taken":0.0,"cards_obtained":["infinitespire:Pacifist"]},{"cards_removed":["infinitespire:Pacifist"],"damage_healed":0.0,"max_hp_gain":0.0,"max_hp_loss":0.0,"gold_gain":0.0,"event_name":"Bonfire Elementals","player_choice":"Offered Curse","floor":21.0,"gold_loss":0.0,"damage_taken":0.0,"relics_obtained":["Spirit Poop"]}],"is_beta":false,"boss_relics":[{"not_picked":["halation:SmartPhone","Philosopher\u0027s Stone"],"picked":"vexMod:RockOfEvil"}],"items_purged_floors":[24],"is_endless":false,"potions_floor_spawned":[1,6,8,10,12,18,23,25],"killed_by":"Sentry and Sphere","ascension_level":3}}