{"host":"2lrkmsuh7nz013qb","time":1609991578,"event":{"mods":["BaseMod","Colored Map","DeckTracker","Minty Spire (QoL Compilation)","SuperFastMode","everything is the same but u backflip on backflip"],"gold_per_floor":[119,129,54,69,79,79,79,127,127,127,27,27,27,39,39,116,116,131,150,166,185,110,110,126,126,174,200,215,36,36,48,48,124,124,139,156,173,183,183,217,217,249,274,286,305,319,169,179,179,179,179,179,179,16,45,45,45],"floor_reached":56,"playtime":2665,"items_purged":["Defend_G","Strike_G","Storm of Steel+1","Noxious Fumes+1"],"score":2050,"play_id":"7e638547-80d3-4b0b-a5ab-3cacfa89c002","local_time":"20210107125258","is_ascension_mode":true,"campfire_choices":[{"data":"Prepared","floor":6.0,"key":"SMITH"},{"data":"Underhanded Strike","floor":10.0,"key":"SMITH"},{"data":"Neutralize","floor":15.0,"key":"SMITH"},{"floor":23.0,"key":"REST"},{"floor":30.0,"key":"REST"},{"floor":32.0,"key":"REST"},{"data":"Adrenaline","floor":41.0,"key":"SMITH"},{"floor":49.0,"key":"RECALL"},{"data":"Acrobatics","floor":53.0,"key":"SMITH"}],"circlet_count":0,"master_deck":["AscendersBane","Defend_G","Survivor","Neutralize+1","Backflip","Dagger Throw","Prepared+1","Adrenaline+1","Acrobatics+1","Blur+1","Grand Finale","After Image+1","Escape Plan"],"relics":["Ring of the Snake","Ginger","Vajra","Astrolabe","Centennial Puzzle","Frozen Egg 2","Empty Cage","Nunchaku","Unceasing Top","Bottled Lightning","Happy Flower","TheAbacus","Oddly Smooth Stone"],"acts_visited":["Exordium","TheCity","TheBeyond","TheEnding"],"potions_floor_usage":[],"damage_taken":[{"damage":0.0,"enemies":"Cultist","floor":1.0,"turns":4.0},{"damage":2.0,"enemies":"2 Louse","floor":2.0,"turns":3.0},{"damage":1.0,"enemies":"Jaw Worm","floor":4.0,"turns":3.0},{"damage":8.0,"enemies":"Exordium Wildlife","floor":5.0,"turns":3.0},{"damage":0.0,"enemies":"Looter","floor":14.0,"turns":2.0},{"damage":0.0,"enemies":"Hexaghost","floor":16.0,"turns":9.0},{"damage":6.0,"enemies":"2 Thieves","floor":18.0,"turns":2.0},{"damage":0.0,"enemies":"Spheric Guardian","floor":19.0,"turns":3.0},{"damage":13.0,"enemies":"Snecko","floor":20.0,"turns":4.0},{"damage":18.0,"enemies":"Chosen and Byrds","floor":21.0,"turns":5.0},{"damage":14.0,"enemies":"Sentry and Sphere","floor":24.0,"turns":7.0},{"damage":8.0,"enemies":"Slavers","floor":27.0,"turns":3.0},{"damage":4.0,"enemies":"Snake Plant","floor":28.0,"turns":4.0},{"damage":5.0,"enemies":"Cultist and Chosen","floor":31.0,"turns":7.0},{"damage":35.0,"enemies":"Automaton","floor":33.0,"turns":15.0},{"damage":0.0,"enemies":"Orb Walker","floor":35.0,"turns":1.0},{"damage":0.0,"enemies":"3 Shapes","floor":36.0,"turns":1.0},{"damage":0.0,"enemies":"Maw","floor":37.0,"turns":3.0},{"damage":1.0,"enemies":"4 Shapes","floor":38.0,"turns":1.0},{"damage":0.0,"enemies":"Nemesis","floor":40.0,"turns":1.0},{"damage":0.0,"enemies":"Reptomancer","floor":42.0,"turns":2.0},{"damage":0.0,"enemies":"Transient","floor":44.0,"turns":6.0},{"damage":0.0,"enemies":"Writhing Mass","floor":45.0,"turns":2.0},{"damage":0.0,"enemies":"Spire Growth","floor":46.0,"turns":2.0},{"damage":0.0,"enemies":"4 Shapes","floor":48.0,"turns":1.0},{"damage":18.0,"enemies":"Awakened One","floor":50.0,"turns":11.0},{"damage":8.0,"enemies":"Donu and Deca","floor":51.0,"turns":2.0},{"damage":0.0,"enemies":"Shield and Spear","floor":55.0,"turns":1.0},{"damage":56,"enemies":"The Heart","floor":56,"turns":3}],"seed_played":"2266794259492347713","potions_obtained":[{"floor":5.0,"key":"Fire Potion"},{"floor":14.0,"key":"FearPotion"},{"floor":18.0,"key":"Dexterity Potion"},{"floor":21.0,"key":"Swift Potion"},{"floor":31.0,"key":"DistilledChaos"},{"floor":37.0,"key":"EntropicBrew"},{"floor":38.0,"key":"DistilledChaos"},{"floor":40.0,"key":"Block Potion"}],"is_trial":false,"path_per_floor":["M","M","$","M","M","R","?","T","T","R","$","?","?","M","R","B",null,"M","M","M","M","?","R","M","?","T","E","M","$","R","M","R","B",null,"M","M","M","M","T","E","R","E","T","M","M","M","$","M","R","B","B",null,"R","$","E","B"],"character_chosen":"THE_SILENT","items_purchased":["SpeedPotion","TheAbacus"],"campfire_rested":3,"item_purchase_floors":[29,54],"current_hp_per_floor":[59,57,57,56,48,48,53,53,53,53,53,18,11,11,11,11,52,46,46,33,15,15,34,20,20,20,12,8,8,27,22,41,6,50,50,50,50,49,49,49,49,49,49,49,49,49,49,49,49,31,23,55,55,55,55,0,0],"gold":45,"neow_bonus":"TRANSFORM_TWO_CARDS","is_daily":false,"chose_seed":false,"campfire_upgraded":5,"win_rate":0.0,"timestamp":1609991578,"path_taken":["M","M","$","?","M","R","?","?","T","R","?","?","?","M","R","BOSS","M","M","M","M","?","R","M","?","T","E","M","$","R","M","R","BOSS","M","M","M","M","?","E","R","E","T","?","M","M","$","M","R","BOSS","BOSS","R","$","E","BOSS"],"items_purchased_type":["Potion","Relic"],"build_version":"2020-12-22","purchased_purges":4,"victory":false,"max_hp_per_floor":[60,60,60,60,60,60,65,65,65,65,65,65,65,65,65,65,65,65,65,65,65,65,65,65,65,65,65,65,65,65,65,65,65,65,65,65,65,65,65,65,65,65,65,65,65,65,65,65,65,65,65,65,65,65,65,65,65],"card_choices":[{"not_picked":["Dagger Throw","Dagger Spray","Bane"],"picked":"SKIP","floor":1.0},{"not_picked":["Deflect","Caltrops"],"picked":"Prepared","floor":2.0},{"not_picked":["PiercingWail","Dagger Throw"],"picked":"Underhanded Strike","floor":4.0},{"not_picked":["Cloak And Dagger","Outmaneuver","Backflip"],"picked":"SKIP","floor":5.0},{"not_picked":["Underhanded Strike","Choke","Slice"],"picked":"SKIP","floor":14.0},{"not_picked":["Doppelganger","Venomology"],"picked":"Adrenaline","floor":16.0},{"not_picked":["Bane","Riddle With Holes","Dodge and Roll"],"picked":"SKIP","floor":18.0},{"not_picked":["Poisoned Stab","Bouncing Flask","Acrobatics"],"picked":"SKIP","floor":19.0},{"not_picked":["Infinite Blades","Backflip"],"picked":"Acrobatics","floor":20.0},{"not_picked":["Escape Plan","Caltrops+1","Burst"],"picked":"SKIP","floor":21.0},{"not_picked":["Slice","Dagger Spray","Dodge and Roll"],"picked":"SKIP","floor":24.0},{"not_picked":["Catalyst","Leg Sweep"],"picked":"Blur+1","floor":27.0},{"not_picked":["Acrobatics","Blade Dance+1","Deflect"],"picked":"SKIP","floor":28.0},{"not_picked":["Concentrate","Underhanded Strike","Dagger Spray"],"picked":"SKIP","floor":31.0},{"not_picked":["Doppelganger","Glass Knife"],"picked":"Grand Finale","floor":33.0},{"not_picked":["Bouncing Flask","Slice+1","Blade Dance+1"],"picked":"SKIP","floor":35.0},{"not_picked":["Dagger Spray","Heel Hook","Prepared"],"picked":"SKIP","floor":36.0},{"not_picked":["Outmaneuver+1","Cloak And Dagger","Riddle With Holes+1"],"picked":"SKIP","floor":37.0},{"not_picked":["Outmaneuver+1","Cloak And Dagger","Riddle With Holes+1"],"picked":"SKIP","floor":37.0},{"not_picked":["Infinite Blades+1","Skewer","Blade Dance"],"picked":"SKIP","floor":38.0},{"not_picked":["Underhanded Strike","Prepared","Backflip"],"picked":"SKIP","floor":40.0},{"not_picked":["Flying Knee","Slice","Endless Agony"],"picked":"SKIP","floor":42.0},{"not_picked":["Flying Knee","Slice","Endless Agony"],"picked":"SKIP","floor":42.0},{"not_picked":["Flying Knee","Slice","Endless Agony"],"picked":"SKIP","floor":42.0},{"not_picked":["PiercingWail","Deflect"],"picked":"After Image+1","floor":44.0},{"not_picked":["Backflip","Deadly Poison","Masterful Stab+1"],"picked":"SKIP","floor":45.0},{"not_picked":["Cloak And Dagger+1","Dagger Spray","Dodge and Roll"],"picked":"SKIP","floor":46.0},{"not_picked":["Sucker Punch","Expertise","Skewer"],"picked":"SKIP","floor":48.0},{"not_picked":["Dagger Spray","Acrobatics"],"picked":"Escape Plan","floor":55.0}],"player_experience":737976,"relics_obtained":[{"floor":9.0,"key":"Ginger"},{"floor":26.0,"key":"Centennial Puzzle"},{"floor":27.0,"key":"Frozen Egg 2"},{"floor":39.0,"key":"Nunchaku"},{"floor":40.0,"key":"Unceasing Top"},{"floor":42.0,"key":"Bottled Lightning"},{"floor":43.0,"key":"Happy Flower"},{"floor":55.0,"key":"Oddly Smooth Stone"}],"event_choices":[{"damage_healed":0.0,"max_hp_gain":5.0,"max_hp_loss":0.0,"gold_gain":0.0,"event_name":"Big Fish","player_choice":"Donut","floor":7.0,"gold_loss":0.0,"damage_taken":0.0},{"damage_healed":0.0,"max_hp_gain":0.0,"max_hp_loss":0.0,"gold_gain":0.0,"event_name":"Scrap Ooze","player_choice":"Success","floor":12.0,"gold_loss":0.0,"damage_taken":35.0,"relics_obtained":["Vajra"]},{"cards_removed":["Strike_G"],"damage_healed":0.0,"max_hp_gain":0.0,"max_hp_loss":0.0,"gold_gain":0.0,"event_name":"Golden Wing","player_choice":"Card Removal","floor":13.0,"gold_loss":0.0,"damage_taken":7.0},{"cards_removed":["Strike_G"],"damage_healed":0.0,"max_hp_gain":0.0,"max_hp_loss":0.0,"gold_gain":0.0,"event_name":"Beggar","player_choice":"Gave Gold","floor":22.0,"gold_loss":75.0,"damage_taken":0.0},{"damage_healed":0.0,"max_hp_gain":0.0,"max_hp_loss":0.0,"gold_gain":0.0,"event_name":"FaceTrader","player_choice":"Leave","floor":25.0,"gold_loss":0.0,"damage_taken":0.0}],"is_beta":false,"boss_relics":[{"not_picked":["Ring of the Serpent","Snecko Eye"],"picked":"Astrolabe"},{"not_picked":["Philosopher\u0027s Stone","Coffee Dripper"],"picked":"Empty Cage"}],"items_purged_floors":[3,11,29,47],"is_endless":false,"potions_floor_spawned":[5,14,18,21,31,37,38,40,46],"killed_by":"The Heart","ascension_level":20}}