{"host":"ng8aq1q5gznbd93k","time":1609980062,"event":{"mods":["AchievementEnabler","BaseMod","Downfall","Minty Spire (QoL Compilation)","StSLib","SuperFastMode","The Bug Knight"],"gold_per_floor":[111,111,186,186,197,225,225,225,225],"floor_reached":8,"playtime":302,"items_purged":[],"score":57,"play_id":"7af33a9c-a0db-44f5-99a5-ec8ca372d2db","local_time":"20210106184102","is_ascension_mode":true,"campfire_choices":[{"floor":7,"key":"REST"}],"circlet_count":0,"master_deck":["Strike_G","Strike_G","Strike_G","Strike_G","Strike_G","Defend_G","Defend_G+1","Defend_G","Defend_G","Defend_G","Survivor+1","Neutralize","Dagger Spray","Quick Slash","Backflip"],"relics":["Ring of the Snake","War Paint","Letter Opener","MealTicket","Blood Vial"],"acts_visited":["Exordium"],"potions_floor_usage":[],"damage_taken":[{"damage":6,"enemies":"Cultist","floor":1,"turns":4},{"damage":0,"enemies":"Small Slimes","floor":5,"turns":3},{"damage":39,"enemies":"Lagavulin","floor":6,"turns":14},{"damage":43,"enemies":"Gremlin Nob","floor":8,"turns":5}],"seed_played":"6139099297804398160","potions_obtained":[{"floor":1,"key":"SkillPotion"},{"floor":6,"key":"SpeedPotion"}],"is_trial":false,"path_per_floor":["M","T","?","?","M","E","R","E"],"character_chosen":"THE_SILENT","items_purchased":[],"campfire_rested":1,"item_purchase_floors":[],"current_hp_per_floor":[64,64,53,53,53,14,35,0,0],"gold":225,"neow_bonus":"RANDOM_COMMON_RELIC","is_daily":false,"chose_seed":false,"campfire_upgraded":0,"win_rate":0.0,"timestamp":1609980062,"path_taken":["M","?","?","?","?","E","R","E"],"items_purchased_type":[],"build_version":"2020-12-22","purchased_purges":0,"victory":false,"max_hp_per_floor":[70,70,70,70,70,70,70,70,70],"card_choices":[{"not_picked":["Caltrops","Underhanded Strike"],"picked":"Dagger Spray","floor":1},{"not_picked":["Concentrate","Calculated Gamble"],"picked":"Quick Slash","floor":5},{"not_picked":["Poisoned Stab","Masterful Stab"],"picked":"Backflip","floor":6}],"player_experience":108258,"relics_obtained":[{"floor":2,"key":"Letter Opener"},{"floor":6,"key":"Blood Vial"}],"event_choices":[{"damage_healed":0,"gold_gain":75,"player_choice":"Gather Gold","damage_taken":11,"max_hp_gain":0,"max_hp_loss":0,"event_name":"World of Goop","floor":3,"gold_loss":0},{"damage_healed":0,"gold_gain":0,"player_choice":"Gave Potion","damage_taken":0,"relics_obtained":["MealTicket"],"max_hp_gain":0,"max_hp_loss":0,"event_name":"WeMeetAgain","floor":4,"gold_loss":0}],"is_beta":false,"boss_relics":[],"items_purged_floors":[],"is_endless":false,"potions_floor_spawned":[1,6],"killed_by":"Gremlin Nob","ascension_level":1}}