{"host":"c2ypwvkuo6d4slur","time":1609988728,"event":{"mods":["BaseMod","Colored Map","Curses Come First","Downfall","Minty Spire (QoL Compilation)","Relic Stats","StSLib"],"gold_per_floor":[99,116,51,71,246,171,171,190,224,221,263,275,318,354,379,391,391,391],"floor_reached":16,"playtime":2021,"items_purged":[],"score":143,"play_id":"f6b46856-d2a7-4f3a-b849-7e7df76988a3","local_time":"20210106190528","is_ascension_mode":false,"campfire_choices":[{"floor":1.0,"key":"RECALL"},{"data":"champ:StanceDance","floor":6.0,"key":"SMITH"}],"circlet_count":0,"master_deck":["champ:Strike","champ:Strike","champ:Strike","champ:Strike","champ:Defend","champ:Defend","champ:Defend","champ:Defend","champ:Execute","champ:Taunt","champ:StanceDance+1","champ:GladiatorStyle","champ:CrookedStrike","Doubt","champ:FanOfKnives","champ:FaceSlap","champ:PreciseThrust","champ:TornadoPunch"],"relics":["champ:ChampionCrown","downfall:HeartBlessingRed","HornCleat","MawBank","Boot","Lantern"],"acts_visited":["Exordium"],"potions_floor_usage":[],"damage_taken":[{"damage":6.0,"enemies":"2 Louse","floor":2.0,"turns":4.0},{"damage":18.0,"enemies":"downfall:FleeingMerchant","floor":3.0,"turns":4.0},{"damage":6.0,"enemies":"Jaw Worm","floor":4.0,"turns":3.0},{"damage":8.0,"enemies":"Cultist","floor":8.0,"turns":4.0},{"damage":57.0,"enemies":"Lagavulin","floor":9.0,"turns":9.0},{"damage":11.0,"enemies":"downfall:FleeingMerchant","floor":10.0,"turns":4.0},{"damage":0.0,"enemies":"3 Sentries","floor":11.0,"turns":6.0},{"damage":18.0,"enemies":"Gremlin Nob","floor":13.0,"turns":4.0},{"damage":5,"enemies":"3 Louse","floor":15,"turns":2},{"damage":45,"enemies":"downfall:Defect","floor":16,"turns":5}],"seed_played":"4950543133628943532","potions_obtained":[{"floor":8.0,"key":"Energy Potion"},{"floor":9.0,"key":"champ:CounterPotion"},{"floor":15,"key":"champ:OpenerPotion"}],"is_trial":false,"path_per_floor":["R","M","$","M","?","R","T","M","E","$","E","?","E","T","M","B"],"character_chosen":"THE_CHAMP","items_purchased":["champ:CrookedStrike"],"campfire_rested":0,"item_purchase_floors":[3],"current_hp_per_floor":[99,98,93,92,92,92,92,92,56,56,56,56,43,43,43,0,0,0],"gold":391,"neow_bonus":"TEN_PERCENT_HP_BONUS","is_daily":false,"chose_seed":false,"campfire_upgraded":1,"win_rate":0.0,"timestamp":1609988728,"path_taken":["R","M","$","M","?","R","T","M","E","$","E","?","E","?","M","BOSS"],"items_purchased_type":["Card"],"build_version":"2020-12-22","purchased_purges":0,"victory":false,"max_hp_per_floor":[99,99,99,99,99,99,99,99,99,99,99,99,99,99,99,99,99,99],"relic_stats":{"counters":[10,45],"MawBank":84,"Boot":[4],"obtain_stats":[{"Lantern":13,"HornCleat":7,"downfall:HeartBlessingRed":6,"champ:ChampionCrown":0,"MawBank":9,"Boot":11},{"Lantern":8,"HornCleat":3,"downfall:HeartBlessingRed":3,"champ:ChampionCrown":0,"MawBank":5,"Boot":7},{"Lantern":38,"HornCleat":11,"downfall:HeartBlessingRed":11,"champ:ChampionCrown":0,"MawBank":24,"Boot":34}]},"card_choices":[{"not_picked":["champ:GutPunch","champ:IronFortress"],"picked":"champ:StanceDance","floor":2.0},{"not_picked":["champ:Circumvent","champ:FocusedBerserking"],"picked":"champ:GladiatorStyle","floor":3.0},{"not_picked":["champ:GutPunch","champ:BladeFlurry","champ:LastStand"],"picked":"SKIP","floor":4.0},{"not_picked":["champ:CalledShot","champ:FalseCounter"],"picked":"champ:FanOfKnives","floor":8.0},{"not_picked":["champ:GutPunch","champ:Shatter"],"picked":"champ:FaceSlap","floor":9.0},{"not_picked":["champ:StanceDance","champ:BladeFlurry"],"picked":"champ:PreciseThrust","floor":10.0},{"not_picked":["champ:Haymaker","champ:IronFortress"],"picked":"champ:TornadoPunch","floor":11.0},{"not_picked":["champ:StanceDance","champ:EndlessRage","champ:Shatter"],"picked":"SKIP","floor":13.0},{"not_picked":["champ:FocusedBerserking","champ:FanOfKnives","champ:BerserkersShout"],"picked":"SKIP","floor":15}],"player_experience":62186,"relics_obtained":[{"floor":7.0,"key":"HornCleat"},{"floor":9.0,"key":"MawBank"},{"floor":11.0,"key":"Boot"},{"floor":13.0,"key":"Lantern"}],"event_choices":[],"is_beta":false,"boss_relics":[],"items_purged_floors":[],"is_endless":false,"potions_floor_spawned":[8,9,15],"killed_by":"downfall:Defect","ascension_level":0}}