{"host":"6gnjg44wf0nz538o","time":1609983247,"event":{"mods":["AchievementEnabler","BaseMod","BetterRewards","Colored Map","Minty Spire (QoL Compilation)","Replay The Spire","Spicy Shops","StSLib","The Servant 0.9.4"],"gold_per_floor":[110,126,142,42,53,53,82,82,82,101,6,20,85,102,102,180,180,200,137,137,156,168,168,168,199,199,233,250,250,250,250,250,263,263,336,336,356,356,147,166,78,90,90,90,138,138,153,164,0,0,0],"floor_reached":50,"playtime":1140,"items_purged":["Strike_R","Defend_R","Strike_R","Strike_R","Defend_R"],"score":1285,"play_id":"0e72c5e8-b89b-4441-85bb-c19e977fe13e","local_time":"20210106203407","is_ascension_mode":true,"campfire_choices":[{"data":"Anger","floor":6.0,"key":"SMITH"},{"data":"Writhe","floor":15.0,"key":"PURGE"},{"floor":23.0,"key":"REST"},{"floor":31.0,"key":"REST"},{"floor":34.0,"key":"REST"},{"floor":44.0,"key":"REST"},{"floor":46.0,"key":"RECALL"}],"circlet_count":0,"master_deck":["AscendersBane","Strike_R","Bash","Anger+1","Anger+1","Doubt"],"relics":["Burning Blood","Brimstone","Red Skull","Replay:Bottled Flurry","Replay:Bottled Eggs","Membership Card","Ancient Tea Set","Self Forming Clay","Empty Cage","Molten Egg 2","Bottled Flame","Letter Opener","Bag of Marbles","Ice Cream","Red Mask"],"acts_visited":["Exordium","TheCity","TheBeyond"],"potions_floor_usage":[48],"damage_taken":[{"damage":13.0,"enemies":"Jaw Worm","floor":1.0,"turns":2.0},{"damage":0.0,"enemies":"Small Slimes","floor":2.0,"turns":2.0},{"damage":3.0,"enemies":"2 Louse","floor":3.0,"turns":2.0},{"damage":0.0,"enemies":"Large Slime","floor":5.0,"turns":2.0},{"damage":0.0,"enemies":"Lagavulin","floor":7.0,"turns":3.0},{"damage":25.0,"enemies":"Gremlin Gang","floor":10.0,"turns":3.0},{"damage":0.0,"enemies":"Blue Slaver","floor":12.0,"turns":2.0},{"damage":33.0,"enemies":"Lagavulin Event","floor":13.0,"turns":4.0},{"damage":15.0,"enemies":"3 Louse","floor":14.0,"turns":2.0},{"damage":0.0,"enemies":"Fading Forest","floor":16.0,"turns":11.0},{"damage":15.0,"enemies":"3 Byrds","floor":18.0,"turns":4.0},{"damage":9.0,"enemies":"Chosen","floor":21.0,"turns":3.0},{"damage":18.0,"enemies":"3 Cultists","floor":22.0,"turns":4.0},{"damage":59.0,"enemies":"Book of Stabbing","floor":25.0,"turns":3.0},{"damage":0.0,"enemies":"Gremlin Leader","floor":27.0,"turns":4.0},{"damage":27.0,"enemies":"Snake Plant","floor":28.0,"turns":2.0},{"damage":10.0,"enemies":"Centurion and Healer","floor":33.0,"turns":3.0},{"damage":59.0,"enemies":"Automaton","floor":35.0,"turns":6.0},{"damage":32.0,"enemies":"3 Darklings","floor":37.0,"turns":4.0},{"damage":32.0,"enemies":"3 Shapes","floor":40.0,"turns":3.0},{"damage":16.0,"enemies":"Sphere and 2 Shapes","floor":42.0,"turns":3.0},{"damage":31,"enemies":"Jaw Worm Horde","floor":47,"turns":4},{"damage":25,"enemies":"Maw","floor":48,"turns":5},{"damage":30,"enemies":"Spire Growth","floor":50,"turns":2}],"seed_played":"-4931539804563808722","potions_obtained":[{"floor":10.0,"key":"LifebloodPotion"},{"floor":12.0,"key":"Fire Potion"},{"floor":14.0,"key":"Energy Potion"},{"floor":16.0,"key":"BloodPotion"},{"floor":24.0,"key":"Death Potion"},{"floor":25.0,"key":"PowerPotion"},{"floor":27.0,"key":"Milkshake"},{"floor":28.0,"key":"Reflective Coating"},{"floor":33.0,"key":"BloodPotion"},{"floor":37.0,"key":"Swift Potion"}],"is_trial":false,"path_per_floor":["M","M","M","$","M","R","E","?","T","M","$","M","?","M","R_BF","B",null,"M","$","?","M","M","R","?","E","T","E","M","PTL","PTL","R","?","M","R","B",null,"M","?","$","M","$","M","?","R","T","R","M","M","?","M"],"character_chosen":"IRONCLAD","items_purchased":["Anger","Brimstone","Red Skull","Membership Card","Ancient Tea Set","Bag of Marbles","BloodPotion","Weak Potion","Ice Cream"],"campfire_rested":4,"item_purchase_floors":[0,0,0,11,11,39,39,39,41],"current_hp_per_floor":[53,59,62,62,68,68,74,74,74,55,55,61,34,25,25,39,66,57,57,72,69,57,75,75,37,37,43,22,22,22,44,44,40,62,24,62,36,36,36,24,24,14,71,71,71,71,46,27,27,0,0],"gold":0,"neow_bonus":"","is_daily":false,"chose_seed":false,"campfire_upgraded":1,"win_rate":0.0,"timestamp":1609983247,"path_taken":["M","M","M","$","M","R","E","?","T","M","$","M","?","M","R_BF","BOSS","M","$","?","M","M","R","?","E","T","E","?","PTL","PTL","R","?","M","R","BOSS","M","?","$","M","$","M","?","R","T","R","M","M","?","M"],"items_purchased_type":["Card","Relic","Relic","Relic","Relic","Relic","Potion","Potion","Relic"],"build_version":"2020-12-22","purchased_purges":5,"victory":false,"max_hp_per_floor":[75,75,75,75,75,75,75,75,75,75,75,75,75,75,75,75,75,75,75,75,75,75,75,75,75,75,75,75,75,75,75,75,75,75,75,75,75,71,71,71,71,71,71,71,71,71,71,71,71,71,71],"card_choices":[{"not_picked":["Pommel Strike","Replay:Undeath\u0027s Touch","Armaments"],"picked":"SKIP","floor":1.0},{"not_picked":["Havoc","Uppercut"],"picked":"Anger","floor":2.0},{"not_picked":["Wild Strike","Run Through","ReplayReversal"],"picked":"SKIP","floor":3.0},{"not_picked":["Bloodletting","Blood for Blood","Clash"],"picked":"SKIP","floor":5.0},{"not_picked":["Thunderclap","ReplayTheSpireMod:Corrosion Curse","Body Slam"],"picked":"SKIP","floor":7.0},{"not_picked":["Headbutt","Thunderclap","Twin Strike"],"picked":"SKIP","floor":10.0},{"not_picked":["Pommel Strike","Berserk","Perfected Strike"],"picked":"SKIP","floor":12.0},{"not_picked":["Perfected Strike","Wild Strike","True Grit"],"picked":"SKIP","floor":14.0},{"not_picked":["Flame Barrier","Wild Strike","ReplayTheSpireMod:Limb From Limb"],"picked":"SKIP","floor":18.0},{"not_picked":["Headbutt","Iron Wave","Replay:Undeath\u0027s Touch"],"picked":"SKIP","floor":21.0},{"not_picked":["Flame Barrier","Shrug It Off","Twin Strike"],"picked":"SKIP","floor":22.0},{"not_picked":["Dropkick+1","Headbutt+1","Inflame"],"picked":"SKIP","floor":25.0},{"not_picked":["Run Through+1","Battle Trance","Cleave+1"],"picked":"SKIP","floor":27.0},{"not_picked":["Body Slam+1","Dropkick+1","Run Through+1"],"picked":"SKIP","floor":28.0},{"not_picked":["ReplayTheSpireMod:LeadingStrike+1","Massacre+1","Flex"],"picked":"SKIP","floor":33.0},{"not_picked":["Body Slam+1","Iron Wave+1","ReplayTheSpireMod:Strike From Hell+1"],"picked":"SKIP","floor":37.0},{"not_picked":["Warcry","Sword Boomerang+1","Heavy Blade+1"],"picked":"SKIP","floor":40.0},{"not_picked":["Clothesline+1","Rampage+1","Feel No Pain"],"picked":"SKIP","floor":42.0},{"not_picked":["Heavy Blade+1","Hemokinesis+1","Second Wind"],"picked":"SKIP","floor":47},{"not_picked":["Flex+1","Metallicize","ReplayTheSpireMod:Strike From Hell+1"],"picked":"SKIP","floor":48}],"player_experience":522025,"relics_obtained":[{"floor":7.0,"key":"Replay:Bottled Flurry"},{"floor":9.0,"key":"Replay:Bottled Eggs"},{"floor":13.0,"key":"Self Forming Clay"},{"floor":25.0,"key":"Molten Egg 2"},{"floor":26.0,"key":"Bottled Flame"},{"floor":27.0,"key":"Letter Opener"}],"event_choices":[{"cards_removed":["Defend_R"],"damage_healed":0.0,"max_hp_gain":0.0,"max_hp_loss":0.0,"gold_gain":0.0,"event_name":"Living Wall","player_choice":"Forget","floor":8.0,"gold_loss":0.0,"damage_taken":0.0},{"damage_healed":0.0,"max_hp_gain":0.0,"max_hp_loss":0.0,"gold_gain":30.0,"event_name":"Dead Adventurer","player_choice":"Searched \u00272\u0027 times","floor":13.0,"gold_loss":0.0,"damage_taken":0.0},{"damage_healed":15.0,"max_hp_gain":0.0,"max_hp_loss":0.0,"gold_gain":0.0,"event_name":"The Library","player_choice":"Heal","floor":20.0,"gold_loss":0.0,"damage_taken":0.0},{"damage_healed":0.0,"max_hp_gain":0.0,"max_hp_loss":0.0,"gold_gain":0.0,"event_name":"Lab","player_choice":"Got Potions","floor":24.0,"gold_loss":0.0,"damage_taken":0.0},{"damage_healed":0.0,"max_hp_gain":0.0,"max_hp_loss":0.0,"gold_gain":0.0,"event_name":"The Mausoleum","player_choice":"Ignored","floor":32.0,"gold_loss":0.0,"damage_taken":0.0},{"damage_healed":0.0,"max_hp_gain":0.0,"max_hp_loss":4.0,"gold_gain":0.0,"event_name":"Winding Halls","player_choice":"Max HP","floor":38.0,"gold_loss":0.0,"damage_taken":0.0},{"damage_healed":57.0,"max_hp_gain":0.0,"max_hp_loss":0.0,"gold_gain":0.0,"event_name":"MindBloom","player_choice":"Heal","floor":43.0,"gold_loss":0.0,"damage_taken":0.0,"cards_obtained":["Doubt"]},{"damage_healed":0,"gold_gain":0,"player_choice":"Paid","damage_taken":0,"relics_obtained":["Red Mask"],"max_hp_gain":0,"max_hp_loss":0,"event_name":"Tomb of Lord Red Mask","floor":49,"gold_loss":164}],"is_beta":false,"boss_relics":[{"not_picked":["Abe\u0027s Treasure","Cursed Key"],"picked":"Empty Cage"},{"not_picked":["Replay:Bronze Core","Ooze Armor","Mark of Pain"]}],"items_purged_floors":[0,4,19,39,41],"is_endless":false,"potions_floor_spawned":[10,12,14,16,22,25,27,28,33,37,47],"killed_by":"Spire Growth","ascension_level":15}}