{"host":"szp1d6dso4pv7ddl","time":1609994568,"event":{"mods":["AchievementEnabler","Alarm Clock","BaseMod","Bestiary","Block Reminder","Colored Map","Colored Powertips","Curses Come First","Displayed Cursed Tome","Highlight Path","Minty Spire (QoL Compilation)","Permanent Neow","Quick Restart","Relic Sorter","Relic Stats","StSLib","Synergy Search"],"gold_per_floor":[99,99,50,50,50,50,50,50,50,50,50,50,50,50,50,50,50,5,5,5,5,5,5,5,5,5,5,5,5],"floor_reached":28,"playtime":1994,"items_purged":[],"score":410,"play_id":"37a87de7-1fe8-444a-9c02-dc6d36e24c70","local_time":"20210106204248","is_ascension_mode":true,"campfire_choices":[{"floor":11,"key":"REST"},{"floor":13,"key":"REST"},{"floor":15,"key":"REST"},{"data":"Blade Dance","floor":23,"key":"SMITH"}],"circlet_count":0,"master_deck":["AscendersBane","Strike_G","Strike_G","Strike_G","Defend_G","Defend_G+1","Defend_G","Defend_G","Survivor","Neutralize","Backflip+1","Predator","Blade Dance+1","All Out Attack","Blade Dance","Dagger Throw","Envenom","Dagger Throw+1","Expertise+1","Flechettes+1","Blur","Escape Plan","Writhe","Crippling Poison"],"relics":["Ectoplasm","Mango","Letter Opener","Question Card","Astrolabe","Mummified Hand","Matryoshka"],"acts_visited":["Exordium","TheCity"],"potions_floor_usage":[16,16,21,21,28],"damage_taken":[{"damage":0,"enemies":"Jaw Worm","floor":1,"turns":4},{"damage":0,"enemies":"Cultist","floor":2,"turns":5},{"damage":0,"enemies":"Small Slimes","floor":5,"turns":2},{"damage":32,"enemies":"Gremlin Nob","floor":6,"turns":5},{"damage":13,"enemies":"Exordium Thugs","floor":10,"turns":5},{"damage":2,"enemies":"2 Fungi Beasts","floor":12,"turns":2},{"damage":9,"enemies":"3 Louse","floor":14,"turns":2},{"damage":9,"enemies":"Slime Boss","floor":16,"turns":8},{"damage":12,"enemies":"2 Thieves","floor":18,"turns":4},{"damage":0,"enemies":"3 Byrds","floor":19,"turns":4},{"damage":8,"enemies":"Snake Plant","floor":21,"turns":3},{"damage":13,"enemies":"3 Cultists","floor":25,"turns":5},{"damage":41,"enemies":"Cultist and Chosen","floor":28,"turns":6}],"seed_played":"1394881121832181901","potions_obtained":[{"floor":10,"key":"Poison Potion"},{"floor":12,"key":"AttackPotion"},{"floor":16,"key":"GhostInAJar"},{"floor":19,"key":"Regen Potion"},{"floor":21,"key":"SpeedPotion"},{"floor":25,"key":"CunningPotion"}],"is_trial":false,"path_per_floor":["M","M","$","?","M","E","T","$","T","M","R","M","R","M","R","B",null,"M","M","$","M","?","R","?","M","T","?","M"],"character_chosen":"THE_SILENT","items_purchased":["Blade Dance"],"campfire_rested":3,"item_purchase_floors":[3],"current_hp_per_floor":[59,59,59,39,39,21,21,21,21,8,32,30,54,45,69,60,75,63,63,63,67,67,67,44,31,31,31,0,0],"gold":5,"neow_bonus":"BOSS_RELIC","is_daily":false,"chose_seed":false,"campfire_upgraded":1,"win_rate":0.0,"timestamp":1609994568,"path_taken":["M","M","$","?","M","E","?","$","T","M","R","M","R","M","R","BOSS","M","M","?","M","?","R","?","?","T","?","M"],"items_purchased_type":["Card"],"build_version":"2020-12-22","purchased_purges":0,"victory":false,"max_hp_per_floor":[66,66,66,66,66,80,80,80,80,80,80,80,80,80,80,80,80,80,80,80,80,80,80,85,85,85,85,85,85],"relic_stats":{"counters":[13,55],"Mummified Hand":[2],"Astrolabe":["Dagger Throw","Expertise","Flechettes"],"Ectoplasm":324,"Letter Opener":[57],"Question Card":8,"obtain_stats":[{"Matryoshka":26,"Mummified Hand":22,"Astrolabe":17,"Mango":6,"Ectoplasm":0,"Letter Opener":7,"Question Card":9,"Ring of the Snake":0},{"Matryoshka":12,"Mummified Hand":11,"Astrolabe":8,"Mango":4,"Ectoplasm":0,"Letter Opener":4,"Question Card":4,"Ring of the Snake":0},{"Matryoshka":49,"Mummified Hand":44,"Astrolabe":33,"Mango":16,"Ectoplasm":0,"Letter Opener":16,"Question Card":16,"Ring of the Snake":0}]},"card_choices":[{"not_picked":["PiercingWail","Reflex"],"picked":"Backflip","floor":1},{"not_picked":["Dodge and Roll","Concentrate"],"picked":"Predator","floor":2},{"not_picked":["Cloak And Dagger","Dodge and Roll","Terror"],"picked":"SKIP","floor":5},{"not_picked":["Bane","Dagger Spray","Flechettes"],"picked":"SKIP","floor":6},{"not_picked":["Calculated Gamble","Acrobatics","Heel Hook"],"picked":"All Out Attack","floor":10},{"not_picked":["Dagger Throw","Backflip","Skewer"],"picked":"Blade Dance","floor":12},{"not_picked":["Calculated Gamble","Catalyst","Bouncing Flask"],"picked":"Dagger Throw","floor":14},{"not_picked":["Malaise","Wraith Form v2","Adrenaline"],"picked":"Envenom","floor":16},{"not_picked":["Caltrops","Reflex","Slice"],"picked":"Blur","floor":18},{"not_picked":["Acrobatics","Flying Knee","Quick Slash"],"picked":"Escape Plan","floor":19},{"not_picked":["Flying Knee","Calculated Gamble","Deadly Poison+1","Outmaneuver"],"picked":"SKIP","floor":21},{"not_picked":["Slice","Outmaneuver","Choke"],"picked":"Crippling Poison","floor":25}],"player_experience":1138872,"relics_obtained":[{"floor":6,"key":"Mango"},{"floor":7,"key":"Letter Opener"},{"floor":9,"key":"Question Card"},{"floor":26,"key":"Matryoshka"}],"event_choices":[{"damage_healed":0,"gold_gain":0,"player_choice":"Entered Light","damage_taken":20,"max_hp_gain":0,"max_hp_loss":0,"event_name":"Shining Light","floor":4,"gold_loss":0,"cards_upgraded":["Backflip","Defend_G"]},{"damage_healed":0,"gold_gain":0,"player_choice":"Opened","damage_taken":0,"relics_obtained":["Mummified Hand"],"max_hp_gain":0,"max_hp_loss":0,"event_name":"The Mausoleum","floor":22,"gold_loss":0,"cards_obtained":["Writhe"]},{"damage_healed":0,"gold_gain":0,"player_choice":"Shed Blood","damage_taken":28,"max_hp_gain":5,"max_hp_loss":0,"event_name":"Forgotten Altar","floor":24,"gold_loss":0},{"damage_healed":0,"gold_gain":0,"player_choice":"Ignored","damage_taken":0,"max_hp_gain":0,"max_hp_loss":0,"event_name":"Vampires","floor":27,"gold_loss":0}],"is_beta":false,"boss_relics":[{"not_picked":["Black Star","Cursed Key"],"picked":"Astrolabe"}],"items_purged_floors":[],"is_endless":false,"potions_floor_spawned":[10,12,16,19,21,25],"killed_by":"Cultist and Chosen","ascension_level":15}}