{"host":"bjzqjr1ycgj8gt55","time":1609983223,"event":{"mods":["BaseMod","Better Altar","Better Match","Better Sensory Stone","Better Skull","Better Third Choice","Better Vampires","Block Reminder","Colored Map","Colored Powertips","GifTheSpireLib","Infinite Spire","Minty Spire (QoL Compilation)","Rare Cards Sparkle","Red Circlet Mod","Spicy Shops","StSLib","Waifu the Spire","everything is the same but u backflip on backflip","slay the spire mod where everything is the same but ironclad has a cowboy hat"],"gold_per_floor":[20,20,34,55,74,74,74,95,143,143,163,163,188,188,188,308,308,322,340,359,382,382,382,382,382,382,422,436,460,460,460,460,590,590,604,937,950,950,950,980,980,980,980,997,997,997],"floor_reached":45,"playtime":1414,"items_purged":[],"score":596,"play_id":"bd30e781-e75f-45cb-86b7-dff26f7c0204","local_time":"20210106193343","is_ascension_mode":true,"campfire_choices":[{"floor":6,"key":"REST"},{"data":"Envenom","floor":10,"key":"SMITH"},{"floor":15,"key":"REST"},{"floor":23,"key":"REST"},{"floor":25,"key":"REST"},{"floor":32,"key":"REST"},{"floor":41,"key":"REST"}],"circlet_count":0,"master_deck":["Strike_G","Strike_G","Strike_G","Defend_G","Defend_G","Defend_G","Defend_G","Defend_G","Survivor","Neutralize","Envenom+1","Sucker Punch","Injury","Noxious Fumes","Footwork","Poisoned Stab","Apotheosis+1","Cloak And Dagger+1","Dagger Spray","Glass Knife","Backflip","Calculated Gamble","Crippling Poison","Heel Hook","infinitespire:TheBestDefense+1","Leg Sweep","Cloak And Dagger","Prepared","Decay","Injury","infinitespire:DeathsTouch","Dodge and Roll+1","Cloak And Dagger","After Image","AscendersBane","Corpse Explosion+1","Footwork"],"relics":["infinitespire:DarkRift","Ancient Tea Set","infinitespire:Cubic Diamond","Fusion Hammer","Pantograph","Pear","Empty Cage","Letter Opener","Question Card"],"acts_visited":["Exordium","TheCity","TheBeyond"],"potions_floor_usage":[16,27,35,45],"damage_taken":[{"damage":4,"enemies":"Small Slimes","floor":1,"turns":4},{"damage":8,"enemies":"2 Louse","floor":3,"turns":2},{"damage":0,"enemies":"Cultist","floor":4,"turns":4},{"damage":18,"enemies":"3 Louse","floor":5,"turns":4},{"damage":16,"enemies":"Lots of Slimes","floor":8,"turns":5},{"damage":6,"enemies":"Exordium Wildlife","floor":11,"turns":4},{"damage":1,"enemies":"Blue Slaver","floor":13,"turns":3},{"damage":14,"enemies":"Slime Boss","floor":16,"turns":5},{"damage":0,"enemies":"Spheric Guardian","floor":18,"turns":2},{"damage":12,"enemies":"Shell Parasite","floor":19,"turns":4},{"damage":19,"enemies":"Snecko","floor":20,"turns":5},{"damage":19,"enemies":"Centurion and Healer","floor":21,"turns":7},{"damage":24,"enemies":"Slavers","floor":27,"turns":5},{"damage":15,"enemies":"Sentry and Sphere","floor":28,"turns":7},{"damage":23,"enemies":"3 Cultists","floor":29,"turns":5},{"damage":37,"enemies":"Automaton","floor":33,"turns":8},{"damage":14,"enemies":"3 Shapes","floor":35,"turns":4},{"damage":6,"enemies":"Orb Walker","floor":37,"turns":5},{"damage":45,"enemies":"Nemesis","floor":40,"turns":13},{"damage":0,"enemies":"Maw","floor":44,"turns":10},{"damage":32,"enemies":"3 Darklings","floor":45,"turns":2}],"seed_played":"5235825208189318643","potions_obtained":[{"floor":1,"key":"SpeedPotion"},{"floor":3,"key":"FearPotion"},{"floor":13,"key":"DuplicationPotion"},{"floor":20,"key":"PowerPotion"},{"floor":28,"key":"SkillPotion"},{"floor":44,"key":"CunningPotion"}],"is_trial":false,"path_per_floor":["M","?","M","M","M","R","?","M","T","R","M","?","M","?","R","B",null,"M","M","M","M","AVR","R","?","R","T","E","M","M","T","?","R","B",null,"M","?","M","?","?","E","R","?","T","M","M"],"character_chosen":"THE_SILENT","items_purchased":[],"campfire_rested":6,"item_purchase_floors":[],"current_hp_per_floor":[66,66,58,58,40,61,61,45,45,45,39,39,38,38,59,45,64,64,52,33,24,24,45,45,66,66,42,27,4,14,14,38,26,67,53,53,47,47,47,2,26,26,26,26,0,0],"gold":997,"neow_bonus":"THREE_RARE_CARDS","is_daily":false,"chose_seed":false,"campfire_upgraded":1,"win_rate":0.0,"timestamp":1609983223,"path_taken":["M","?","M","M","M","R","?","M","T","R","M","?","M","?","R","BOSS","M","?","M","M","AVR","R","?","R","T","E","?","M","?","?","R","BOSS","M","?","M","?","?","E","R","?","T","M","M"],"items_purchased_type":[],"build_version":"2020-12-22","purchased_purges":0,"victory":false,"max_hp_per_floor":[70,70,70,70,70,70,70,70,70,70,70,70,70,70,70,70,70,70,70,70,70,70,70,70,70,70,70,70,70,80,80,80,80,80,80,80,80,80,80,80,80,80,80,80,80,80],"card_choices":[{"not_picked":["Venomology","Malaise"],"picked":"Envenom","floor":0},{"not_picked":["Tactician","Flying Knee"],"picked":"Sucker Punch","floor":1},{"not_picked":["Accuracy","Cloak And Dagger"],"picked":"Noxious Fumes","floor":3},{"not_picked":["All Out Attack","Backflip"],"picked":"Footwork","floor":4},{"not_picked":["Underhanded Strike","Distraction"],"picked":"Poisoned Stab","floor":5},{"not_picked":["Underhanded Strike","Blade Dance"],"picked":"Cloak And Dagger","floor":8},{"not_picked":["Concentrate","Heel Hook"],"picked":"Dagger Spray","floor":11},{"not_picked":["Quick Slash","Flechettes","Sucker Punch"],"picked":"SKIP","floor":13},{"not_picked":["Grand Finale","A Thousand Cuts"],"picked":"Glass Knife","floor":16},{"not_picked":["Caltrops","Deadly Poison"],"picked":"Backflip","floor":18},{"not_picked":["Dagger Throw","Deflect"],"picked":"Calculated Gamble","floor":19},{"not_picked":["Sucker Punch","Acrobatics+1"],"picked":"Crippling Poison","floor":20},{"not_picked":["Acrobatics+1","Sucker Punch"],"picked":"Heel Hook","floor":21},{"not_picked":["Finisher","Crippling Poison"],"picked":"Leg Sweep","floor":27},{"not_picked":["Well Laid Plans","Predator+1"],"picked":"Cloak And Dagger","floor":28},{"not_picked":["Crippling Poison","Infinite Blades"],"picked":"Prepared","floor":29},{"not_picked":["infinitespire:NeuralNetwork","infinitespire:Punishment"],"picked":"infinitespire:DeathsTouch","floor":31},{"not_picked":["infinitespire:Neurotoxin","Venomology"],"picked":"Die Die Die","floor":33},{"not_picked":["Dagger Throw","Prepared+1"],"picked":"Dodge and Roll+1","floor":35},{"not_picked":["Dagger Spray+1","Quick Slash+1"],"picked":"Cloak And Dagger","floor":37},{"not_picked":["Blade Dance","Outmaneuver"],"picked":"After Image","floor":40},{"not_picked":["PiercingWail+1","Heel Hook","Tactician+1"],"picked":"Footwork","floor":44}],"player_experience":101569,"relics_obtained":[{"floor":9,"key":"Ancient Tea Set"},{"floor":27,"key":"Pantograph"},{"floor":30,"key":"Pear"},{"floor":40,"key":"Letter Opener"},{"floor":43,"key":"Question Card"}],"event_choices":[{"damage_healed":0,"gold_gain":0,"player_choice":"Take Wound","damage_taken":0,"relics_obtained":["Golden Idol"],"max_hp_gain":0,"max_hp_loss":0,"event_name":"Golden Idol","floor":2,"gold_loss":0,"cards_obtained":["Injury"]},{"damage_healed":61,"gold_gain":0,"player_choice":"Embrace","damage_taken":0,"max_hp_gain":0,"max_hp_loss":70,"event_name":"betterThird:BetterShining","floor":7,"gold_loss":0},{"damage_healed":0,"gold_gain":0,"player_choice":"Upgraded","damage_taken":0,"max_hp_gain":0,"max_hp_loss":0,"event_name":"Upgrade Shrine","floor":14,"gold_loss":0,"cards_upgraded":["Cloak And Dagger"]},{"damage_healed":0,"gold_gain":0,"player_choice":"Forge","damage_taken":0,"max_hp_gain":0,"max_hp_loss":0,"event_name":"Accursed Blacksmith","floor":24,"gold_loss":0,"cards_upgraded":["infinitespire:TheBestDefense"]},{"damage_healed":0,"gold_gain":333,"player_choice":"Gave Idol","damage_taken":0,"max_hp_gain":0,"max_hp_loss":0,"event_name":"The Moai Head","floor":36,"relics_lost":["Golden Idol"],"gold_loss":0},{"damage_healed":0,"gold_gain":0,"player_choice":"Ignored","damage_taken":0,"max_hp_gain":0,"max_hp_loss":0,"event_name":"Tomb of Lord Red Mask","floor":38,"gold_loss":0},{"cards_removed":["Die Die Die"],"damage_healed":0,"gold_gain":0,"player_choice":"Removed Attack","damage_taken":0,"max_hp_gain":0,"max_hp_loss":0,"event_name":"Falling","floor":39,"gold_loss":0},{"damage_healed":0,"gold_gain":3,"player_choice":"3","damage_taken":0,"max_hp_gain":0,"max_hp_loss":0,"event_name":"betterStone:BetterStone","floor":42,"gold_loss":0,"cards_obtained":["Corpse Explosion"]}],"is_beta":false,"boss_relics":[{"not_picked":["infinitespire:Cupcake","Black Star"],"picked":"Fusion Hammer"},{"not_picked":["Runic Pyramid","SacredBark"],"picked":"Empty Cage"}],"items_purged_floors":[],"is_endless":false,"potions_floor_spawned":[1,3,13,20,28,29,44],"killed_by":"3 Darklings","ascension_level":5}}