{"host":"kg61lsvem4dxoat8","time":1609995894,"event":{"mods":["BaseMod","Colored Powertips","Minty Spire (QoL Compilation)","Quick Restart","Rare Cards Sparkle","Relic Stats","slay the spire mod where everything is the same but ironclad has a cowboy hat"],"gold_per_floor":[415,432,201,201,214,247,260,260,260,260,278,296,330,330,330,429,429,447,476,495,495,40,70,70,90,117,117,132,132,132],"floor_reached":29,"playtime":762,"items_purged":["Strike_P","Defend_P"],"score":280,"play_id":"ce4e56bb-ae50-472a-9e20-ef15bd18ffd3","local_time":"20210107130454","is_ascension_mode":false,"campfire_choices":[{"data":"Eruption","floor":8,"key":"SMITH"},{"data":"ClearTheMind","floor":10,"key":"SMITH"},{"data":"FlurryOfBlows","floor":15,"key":"SMITH"},{"data":"Tantrum","floor":24,"key":"SMITH"},{"floor":27,"key":"REST"}],"circlet_count":0,"master_deck":["Strike_P","Strike_P","Defend_P","Defend_P","Defend_P","Eruption+1","Vigilance","Halt","MentalFortress","EmptyFist","ClearTheMind+1","Tantrum+1","FlurryOfBlows+1","Crescendo","EmptyFist","SpiritShield","FlurryOfBlows","Evaluate+1","BowlingBash","Wallop"],"relics":["PureWater","Old Coin","Potion Belt","Meat on the Bone","Turnip","Philosopher\u0027s Stone","Red Mask","Bird Faced Urn","PreservedInsect","Vajra"],"acts_visited":["Exordium","TheCity"],"potions_floor_usage":[6,11,12,13,19,20,23,29],"damage_taken":[{"damage":0,"enemies":"Small Slimes","floor":1,"turns":2},{"damage":12,"enemies":"Cultist","floor":2,"turns":3},{"damage":0,"enemies":"2 Louse","floor":5,"turns":2},{"damage":0,"enemies":"Gremlin Nob","floor":6,"turns":3},{"damage":20,"enemies":"Looter","floor":7,"turns":2},{"damage":7,"enemies":"Exordium Thugs","floor":11,"turns":4},{"damage":0,"enemies":"Gremlin Gang","floor":12,"turns":2},{"damage":12,"enemies":"Lagavulin","floor":13,"turns":5},{"damage":25,"enemies":"The Guardian","floor":16,"turns":13},{"damage":0,"enemies":"Chosen","floor":18,"turns":4},{"damage":0,"enemies":"Masked Bandits","floor":19,"turns":2},{"damage":0,"enemies":"2 Thieves","floor":20,"turns":3},{"damage":29,"enemies":"Slavers","floor":23,"turns":4},{"damage":40,"enemies":"Snake Plant","floor":25,"turns":6},{"damage":0,"enemies":"Shelled Parasite and Fungi","floor":28,"turns":3},{"damage":56,"enemies":"Gremlin Leader","floor":29,"turns":2}],"seed_played":"-1009870244302021327","potions_obtained":[{"floor":1,"key":"Regen Potion"},{"floor":6,"key":"SpeedPotion"},{"floor":7,"key":"SteroidPotion"},{"floor":12,"key":"Energy Potion"},{"floor":16,"key":"DistilledChaos"},{"floor":19,"key":"SteroidPotion"},{"floor":20,"key":"LiquidBronze"}],"is_trial":false,"path_per_floor":["M","M","$","?","M","E","M","R","T","R","M","M","E","?","R","B",null,"M","?","M","?","$","E","R","M","T","R","M","E"],"character_chosen":"WATCHER","items_purchased":["EmptyFist","ClearTheMind","Strength Potion","Bird Faced Urn","BowlingBash"],"campfire_rested":1,"item_purchase_floors":[3,3,3,22,22],"current_hp_per_floor":[51,39,39,39,39,39,19,19,19,19,36,48,48,48,48,35,72,72,72,72,72,72,43,43,17,17,38,40,0,0],"gold":132,"neow_bonus":"ONE_RARE_RELIC","is_daily":false,"chose_seed":false,"campfire_upgraded":4,"win_rate":0.0,"timestamp":1609995894,"path_taken":["M","M","$","?","M","E","?","R","T","R","M","M","E","?","R","BOSS","M","?","M","?","$","E","R","?","T","R","M","E"],"items_purchased_type":["Card","Card","Potion","Relic","Card"],"build_version":"2020-12-22","purchased_purges":2,"victory":false,"max_hp_per_floor":[72,72,72,72,72,72,72,72,72,72,72,72,72,72,72,72,72,72,72,72,72,72,72,72,72,72,72,72,72,72],"relic_stats":{"counters":[16,60],"Bird Faced Urn":[4],"Turnip":[4],"PreservedInsect":46,"obtain_stats":[{"Potion Belt":6,"Bird Faced Urn":22,"Vajra":26,"Philosopher\u0027s Stone":17,"Turnip":13,"PreservedInsect":23,"Red Mask":19,"PureWater":0,"Old Coin":0,"Meat on the Bone":9},{"Potion Belt":4,"Bird Faced Urn":12,"Vajra":14,"Philosopher\u0027s Stone":9,"Turnip":8,"PreservedInsect":13,"Red Mask":11,"PureWater":0,"Old Coin":0,"Meat on the Bone":5},{"Potion Belt":10,"Bird Faced Urn":45,"Vajra":55,"Philosopher\u0027s Stone":36,"Turnip":23,"PreservedInsect":49,"Red Mask":42,"PureWater":0,"Old Coin":0,"Meat on the Bone":12}],"Meat on the Bone":60},"card_choices":[{"not_picked":["Perseverance","Prostrate"],"picked":"Halt","floor":1},{"not_picked":["Crescendo","CrushJoints"],"picked":"MentalFortress","floor":2},{"not_picked":["SandsOfTime","Sanctity"],"picked":"Tantrum","floor":5},{"not_picked":["FearNoEvil","EmptyBody"],"picked":"FlurryOfBlows","floor":6},{"not_picked":["Prostrate","CrushJoints"],"picked":"Crescendo","floor":7},{"not_picked":["WheelKick","Crescendo","Fasting2"],"picked":"SKIP","floor":11},{"not_picked":["Worship","Consecrate","Ragnarok"],"picked":"SKIP","floor":12},{"not_picked":["FollowUp","WreathOfFlame"],"picked":"EmptyFist","floor":13},{"not_picked":["DeusExMachina","Ragnarok"],"picked":"SpiritShield","floor":16},{"not_picked":["ForeignInfluence","PathToVictory+1"],"picked":"FlurryOfBlows","floor":18},{"not_picked":["EmptyFist+1","Crescendo"],"picked":"Evaluate+1","floor":19},{"not_picked":["Meditate","Adaptation","Pray"],"picked":"SKIP","floor":20},{"not_picked":["Worship","Crescendo","Wireheading"],"picked":"SKIP","floor":23},{"not_picked":["Vengeance","FlyingSleeves+1"],"picked":"Wallop","floor":25},{"not_picked":["Evaluate","Perseverance","Prostrate"],"picked":"SKIP","floor":28}],"player_experience":1315456,"relics_obtained":[{"floor":6,"key":"Potion Belt"},{"floor":9,"key":"Meat on the Bone"},{"floor":13,"key":"Turnip"},{"floor":19,"key":"Red Mask"},{"floor":23,"key":"PreservedInsect"},{"floor":26,"key":"Vajra"}],"event_choices":[{"damage_healed":0,"gold_gain":0,"player_choice":"Bought 0 Potions","damage_taken":0,"max_hp_gain":0,"max_hp_loss":0,"event_name":"The Woman in Blue","floor":4,"gold_loss":0},{"damage_healed":0,"gold_gain":0,"player_choice":"Ignored","damage_taken":0,"max_hp_gain":0,"max_hp_loss":0,"event_name":"Golden Idol","floor":14,"gold_loss":0},{"damage_healed":0,"gold_gain":0,"player_choice":"Fought Bandits","damage_taken":0,"max_hp_gain":0,"max_hp_loss":0,"event_name":"Masked Bandits","floor":19,"gold_loss":0},{"cards_removed":["Strike_P"],"damage_healed":0,"gold_gain":0,"player_choice":"Offered Basic","damage_taken":0,"max_hp_gain":0,"max_hp_loss":0,"event_name":"Bonfire Elementals","floor":21,"gold_loss":0}],"is_beta":false,"boss_relics":[{"not_picked":["SacredBark","VioletLotus"],"picked":"Philosopher\u0027s Stone"}],"items_purged_floors":[3,22],"is_endless":false,"potions_floor_spawned":[1,6,7,12,16,19,20],"killed_by":"Gremlin Leader","ascension_level":0}}