{"host":"5x08nt64u3vxxcfi","time":1609996367,"event":{"mods":["BaseMod","Minty Spire (QoL Compilation)","StSLib","SuperFastMode"],"gold_per_floor":[15,15,15,15,38,81,81,112,112,112,112,125,6,22,22,22,22],"floor_reached":16,"playtime":394,"items_purged":[],"score":166,"play_id":"410f054a-be29-4285-9569-c29b1c1eb97e","local_time":"20210107141247","is_ascension_mode":true,"campfire_choices":[{"data":"Barrage","floor":7,"key":"SMITH"},{"data":"White Noise","floor":11,"key":"SMITH"},{"data":"Gash","floor":15,"key":"SMITH"}],"circlet_count":0,"master_deck":["Strike_B","Strike_B","Defend_B+1","Defend_B+1","Zap","Dualcast","BootSequence","Conserve Battery","Compile Driver","Undo","Barrage+1","White Noise+1","Genetic Algorithm","Gash+1","Reboot","Stack"],"relics":["Cracked Core","Golden Idol","Thread and Needle","Eternal Feather","Matryoshka"],"acts_visited":["Exordium"],"potions_floor_usage":[16,16],"damage_taken":[{"damage":0,"enemies":"Jaw Worm","floor":1,"turns":3},{"damage":0,"enemies":"2 Louse","floor":5,"turns":2},{"damage":23,"enemies":"Gremlin Nob","floor":6,"turns":5},{"damage":0,"enemies":"Lagavulin","floor":8,"turns":5},{"damage":0,"enemies":"Cultist","floor":12,"turns":3},{"damage":0,"enemies":"3 Louse","floor":14,"turns":3},{"damage":32,"enemies":"Slime Boss","floor":16,"turns":12}],"seed_played":"-641032308063351263","potions_obtained":[{"floor":1,"key":"BlessingOfTheForge"},{"floor":8,"key":"SkillPotion"},{"floor":12,"key":"Dexterity Potion"}],"is_trial":false,"path_per_floor":["M","?","?","?","M","E","R","E","T","?","R","M","$","M","R","B"],"character_chosen":"DEFECT","items_purchased":["Gash","Reboot"],"campfire_rested":0,"item_purchase_floors":[13,13],"current_hp_per_floor":[75,57,42,42,42,19,19,19,19,12,18,18,18,18,27,0,0],"gold":22,"neow_bonus":"TRANSFORM_TWO_CARDS","is_daily":false,"chose_seed":false,"campfire_upgraded":3,"win_rate":0.0,"timestamp":1609996367,"path_taken":["M","?","?","?","?","E","R","E","T","?","R","M","?","?","R","BOSS"],"items_purchased_type":["Card","Card"],"build_version":"2020-12-22","purchased_purges":0,"victory":false,"max_hp_per_floor":[75,75,75,75,75,75,75,75,75,75,75,75,75,75,75,75,75],"card_choices":[{"not_picked":["Auto Shields","Ball Lightning"],"picked":"Compile Driver","floor":1},{"not_picked":["Turbo","Ball Lightning"],"picked":"Undo","floor":5},{"not_picked":["Capacitor","Meteor Strike"],"picked":"Barrage","floor":6},{"not_picked":["Hologram","Barrage"],"picked":"White Noise","floor":8},{"not_picked":["Rebound","Steam Power"],"picked":"Genetic Algorithm","floor":12},{"not_picked":["Chaos","Cold Snap"],"picked":"Stack","floor":14}],"player_experience":60608,"relics_obtained":[{"floor":6,"key":"Thread and Needle"},{"floor":8,"key":"Eternal Feather"},{"floor":9,"key":"Matryoshka"}],"event_choices":[{"damage_healed":0,"gold_gain":0,"player_choice":"Take Damage","damage_taken":18,"relics_obtained":["Golden Idol"],"max_hp_gain":0,"max_hp_loss":0,"event_name":"Golden Idol","floor":2,"gold_loss":0},{"damage_healed":0,"gold_gain":0,"player_choice":"Entered Light","damage_taken":15,"max_hp_gain":0,"max_hp_loss":0,"event_name":"Shining Light","floor":3,"gold_loss":0,"cards_upgraded":["Defend_B","Defend_B"]},{"cards_removed":["Defend_B"],"damage_healed":0,"gold_gain":0,"player_choice":"Offered Basic","damage_taken":0,"max_hp_gain":0,"max_hp_loss":0,"event_name":"Bonfire Elementals","floor":4,"gold_loss":0},{"cards_removed":["Defend_B"],"damage_healed":0,"gold_gain":0,"player_choice":"Card Removal","damage_taken":7,"max_hp_gain":0,"max_hp_loss":0,"event_name":"Golden Wing","floor":10,"gold_loss":0}],"is_beta":false,"boss_relics":[],"items_purged_floors":[],"is_endless":false,"potions_floor_spawned":[1,8,12,14],"killed_by":"Slime Boss","ascension_level":5}}