{"host":"b7j598ve05halrwk","time":1609989962,"event":{"mods":["2.2 Compatiblity","BaseMod","Block Reminder","DeckTracker","Minty Spire (QoL Compilation)","Relic Stats","Slay the Relics Exporter","StSLib","ojb\u0027s Better Paths Mod","ojb\u0027s Info Mod"],"gold_per_floor":[117,130,204,6,6,42,42,85,135,158,176,191,214,255,255,348,348,324,365,378,378,57,57,76,92,92,92,92,117,17,17,17,112,112,137,137,156,174,174,214,232,256,282,157,171,215,215,259,259,259,259,259],"floor_reached":51,"playtime":4677,"items_purged":["Strike_B","Decay","Regret"],"score":1743,"play_id":"42ecd54a-b76d-446b-91db-7afccfb05f57","local_time":"20210106222602","is_ascension_mode":true,"campfire_choices":[{"data":"Apotheosis","floor":7.0,"key":"SMITH"},{"data":"Echo Form","floor":15.0,"key":"SMITH"},{"floor":23.0,"key":"REST"},{"data":"Seek","floor":27.0,"key":"SMITH"},{"data":"Hologram","floor":32.0,"key":"SMITH"},{"floor":49,"key":"RECALL"}],"circlet_count":0,"master_deck":["AscendersBane","Strike_B","Defend_B","Defend_B","Defend_B","Defend_B","Zap","Dualcast","Streamline","Hologram","Apotheosis+1","Hologram+1","Darkness","White Noise","Coolheaded","Steam","Echo Form+1","Seek+1","Defragment","Steam","Undo","FTL","Turbo","Chaos+1","Core Surge","Redo","Biased Cognition","Compile Driver+1","Buffer","Scrape+1","Undo","Defragment+1","Self Repair","Echo Form","White Noise+1"],"relics":["Cracked Core","NeowsBlessing","Golden Idol","Nunchaku","Mercury Hourglass","Anchor","WingedGreaves","Cursed Key","Red Mask","PreservedInsect","Emotion Chip","Snecko Eye","HornCleat","Peace Pipe","Regal Pillow"],"acts_visited":["Exordium","TheCity","TheBeyond"],"potions_floor_usage":[51,51],"damage_taken":[{"damage":0.0,"enemies":"Cultist","floor":1.0,"turns":1.0},{"damage":0.0,"enemies":"2 Louse","floor":2.0,"turns":1.0},{"damage":0.0,"enemies":"3 Sentries","floor":6.0,"turns":1.0},{"damage":41.0,"enemies":"Gremlin Nob","floor":8.0,"turns":5.0},{"damage":0.0,"enemies":"Jaw Worm","floor":10.0,"turns":3.0},{"damage":0.0,"enemies":"Looter","floor":11.0,"turns":2.0},{"damage":0.0,"enemies":"Blue Slaver","floor":12.0,"turns":3.0},{"damage":0.0,"enemies":"Lots of Slimes","floor":13.0,"turns":3.0},{"damage":0.0,"enemies":"3 Sentries","floor":14.0,"turns":4.0},{"damage":22.0,"enemies":"Slime Boss","floor":16.0,"turns":9.0},{"damage":10.0,"enemies":"2 Thieves","floor":18.0,"turns":4.0},{"damage":19.0,"enemies":"Masked Bandits","floor":19.0,"turns":4.0},{"damage":0.0,"enemies":"Shell Parasite","floor":20.0,"turns":4.0},{"damage":7.0,"enemies":"Snake Plant","floor":24.0,"turns":5.0},{"damage":6.0,"enemies":"Shelled Parasite and Fungi","floor":25.0,"turns":3.0},{"damage":2.0,"enemies":"Centurion and Healer","floor":29.0,"turns":6.0},{"damage":9.0,"enemies":"Champ","floor":33.0,"turns":19.0},{"damage":0.0,"enemies":"Orb Walker","floor":35.0,"turns":3.0},{"damage":0.0,"enemies":"3 Shapes","floor":37.0,"turns":3.0},{"damage":27.0,"enemies":"3 Darklings","floor":38.0,"turns":4.0},{"damage":0.0,"enemies":"Giant Head","floor":40.0,"turns":7.0},{"damage":0.0,"enemies":"Spire Growth","floor":41.0,"turns":5.0},{"damage":14.0,"enemies":"Maw","floor":42.0,"turns":7.0},{"damage":1.0,"enemies":"Transient","floor":45.0,"turns":6.0},{"damage":0.0,"enemies":"Reptomancer","floor":46.0,"turns":5.0},{"damage":0.0,"enemies":"Giant Head","floor":48.0,"turns":10.0},{"damage":38,"enemies":"Time Eater","floor":50,"turns":15},{"damage":29,"enemies":"Awakened One","floor":51,"turns":4}],"seed_played":"8198825323975066897","potions_obtained":[{"floor":6.0,"key":"Ancient Potion"},{"floor":10.0,"key":"BlessingOfTheForge"},{"floor":12.0,"key":"SkillPotion"},{"floor":13.0,"key":"PowerPotion"},{"floor":16.0,"key":"SpeedPotion"},{"floor":18.0,"key":"Fire Potion"},{"floor":24.0,"key":"Energy Potion"},{"floor":33.0,"key":"FearPotion"},{"floor":35.0,"key":"Regen Potion"},{"floor":40.0,"key":"BlessingOfTheForge"},{"floor":46.0,"key":"FocusPotion"},{"floor":48,"key":"PowerPotion"}],"is_trial":false,"path_per_floor":["M","M","?","$","?","E","R","E","T","M","M","M","M","E","R","B",null,"M","?","M","?","$","R","M","M","T","R","$","M","$","?","R","B",null,"M","?","M","M","?","E","M","M","T","$","M","E","?","E","R","B","B"],"character_chosen":"DEFECT","items_purchased":["Apotheosis","PreservedInsect","FTL"],"campfire_rested":1,"item_purchase_floors":[4,22,22],"current_hp_per_floor":[64,64,64,64,64,64,64,23,23,23,23,23,23,23,23,1,48,38,19,19,13,13,32,25,19,19,19,19,17,17,17,17,8,50,50,50,59,32,32,32,32,18,18,18,17,24,24,44,44,20,0,0],"gold":259,"neow_bonus":"THREE_ENEMY_KILL","is_daily":false,"chose_seed":false,"campfire_upgraded":4,"win_rate":0.0,"timestamp":1609989962,"path_taken":["M","M","?","$","?","E","R","E","T","M","M","M","?","E","R","BOSS","M","?","M","?","$","R","?","M","T","R","$","M","$","?","R","BOSS","M","?","M","M","?","E","M","M","T","?","M","E","?","E","R","BOSS","BOSS"],"items_purchased_type":["Card","Relic","Card"],"build_version":"2020-12-22","purchased_purges":3,"victory":false,"max_hp_per_floor":[71,71,71,71,64,64,64,64,64,64,64,64,64,64,64,64,64,64,64,64,64,64,64,64,64,64,64,64,64,64,64,64,64,64,64,64,64,64,64,64,64,64,64,64,64,64,64,64,64,64,64,64],"relic_stats":{"Peace Pipe":0,"Nunchaku":[14],"Emotion Chip":[30,9,10,8,3],"Regal Pillow":0,"counters":[28,146],"Golden Idol":183,"Snecko Eye":[123,139,137,132],"PreservedInsect":319,"Cursed Key":2,"obtain_stats":[{"Regal Pillow":48,"NeowsBlessing":0,"Golden Idol":5,"PreservedInsect":22,"Cursed Key":17,"Mercury Hourglass":8,"Peace Pipe":46,"Nunchaku":6,"Anchor":9,"Emotion Chip":26,"HornCleat":40,"Snecko Eye":34,"WingedGreaves":14,"Red Mask":19,"Cracked Core":0},{"Regal Pillow":26,"NeowsBlessing":0,"Golden Idol":2,"PreservedInsect":13,"Cursed Key":10,"Mercury Hourglass":4,"Peace Pipe":25,"Nunchaku":3,"Anchor":4,"Emotion Chip":15,"HornCleat":21,"Snecko Eye":17,"WingedGreaves":9,"Red Mask":12,"Cracked Core":0},{"Regal Pillow":127,"NeowsBlessing":0,"Golden Idol":2,"PreservedInsect":44,"Cursed Key":32,"Mercury Hourglass":8,"Peace Pipe":117,"Nunchaku":3,"Anchor":8,"Emotion Chip":52,"HornCleat":94,"Snecko Eye":77,"WingedGreaves":23,"Red Mask":40,"Cracked Core":0}],"Mercury Hourglass":[475]},"card_choices":[{"not_picked":["Gash","Rebound"],"picked":"Streamline","floor":1.0},{"not_picked":["Redo","Conserve Battery"],"picked":"Hologram","floor":2.0},{"not_picked":["Rebound","Fusion"],"picked":"Hologram","floor":6.0},{"not_picked":["Double Energy","Barrage"],"picked":"Darkness","floor":8.0},{"not_picked":["Turbo","Sweeping Beam"],"picked":"White Noise","floor":10.0},{"not_picked":["Force Field","Thunder Strike"],"picked":"Coolheaded","floor":11.0},{"not_picked":["Gash","Streamline"],"picked":"Steam","floor":12.0},{"not_picked":["Gash","Hello World"],"picked":"Echo Form","floor":13.0},{"not_picked":["Chaos","Force Field","Steam Power"],"picked":"SKIP","floor":14.0},{"not_picked":["Rainbow","All For One"],"picked":"Seek","floor":16.0},{"not_picked":["Redo+1","Cold Snap"],"picked":"Defragment","floor":18.0},{"not_picked":["Ball Lightning","Compile Driver+1"],"picked":"Steam","floor":19.0},{"not_picked":["Hologram","Beam Cell"],"picked":"Undo","floor":20.0},{"not_picked":["Leap","Hologram"],"picked":"Turbo","floor":24.0},{"not_picked":["Tempest","Loop"],"picked":"Chaos+1","floor":25.0},{"not_picked":["Loop","Redo"],"picked":"Core Surge","floor":29.0},{"not_picked":["Reboot","Creative AI"],"picked":"Biased Cognition","floor":33.0},{"not_picked":["Redo","Cold Snap"],"picked":"Compile Driver+1","floor":35.0},{"not_picked":["Melter+1","Rebound+1","FTL"],"picked":"SKIP","floor":37.0},{"not_picked":["Leap+1","Compile Driver+1"],"picked":"Buffer","floor":38.0},{"not_picked":["Aggregate","Chill"],"picked":"Scrape+1","floor":40.0},{"not_picked":["Compile Driver+1","Hologram"],"picked":"Undo","floor":41.0},{"not_picked":["Sweeping Beam","Rip and Tear"],"picked":"Defragment+1","floor":42.0},{"not_picked":["Redo","Steam"],"picked":"Self Repair","floor":45.0},{"not_picked":["BootSequence","Cold Snap+1"],"picked":"Echo Form","floor":46.0},{"not_picked":["Redo","Go for the Eyes"],"picked":"White Noise+1","floor":48}],"player_experience":841387,"relics_obtained":[{"floor":6.0,"key":"Nunchaku"},{"floor":8.0,"key":"Mercury Hourglass"},{"floor":9.0,"key":"Anchor"},{"floor":14.0,"key":"WingedGreaves"},{"floor":19.0,"key":"Red Mask"},{"floor":26.0,"key":"Emotion Chip"},{"floor":40.0,"key":"HornCleat"},{"floor":46.0,"key":"Peace Pipe"},{"floor":48,"key":"Regal Pillow"}],"event_choices":[{"damage_healed":0.0,"max_hp_gain":0.0,"max_hp_loss":0.0,"gold_gain":74.0,"event_name":"Golden Wing","player_choice":"Gained Gold","floor":3.0,"gold_loss":0.0,"damage_taken":0.0},{"damage_healed":0.0,"max_hp_gain":0.0,"max_hp_loss":7.0,"gold_gain":0.0,"event_name":"Golden Idol","player_choice":"Lose Max HP","floor":5.0,"gold_loss":0.0,"damage_taken":0.0,"relics_obtained":["Golden Idol"]},{"damage_healed":0.0,"max_hp_gain":0.0,"max_hp_loss":0.0,"gold_gain":0.0,"event_name":"Masked Bandits","player_choice":"Fought Bandits","floor":19.0,"gold_loss":0.0,"damage_taken":0.0},{"damage_healed":0.0,"max_hp_gain":0.0,"max_hp_loss":0.0,"gold_gain":0.0,"event_name":"Knowing Skull","player_choice":"","floor":21.0,"potions_obtained":[],"gold_loss":0.0,"damage_taken":6.0,"cards_obtained":[]},{"damage_healed":0.0,"max_hp_gain":0.0,"max_hp_loss":0.0,"gold_gain":0.0,"cards_transformed":["Strike_B","Strike_B"],"event_name":"Drug Dealer","player_choice":"Became Test Subject","floor":31.0,"gold_loss":0.0,"damage_taken":0.0,"cards_obtained":["Blizzard","Redo"]},{"damage_healed":0.0,"max_hp_gain":0.0,"max_hp_loss":0.0,"gold_gain":0.0,"event_name":"SensoryStone","player_choice":"Memory 1","floor":36.0,"gold_loss":0.0,"damage_taken":0.0},{"damage_healed":0.0,"max_hp_gain":0.0,"max_hp_loss":0.0,"gold_gain":0.0,"event_name":"Mysterious Sphere","player_choice":"Ignored","floor":39.0,"gold_loss":0.0,"damage_taken":0.0},{"cards_removed":["Blizzard"],"damage_healed":0.0,"max_hp_gain":0.0,"max_hp_loss":0.0,"gold_gain":0.0,"event_name":"Falling","player_choice":"Removed Attack","floor":47.0,"gold_loss":0.0,"damage_taken":0.0}],"is_beta":false,"boss_relics":[{"not_picked":["SlaversCollar","Black Star"],"picked":"Cursed Key"},{"not_picked":["Calling Bell","Astrolabe"],"picked":"Snecko Eye"}],"items_purged_floors":[22,30,44],"is_endless":false,"potions_floor_spawned":[6,10,12,13,16,18,24,33,35,40,46,48],"killed_by":"Awakened One","ascension_level":20}}