{"host":"q387i5o1hp66091u","time":1609993989,"event":{"mods":["2.2 Compatiblity","BaseMod","Minty Spire (QoL Compilation)","Rare Cards Sparkle"],"gold_per_floor":[114,129,144,159,159,159,189,204,204,219,234,249,264,279,279,379,379,379,379],"floor_reached":18,"playtime":1011,"items_purged":[],"score":195,"play_id":"0067623c-9657-415a-937f-c393693076d5","local_time":"20210107133309","daily_mods":["Shiny","Red Cards","Night Terrors"],"is_ascension_mode":false,"campfire_choices":[{"data":"Armaments","floor":6.0,"key":"SMITH"},{"data":"DevaForm","floor":15.0,"key":"SMITH"}],"circlet_count":0,"master_deck":["Double Tap","Demon Form","Bludgeon","Feed","Limit Break","Corruption","Barricade","Fiend Fire","Berserk","Impervious","Juggernaut","Brutality","Reaper","Exhume+1","Offering","Immolate","Judgement","ConjureBlade","MasterReality","Brilliance","Devotion","Blasphemy","Ragnarok","LessonLearned","Scrawl","Vault","Alpha+1","Wish","Omniscience","Establishment","SpiritShield","DevaForm+1","DeusExMachina","Armaments+1","Conclude","Evaluate","WaveOfTheHand","Worship","Flame Barrier","Evaluate","Flame Barrier","Infernal Blade","Rampage","Clothesline","LessonLearned"],"relics":["PureWater","MealTicket","Kunai","Philosopher\u0027s Stone"],"acts_visited":["Exordium","TheCity"],"potions_floor_usage":[],"damage_taken":[{"damage":6.0,"enemies":"Small Slimes","floor":1.0,"turns":1.0},{"damage":0.0,"enemies":"Jaw Worm","floor":2.0,"turns":2.0},{"damage":0.0,"enemies":"2 Louse","floor":3.0,"turns":2.0},{"damage":21.0,"enemies":"Exordium Wildlife","floor":4.0,"turns":4.0},{"damage":6.0,"enemies":"Gremlin Nob","floor":7.0,"turns":4.0},{"damage":19.0,"enemies":"3 Louse","floor":8.0,"turns":5.0},{"damage":6.0,"enemies":"Gremlin Gang","floor":10.0,"turns":1.0},{"damage":0.0,"enemies":"Lots of Slimes","floor":11.0,"turns":1.0},{"damage":0.0,"enemies":"2 Fungi Beasts","floor":12.0,"turns":4.0},{"damage":13.0,"enemies":"Red Slaver","floor":13.0,"turns":2.0},{"damage":0.0,"enemies":"Gremlin Gang","floor":14.0,"turns":1.0},{"damage":20.0,"enemies":"Slime Boss","floor":16.0,"turns":6.0},{"damage":0,"enemies":"2 Thieves","floor":18,"turns":1}],"seed_played":"-8136925521176778862","potions_obtained":[{"floor":4.0,"key":"Fruit Juice"},{"floor":7.0,"key":"ColorlessPotion"},{"floor":10.0,"key":"StancePotion"},{"floor":12.0,"key":"Ancient Potion"},{"floor":14.0,"key":"LiquidMemories"}],"is_trial":false,"path_per_floor":["M","M","M","M","?","R","E","M","T","M","M","M","M","M","R","B",null,"M"],"character_chosen":"WATCHER","items_purchased":[],"campfire_rested":0,"item_purchase_floors":[],"current_hp_per_floor":[66,66,66,49,49,49,51,44,44,38,72,77,64,64,64,44,77,77,77],"gold":379,"neow_bonus":"","is_daily":true,"chose_seed":false,"campfire_upgraded":2,"win_rate":0.0,"timestamp":1609993989,"path_taken":["M","M","M","M","?","R","E","M","T","M","M","M","M","M","R","BOSS","M"],"items_purchased_type":[],"build_version":"2020-12-22","purchased_purges":0,"victory":false,"max_hp_per_floor":[72,72,72,72,72,72,72,72,72,72,72,77,77,77,77,77,77,77,77],"card_choices":[{"not_picked":["Headbutt","Clothesline"],"picked":"Armaments","floor":1.0},{"not_picked":["JustLucky","MasterReality"],"picked":"Conclude","floor":2.0},{"not_picked":["EmptyFist","Halt"],"picked":"Evaluate","floor":3.0},{"not_picked":["Crescendo","Sword Boomerang"],"picked":"WaveOfTheHand","floor":4.0},{"not_picked":["Clash","ReachHeaven"],"picked":"Worship","floor":7.0},{"not_picked":["Anger","True Grit"],"picked":"Flame Barrier","floor":8.0},{"not_picked":["Clash","BowlingBash"],"picked":"Evaluate","floor":10.0},{"not_picked":["Rupture","Barricade"],"picked":"Flame Barrier","floor":11.0},{"not_picked":["Body Slam","CrushJoints"],"picked":"Infernal Blade","floor":12.0},{"not_picked":["True Grit","Twin Strike"],"picked":"Rampage","floor":13.0},{"not_picked":["Clash","Thunderclap"],"picked":"Clothesline","floor":14.0},{"not_picked":["Exhume","Offering"],"picked":"LessonLearned","floor":16.0}],"player_experience":577809,"relics_obtained":[{"floor":7.0,"key":"MealTicket"},{"floor":9.0,"key":"Kunai"}],"event_choices":[{"damage_healed":0.0,"max_hp_gain":0.0,"max_hp_loss":0.0,"gold_gain":0.0,"event_name":"Golden Idol","player_choice":"Ignored","floor":5.0,"gold_loss":0.0,"damage_taken":0.0}],"is_beta":false,"boss_relics":[{"not_picked":["Astrolabe","Snecko Eye"],"picked":"Philosopher\u0027s Stone"}],"items_purged_floors":[],"is_endless":false,"potions_floor_spawned":[4,7,10,12,14],"killed_by":"2 Thieves","ascension_level":0}}