{"host":"s1w56g1unzkm3idu","time":1609985026,"event":{"mods":["AchievementEnabler","Astrologer","BaseMod","Better Match","Better Vampires","BetterRewards","Clockwork Mod","Colored Powertips","Defuse TimeMaze Blight","Downfall","Friendly Minions","Hermit","Hubris","Infinite Spire","Kiyohime????","Koishi","Marisa????????","Minty Spire (QoL Compilation)","Prisma Mod","Random Character Button","Rare Cards Sparkle","Remilia??????","Replay The Spire","Shop Mod","Somnambulant","StSLib","SuperFastMode","Td1madao Mod","The Administrix","The Cursed","The Factory","The Hierophant","The Jungle","The Necromancer","The Servant 0.9.4","Unceasing Turn Reminder","slay the spire mod where everything is the same but ironclad has a cowboy hat"],"gold_per_floor":[99,274,274,27,27,27,27,27,27,54,68,68,78,124,144,247,247,247,16,16,33,58,20,20,38,53,80,95,95,110,110,122,217,217,217,245,264,275,275,275,275,301,318,333,350,34,68,68,87,87],"floor_reached":51,"playtime":3410,"items_purged":["Doubt","Regret","Writhe"],"score":1175,"play_id":"5e447853-f91e-4681-96e2-a7c46df1040b","local_time":"20210106200346","is_ascension_mode":false,"campfire_choices":[{"data":"Apotheosis","floor":5.0,"key":"SMITH"},{"data":"champ:CalledShot","floor":9.0,"key":"SMITH"},{"data":"champ:EndlessRage","floor":18.0,"key":"SMITH"},{"data":"hubris:EnhanceAbility","floor":20.0,"key":"SMITH"},{"data":"ReplayTheSpireMod:Echoes of Time","floor":40.0,"key":"SMITH"}],"circlet_count":0,"master_deck":["champ:Defend","champ:Execute","champ:Taunt","champ:FocusedBerserking","champ:BerserkersShout","Apotheosis+1","champ:Devastate","champ:CalledShot+1","champ:Encircle","champ:EndlessRage+1","champ:Backstep","champ:Backstep","champ:Circumvent","champ:MurderStrike","champ:ShieldWall+1","champ:Shatter","CommonCold","hubris:EnhanceAbility+1","champ:Haymaker","champ:Haymaker","champ:EnGarde","champ:HoldFirm","champ:GladiatorsShout","champ:EndlessRage","champ:FanOfKnives","champ:RecklessLeap","champ:EndlessRage","hubris:InfiniteBlow+116352","ReplayTheSpireMod:Splinters","CommonCold","ReplayTheSpireMod:Echoes of Time+1","infinitespire:Execution","champ:IronFortress+1","champ:CrookedStrike","champ:Improvising","Overencumbered","Slimebound:Icky","Languid","champ:IgnorePain","champ:TornadoPunch+1","champ:GladiatorsShout+1","champ:GladiatorsShout+1","champ:TornadoPunch+1","champ:BringItOn+1","champ:BerserkerStyle+1","champ:GladiatorsShout+1","champ:Encircle","Panache","champ:BringItOn+1","champ:IronFortress+1","hubris:Fate","champ:StrikeOfGenius"],"relics":["champ:ChampionCrown","downfall:HeartsMalice","champ:LiftRelic","hubris:PeanutButter","Quantum Egg","hubris:Metronome","Toy Ornithopter","hubris:BlackHole","ReplayTheSpireMod:CursedCoin","infinitespire:Joker Card","Shuriken","Orichalcum","Smiling Mask","Kintsugi","champ:FightingForDummies","Replay:Ancient Bell","Blue Doll","infinitespire:WardingShard","hubris:Zylophone","infinitespire:Beetle Shell","infinitespire:Satchel","Nunchaku","Replay:Wax Seal","Bottled Tornado","ClockworkSouvenir","champ:DefensiveTrainingManual","hubris:FruitBowl","hubris:EvacipatedBox","hubris:KleinBottle","hubris:FunFungus"],"acts_visited":["Exordium","TheCity","TheBeyond"],"potions_floor_usage":[50],"damage_taken":[{"damage":0.0,"enemies":"downfall:FleeingMerchant","floor":4.0,"turns":1.0},{"damage":0.0,"enemies":"Jaw Worm","floor":6.0,"turns":1.0},{"damage":0.0,"enemies":"2 Louse","floor":8.0,"turns":1.0},{"damage":48.0,"enemies":"3 Sentries","floor":10.0,"turns":7.0},{"damage":5.0,"enemies":"Cultist","floor":11.0,"turns":4.0},{"damage":8.0,"enemies":"Lots of Slimes","floor":13.0,"turns":5.0},{"damage":29.0,"enemies":"Exordium Thugs","floor":15.0,"turns":7.0},{"damage":108.0,"enemies":"downfall:Silent","floor":16.0,"turns":10.0},{"damage":13.0,"enemies":"downfall:FleeingMerchant","floor":19.0,"turns":4.0},{"damage":7.0,"enemies":"Shell Parasite","floor":21.0,"turns":3.0},{"damage":45.0,"enemies":"Gremlin Leader","floor":22.0,"turns":5.0},{"damage":3.0,"enemies":"downfall:FleeingMerchant","floor":23.0,"turns":4.0},{"damage":15.0,"enemies":"3 Byrds","floor":25.0,"turns":5.0},{"damage":13.0,"enemies":"Sentry and Sphere","floor":26.0,"turns":4.0},{"damage":15.0,"enemies":"Book of Stabbing","floor":27.0,"turns":4.0},{"damage":19.0,"enemies":"Cultist and Chosen","floor":28.0,"turns":3.0},{"damage":2.0,"enemies":"Shelled Parasite and Fungi","floor":30.0,"turns":3.0},{"damage":0.0,"enemies":"Centurion and Healer","floor":32.0,"turns":3.0},{"damage":0.0,"enemies":"downfall:Watcher","floor":33.0,"turns":1.0},{"damage":13.0,"enemies":"Nightmare","floor":36.0,"turns":4.0},{"damage":0.0,"enemies":"Orb Walker","floor":37.0,"turns":3.0},{"damage":18.0,"enemies":"3 Shapes","floor":38.0,"turns":4.0},{"damage":49.0,"enemies":"Reptomancer","floor":42.0,"turns":4.0},{"damage":38,"enemies":"3 Darklings","floor":43,"turns":4},{"damage":8,"enemies":"Maw","floor":44,"turns":5},{"damage":25,"enemies":"Spire Growth","floor":45,"turns":5},{"damage":9,"enemies":"downfall:FleeingMerchant","floor":46,"turns":3},{"damage":10,"enemies":"Nemesis","floor":47,"turns":3},{"damage":91,"enemies":"Transient","floor":49,"turns":2},{"damage":26,"enemies":"downfall:Ironclad","floor":50,"turns":4}],"seed_played":"-7298153166042999069","potions_obtained":[{"floor":11.0,"key":"Elixir"},{"floor":13.0,"key":"Explosive Potion"},{"floor":15.0,"key":"Swift Potion"},{"floor":21.0,"key":"Explosive Potion"},{"floor":25.0,"key":"LiquidMemories"},{"floor":26.0,"key":"Toxic Potion"},{"floor":28.0,"key":"Strength Potion"},{"floor":32.0,"key":"SkillPotion"},{"floor":33.0,"key":"Flashbang"},{"floor":39.0,"key":"Flashbang"},{"floor":39.0,"key":"FearPotion"},{"floor":42.0,"key":"Elixir"},{"floor":43,"key":"champ:CounterPotion"}],"is_trial":false,"path_per_floor":["R","?","?","$","R","M","T","M","R","E","M","?","M","T","M","B",null,"R","$","R","M","E","$","T","M","M","E","M","AVR","M","?","M","B",null,"R","NM","M","M","?","R","T","E","M","M","M","$","E","$","M","B",null],"character_chosen":"THE_CHAMP","items_purchased":["Apotheosis","champ:Devastate","champ:Shatter","ReplayTheSpireMod:CursedCoin","hubris:EnhanceAbility","champ:Haymaker","champ:GladiatorsShout","Replay:Wax Seal","Bottled Tornado","ClockworkSouvenir","Panache","champ:BringItOn+1","hubris:FruitBowl","hubris:EvacipatedBox","hubris:KleinBottle","hubris:FunFungus"],"campfire_rested":0,"item_purchase_floors":[4,4,19,19,19,19,23,46,46,46,46,46,48,48,48,48],"current_hp_per_floor":[90,90,90,90,90,90,90,90,90,78,89,89,90,90,90,62,90,90,90,90,90,86,90,90,90,90,90,90,90,88,88,90,90,90,90,90,90,90,90,90,90,76,68,72,88,90,90,12,63,86],"gold":87,"neow_bonus":"THREE_ENEMY_KILL","is_daily":false,"chose_seed":false,"campfire_upgraded":5,"win_rate":0.0,"timestamp":1609985026,"path_taken":["R","?","?","$","R","M","T","M","R","E","M","?","M","?","M","BOSS","R","$","R","M","E","$","T","M","M","E","M","AVR","M","?","M","BOSS","R","NM","M","M","?","R","T","E","?","M","?","$","E","?","M","BOSS"],"items_purchased_type":["Card","Card","Card","Relic","Card","Card","Card","Relic","Relic","Relic","Card","Card","Relic","Relic","Relic","Relic"],"build_version":"2020-12-22","purchased_purges":3,"victory":true,"max_hp_per_floor":[90,90,90,90,90,90,90,90,90,90,90,90,90,90,90,90,90,90,90,90,90,90,90,90,90,90,90,90,90,90,90,90,90,90,90,90,90,90,90,90,90,90,90,90,90,90,90,90,90,90],"card_choices":[{"not_picked":["champ:CrookedStrike","champ:SkillfulDodge"],"picked":"champ:BerserkersShout","floor":4.0},{"not_picked":["champ:Haymaker","champ:AdrenalArmor"],"picked":"champ:CalledShot","floor":6.0},{"not_picked":["champ:FightOn","champ:Riposte"],"picked":"champ:Encircle","floor":8.0},{"not_picked":["champ:BringItOn","champ:GutPunch"],"picked":"champ:EndlessRage","floor":10.0},{"not_picked":["champ:BerserkersShout","champ:Lariat"],"picked":"champ:Backstep","floor":11.0},{"not_picked":["champ:ViciousMockery","champ:FocusedDefense"],"picked":"champ:Backstep","floor":13.0},{"not_picked":["champ:Haymaker","champ:CrookedStrike"],"picked":"champ:Circumvent","floor":15.0},{"not_picked":["champ:ShieldSlam","champ:PerfectForm"],"picked":"champ:MurderStrike","floor":16.0},{"not_picked":["champ:StanceDance","champ:CrownThrow"],"picked":"champ:ShieldWall+1","floor":19.0},{"not_picked":["champ:FlashCut","champ:Circumvent"],"picked":"champ:Haymaker","floor":21.0},{"not_picked":["champ:Backstep","champ:FlashCut"],"picked":"champ:EnGarde","floor":22.0},{"not_picked":["champ:GladiatorsShout","champ:FaceSlap"],"picked":"champ:HoldFirm","floor":23.0},{"not_picked":["champ:DefensiveStyle+1","champ:FlashCut+1"],"picked":"champ:EndlessRage","floor":25.0},{"not_picked":["champ:FlashCut","champ:GladiatorsShout"],"picked":"champ:FanOfKnives","floor":26.0},{"not_picked":["champ:Circumvent","champ:BladeFlurry"],"picked":"champ:RecklessLeap","floor":27.0},{"not_picked":["champ:BerserkerStyle","champ:PerfectedStrike+1"],"picked":"champ:EndlessRage","floor":28.0},{"not_picked":["champ:HeartStrike","champ:Backstep"],"picked":"champ:IronFortress+1","floor":30.0},{"not_picked":["champ:BerserkersShout+1","champ:PerfectedStrike"],"picked":"champ:CrookedStrike","floor":32.0},{"not_picked":["champ:IgnorePain","champ:SwordThrow"],"picked":"champ:Improvising","floor":33.0},{"not_picked":["sneckomod:Bewildered","hubris:Despair"],"picked":"Overencumbered","floor":34.0},{"not_picked":["Voices","hubris:Lust"],"picked":"Slimebound:Icky","floor":34.0},{"not_picked":["TheCursedMod:Dregs","infinitespire:Pacifist"],"picked":"Languid","floor":34.0},{"not_picked":["champ:RisingSlash","champ:GladiatorsShout"],"picked":"champ:TornadoPunch+1","floor":36.0},{"not_picked":["champ:BladeFlurry","champ:IronFortress"],"picked":"champ:GladiatorsShout+1","floor":37.0},{"not_picked":["champ:PerfectedStrike+1","champ:FocusedDefense"],"picked":"champ:GladiatorsShout+1","floor":38.0},{"not_picked":["champ:FalseCounter+1","champ:RisingSlash+1"],"picked":"champ:TornadoPunch+1","floor":42.0},{"not_picked":["champ:Backstep+1","champ:FalseCounter"],"picked":"champ:BringItOn+1","floor":43},{"not_picked":["champ:TornadoPunch","champ:HoldFirm"],"picked":"champ:BerserkerStyle+1","floor":44},{"not_picked":["champ:StanceDance+1","champ:FlashCut"],"picked":"champ:GladiatorsShout+1","floor":45},{"not_picked":["champ:Haymaker","champ:AdrenalArmor+1"],"picked":"champ:Encircle","floor":46},{"not_picked":["champ:BladeFlurry","champ:Circumvent"],"picked":"champ:IronFortress+1","floor":47},{"not_picked":["infinitespire:Starlight","infinitespire:Gouge"],"picked":"hubris:Fate","floor":48},{"not_picked":["champ:Lariat","champ:BerserkersShout"],"picked":"champ:StrikeOfGenius","floor":49}],"player_experience":1513159,"relics_obtained":[{"floor":7.0,"key":"hubris:PeanutButter"},{"floor":10.0,"key":"Quantum Egg"},{"floor":14.0,"key":"Toy Ornithopter"},{"floor":22.0,"key":"infinitespire:Joker Card"},{"floor":24.0,"key":"Shuriken"},{"floor":27.0,"key":"Orichalcum"},{"floor":36.0,"key":"infinitespire:Beetle Shell"},{"floor":41.0,"key":"infinitespire:Satchel"},{"floor":42.0,"key":"Nunchaku"},{"floor":47,"key":"champ:DefensiveTrainingManual"}],"event_choices":[{"damage_healed":0.0,"max_hp_gain":0.0,"max_hp_loss":0.0,"gold_gain":0.0,"event_name":"Big Fish","player_choice":"Box","floor":12.0,"gold_loss":0.0,"damage_taken":0.0,"relics_obtained":["hubris:Metronome"],"cards_obtained":["Regret"]},{"damage_healed":0.0,"max_hp_gain":0.0,"max_hp_loss":0.0,"gold_gain":0.0,"event_name":"Lab","player_choice":"Got Potions","floor":39.0,"gold_loss":0.0,"damage_taken":0.0}],"is_beta":false,"boss_relics":[{"not_picked":["hubris:HollowSoul","ReplayTheSpireMod:DimensionalGlitch"],"picked":"hubris:BlackHole"},{"not_picked":["Tiny House","Coffee Dripper"],"picked":"Replay:Ancient Bell"},{"not_picked":["Replay:Bandana","Replay:Baseball"],"picked":"Blue Doll"},{"not_picked":["Replay:Bottled Snecko","Replay:Bottled Steam"],"picked":"infinitespire:WardingShard"},{"not_picked":["Lizard Tail","TungstenRod"],"picked":"hubris:Zylophone"}],"items_purged_floors":[19,29,46],"is_endless":false,"potions_floor_spawned":[11,13,15,21,25,26,28,32,33,42,43,44,47],"ascension_level":0}}