{"host":"7tvb1em0d2fx72q7","time":1609998598,"event":{"mods":["BaseMod","Challenge The Spire","Minty Spire (QoL Compilation)","StSLib","everything is the same but u backflip on backflip"],"gold_per_floor":[110,121,33,44,57,57,84,9,9,9,40,40,40,78,78,173,173,197,197,35,59,33,71,71,71],"floor_reached":24,"playtime":2248,"items_purged":[],"score":460,"play_id":"e214c808-1a9a-40c2-b0cd-7596249940ed","local_time":"20210107004958","is_ascension_mode":true,"campfire_choices":[{"data":"Rupture","floor":6,"key":"SMITH"},{"data":"Combust","floor":13,"key":"SMITH"},{"floor":15,"key":"REST"}],"circlet_count":0,"master_deck":["AscendersBane","Strike_R+1","Strike_R","Strike_R","Defend_R","Defend_R","Defend_R","Defend_R","Bash","Clothesline","Metallicize","Perfected Strike+1","Pommel Strike","Combust+1","Rupture+1","Burning Pact","Impervious","Brutality","Reaper","Seeing Red","Brutality","Warcry","True Grit"],"relics":["Burning Blood","Omamori","Mummified Hand","Golden Idol","Bottled Lightning","Nunchaku","SlaversCollar","Shuriken","Whetstone","Pen Nib"],"acts_visited":["Exordium","TheCity"],"potions_floor_usage":[7,11,11,14],"damage_taken":[{"damage":4,"enemies":"Small Slimes","floor":1,"turns":3},{"damage":4,"enemies":"Cultist","floor":2,"turns":4},{"damage":5,"enemies":"Jaw Worm","floor":4,"turns":4},{"damage":4,"enemies":"2 Fungi Beasts","floor":5,"turns":4},{"damage":25,"enemies":"3 Sentries","floor":7,"turns":6},{"damage":28,"enemies":"Lagavulin","floor":11,"turns":7},{"damage":25,"enemies":"Gremlin Nob","floor":14,"turns":5},{"damage":21,"enemies":"Slime Boss","floor":16,"turns":7},{"damage":7,"enemies":"Spheric Guardian","floor":18,"turns":4},{"damage":54,"enemies":"Book of Stabbing","floor":23,"turns":6},{"damage":32,"enemies":"3 Byrds","floor":24,"turns":4}],"seed_played":"2334863644915130668","potions_obtained":[{"floor":2,"key":"DistilledChaos"},{"floor":4,"key":"Swift Potion"},{"floor":7,"key":"BloodPotion"},{"floor":11,"key":"AttackPotion"}],"is_trial":false,"path_per_floor":["M","M","$","M","M","R","E","?","T","?","E","?","R","E","R","B",null,"M","T","$","T","$","E","M"],"character_chosen":"IRONCLAD","items_purchased":["Perfected Strike","Pommel Strike","Brutality","Warcry"],"campfire_rested":1,"item_purchase_floors":[3,3,20,22],"current_hp_per_floor":[77,79,79,80,82,82,63,63,63,35,29,29,29,10,34,19,66,65,65,65,65,65,26,0,0],"gold":71,"neow_bonus":"TEN_PERCENT_HP_BONUS","is_daily":false,"chose_seed":false,"campfire_upgraded":2,"win_rate":0.0,"timestamp":1609998598,"path_taken":["M","M","$","M","M","R","E","?","T","?","E","?","R","E","R","BOSS","M","?","?","?","$","E","M"],"items_purchased_type":["Card","Card","Card","Card"],"build_version":"2020-12-22","purchased_purges":0,"victory":false,"max_hp_per_floor":[82,82,82,82,82,82,82,82,82,82,82,82,82,82,82,82,82,82,82,82,82,82,82,82,82],"card_choices":[{"not_picked":["Shrug It Off","Second Wind"],"picked":"Clothesline","floor":1},{"not_picked":["Flex","Sentinel"],"picked":"Metallicize","floor":2},{"not_picked":["Clothesline","Headbutt"],"picked":"Combust","floor":4},{"not_picked":["Dual Wield","Anger"],"picked":"Rupture","floor":5},{"not_picked":["Headbutt","Armaments"],"picked":"Burning Pact","floor":7},{"not_picked":["Searing Blow","Wild Strike","Sever Soul"],"picked":"SKIP","floor":11},{"not_picked":["Iron Wave","Clothesline"],"picked":"Brutality","floor":14},{"not_picked":["Berserk","Feed"],"picked":"Reaper","floor":16},{"not_picked":["Wild Strike","Cleave"],"picked":"Seeing Red","floor":18},{"not_picked":["Sentinel","Carnage+1"],"picked":"True Grit","floor":23}],"player_experience":1893559,"relics_obtained":[{"floor":7,"key":"Omamori"},{"floor":9,"key":"Mummified Hand"},{"floor":11,"key":"Bottled Lightning"},{"floor":14,"key":"Nunchaku"},{"floor":19,"key":"Shuriken"},{"floor":21,"key":"Whetstone"},{"floor":23,"key":"Pen Nib"}],"event_choices":[{"cards_removed":["Strike_R"],"damage_healed":0,"gold_gain":0,"player_choice":"Card Removal","damage_taken":0,"max_hp_gain":0,"max_hp_loss":0,"event_name":"The Cleric","floor":8,"gold_loss":75},{"damage_healed":0,"gold_gain":0,"player_choice":"Take Damage","damage_taken":28,"relics_obtained":["Golden Idol"],"max_hp_gain":0,"max_hp_loss":0,"event_name":"Golden Idol","floor":10,"gold_loss":0},{"damage_healed":0,"gold_gain":0,"cards_transformed":["Strike_R"],"player_choice":"Transformed","damage_taken":0,"max_hp_gain":0,"max_hp_loss":0,"event_name":"Transmorgrifier","floor":12,"gold_loss":0,"cards_obtained":["Impervious"]}],"is_beta":false,"boss_relics":[{"not_picked":["Pandora\u0027s Box","Runic Pyramid"],"picked":"SlaversCollar"}],"items_purged_floors":[],"is_endless":false,"potions_floor_spawned":[2,4,7,11],"killed_by":"3 Byrds","ascension_level":20}}