{"host":"kdt6w7ix8lwe69i9","time":1609993134,"event":{"mods":["100% Spire Juice","Bartender","BaseMod","ChefMod","Downfall","Fiend Mod","Jorbs\u0027s Wanderer Trilogy","Minty Spire (QoL Compilation)","Reimu（博丽灵梦）","Robot Space Explorer","StSLib","The Caster","The Cursed","The Disciple","The Dragon Tamer","The Druid","The Elementalist","The Forsaken","The Gatherer","The Marked","TheBandit"],"gold_per_floor":[118,133,133,8,8,34,34,34,59,59,67,60,60,60,60,143,143,154,154,3,17,14,0,0],"floor_reached":23,"playtime":5757,"items_purged":[],"score":197,"play_id":"b04ffaf5-2062-44d5-b512-00e42b85f60c","local_time":"20210106231854","is_ascension_mode":false,"campfire_choices":[{"floor":10,"key":"REST"},{"floor":13,"key":"REST"},{"floor":15,"key":"REST"}],"circlet_count":0,"master_deck":["caster:Meteor","caster:DivertFocus","caster:strike","caster:strike","caster:strike","caster:strike","caster:defend","caster:defend","caster:defend","caster:defend","caster:defend","Guardian:Aged","caster:Unearth","caster:Sandstorm","Regret","caster:Charge","caster:JupitelThunder","caster:LightningBolt","Poor:ReiMu","caster:Rectify","caster:Thundara+1","caster:Incantation","caster:MegaloSpark","caster:IzanagisObdurance","caster:FlashSpeed","caster:FrostDriver","caster:LightningBolt"],"relics":["caster:MagicBook","Torii","YidongShenshe:ReiMu","RuthlessExorcism:ReiMu","Mastiff:ReiMu","Bronze Scales","InkBottle","theForsaken:PaleLantern","NlothsMask","theForsaken:Lifeblossom"],"acts_visited":["Exordium","TheCity"],"potions_floor_usage":[6,16,16],"damage_taken":[{"damage":7,"enemies":"Cultist","floor":1,"turns":5},{"damage":7,"enemies":"Jaw Worm","floor":2,"turns":7},{"damage":24,"enemies":"Gremlin Nob","floor":6,"turns":5},{"damage":44,"enemies":"Lagavulin","floor":11,"turns":8},{"damage":3,"enemies":"Small Slimes","floor":12,"turns":3},{"damage":32,"enemies":"Hexaghost","floor":16,"turns":11},{"damage":1,"enemies":"3 Byrds","floor":18,"turns":3},{"damage":23,"enemies":"Shell Parasite","floor":21,"turns":6},{"damage":3,"enemies":"Snake Plant","floor":22,"turns":4},{"damage":72,"enemies":"Book of Stabbing","floor":23,"turns":6}],"seed_played":"-794652365499536927","potions_obtained":[{"floor":2,"key":"champ:CounterPotion"},{"floor":11,"key":"SkillPotion"},{"floor":12,"key":"DistilledChaos"}],"is_trial":false,"path_per_floor":["M","M","?","$","?","E","?","?","T","R","E","M","R","$","R","B",null,"M","?","$","M","M","E"],"character_chosen":"THE_CASTER","items_purchased":["caster:Charge","caster:JupitelThunder","caster:LightningBolt","theForsaken:Lifeblossom"],"campfire_rested":3,"item_purchase_floors":[4,4,4,20],"current_hp_per_floor":[57,51,51,51,51,28,28,28,28,47,6,5,24,24,43,16,64,63,63,63,45,48,0,0],"gold":0,"neow_bonus":"THREE_RARE_CARDS","is_daily":false,"chose_seed":false,"campfire_upgraded":0,"win_rate":0.0,"timestamp":1609993134,"path_taken":["M","?","?","$","?","E","?","?","T","R","E","?","R","$","R","BOSS","M","?","?","?","M","E"],"items_purchased_type":["Card","Card","Card","Relic"],"build_version":"2020-12-22","purchased_purges":0,"victory":false,"max_hp_per_floor":[64,64,64,64,64,64,64,64,64,64,64,64,64,64,64,64,64,64,64,64,64,64,64,64],"card_choices":[{"not_picked":["caster:Explosion","caster:Demi"],"picked":"caster:Ramuh","floor":0},{"not_picked":["caster:Sultry","caster:Enfeeble"],"picked":"caster:Unearth","floor":1},{"not_picked":["caster:QuickCast","caster:DiablosFlame"],"picked":"caster:Sandstorm","floor":2},{"not_picked":["caster:Enfeeble","caster:FrostDriver"],"picked":"caster:Rectify","floor":6},{"not_picked":["caster:Discharge","caster:DiablosFlame"],"picked":"caster:Incantation","floor":11},{"not_picked":["caster:FrostDriver","caster:QuickCast"],"picked":"caster:MegaloSpark","floor":12},{"not_picked":["caster:PhoenixFlare","caster:Inferno"],"picked":"caster:IzanagisObdurance","floor":16},{"not_picked":["caster:FlashFrost","caster:MagicWeapon"],"picked":"caster:FlashSpeed","floor":18},{"not_picked":["caster:Charge+1","caster:Conflagrate"],"picked":"caster:FrostDriver","floor":21},{"not_picked":["caster:FrigidBeam","caster:DiablosFlame"],"picked":"caster:LightningBolt","floor":22}],"player_experience":1696453,"relics_obtained":[{"floor":6,"key":"RuthlessExorcism:ReiMu"},{"floor":9,"key":"Bronze Scales"},{"floor":11,"key":"InkBottle"}],"event_choices":[{"damage_healed":0,"gold_gain":0,"player_choice":"Box","damage_taken":0,"relics_obtained":["Torii"],"max_hp_gain":0,"max_hp_loss":0,"event_name":"Big Fish","floor":3,"gold_loss":0,"cards_obtained":["Regret"]},{"damage_healed":0,"gold_gain":0,"player_choice":"Take Tiny Shrine away","damage_taken":0,"relics_obtained":["YidongShenshe:ReiMu"],"max_hp_gain":0,"max_hp_loss":0,"event_name":"yidonshenshe","floor":5,"gold_loss":0,"cards_obtained":["Poor:ReiMu"]},{"cards_removed":["caster:Ramuh"],"damage_healed":0,"gold_gain":0,"player_choice":"Gave Card","damage_taken":0,"relics_obtained":["Mastiff:ReiMu"],"max_hp_gain":0,"max_hp_loss":0,"event_name":"WeMeetAgain","floor":7,"gold_loss":0},{"damage_healed":0,"gold_gain":0,"player_choice":"Trade","damage_taken":0,"relics_obtained":["NlothsMask"],"max_hp_gain":0,"max_hp_loss":0,"event_name":"FaceTrader","floor":19,"gold_loss":0}],"is_beta":false,"boss_relics":[{"not_picked":["Snecko Eye","Ectoplasm"],"picked":"theForsaken:PaleLantern"}],"items_purged_floors":[],"is_endless":false,"potions_floor_spawned":[2,11,12],"killed_by":"Book of Stabbing","ascension_level":0}}