{"host":"xu0zbcebhy6w9mdv","time":1609983779,"event":{"mods":["AchievementEnabler","Act Like it!","Aspiration","BaseMod","Better Match","Better Third Choice","BetterRewards","Colored Powertips","Downfall","Duelist Mod","Friendly Minions","Gensokyo","Hallownest","Hubris","Infinite Spire","Marisa????????","Minty Spire (QoL Compilation)","Potionbrewer","Quick Restart","READ ME - Guardian Mod","READ ME - Snecko Mod","Rare Cards Sparkle","Replay The Spire","Shop Mod","StSLib","The Animator","The Blackbeard","The Bug Knight","The Cursed","The Hierophant","The Necromancer","The Runesmith","The Servant 0.9.4"],"gold_per_floor":[135,155,169,184,121,153,153,171,221,221,471,486,486,497,497,569,569,579,579,321,338,350,383,408,408,408,419,419,419,388,401,401,401,401,401,401],"floor_reached":35,"playtime":2078,"items_purged":[],"score":796,"play_id":"ab7df7ad-5a38-4fea-ae61-83115d3463ab","local_time":"20210106204259","is_ascension_mode":true,"campfire_choices":[{"floor":7,"key":"REST"},{"floor":10,"key":"REST"},{"data":"theDuelist:Metronome","floor":15,"key":"SMITH"},{"floor":29,"key":"REST"},{"floor":32,"key":"REST"},{"data":"theDuelist:RareBlockMetronome","floor":34,"key":"SMITH"}],"circlet_count":0,"master_deck":["theDuelist:BlockMetronome","theDuelist:AttackMetronome","theDuelist:BlockMetronome","theDuelist:BlockMetronome","theDuelist:Metronome","AscendersBane","theDuelist:BlockMetronome","theDuelist:PowerMetronome","theDuelist:SkillMetronome","theDuelist:Metronome+1","theDuelist:AttackMetronome","theDuelist:AttackMetronome","theDuelist:UncommonAttackMetronome","theDuelist:SkillMetronome","theDuelist:TrapMetronome","theDuelist:PowerMetronome+1","Apotheosis+1","theDuelist:UncommonAttackMetronome","theDuelist:RareBlockMetronome+1"],"relics":["theDuelist:MillenniumPuzzle","theDuelist:CardPoolRelic","theDuelist:CardPoolBasicRelic","theDuelist:BoosterPackPoolRelic","theDuelist:CardPoolAddRelic","theDuelist:CardPoolMinusRelic","theDuelist:CardPoolSaveRelic","theDuelist:CardPoolOptionsRelic","Iron Hammer","infinitespire:BottledMercury","theDuelist:BoosterPackMonsterEgg","Tiny Chest","hubris:Icosahedron","infinitespire:Burning Sword","MutagenicStrength","theDuelist:MetronomeRelicC","Regal Pillow","TungstenRod"],"acts_visited":["Exordium","TheCity"],"potions_floor_usage":[16,16,23,27,35,35],"damage_taken":[{"damage":0,"enemies":"2 Louse","floor":1,"turns":1},{"damage":0,"enemies":"Small Slimes","floor":2,"turns":3},{"damage":0,"enemies":"Jaw Worm","floor":3,"turns":1},{"damage":0,"enemies":"2 Fungi Beasts","floor":4,"turns":2},{"damage":25,"enemies":"Lagavulin","floor":6,"turns":5},{"damage":20,"enemies":"Lots of Slimes","floor":8,"turns":5},{"damage":8,"enemies":"Large Slime","floor":12,"turns":6},{"damage":5,"enemies":"3 Louse","floor":14,"turns":3},{"damage":1,"enemies":"Fading Forest","floor":16,"turns":11},{"damage":0,"enemies":"3 Byrds","floor":18,"turns":4},{"damage":17,"enemies":"Spheric Guardian","floor":21,"turns":4},{"damage":16,"enemies":"Snake Plant","floor":22,"turns":3},{"damage":15,"enemies":"theDuelist:KaibaA2","floor":23,"turns":3},{"damage":10,"enemies":"Shelled Parasite and Fungi","floor":27,"turns":4},{"damage":13,"enemies":"Snecko","floor":30,"turns":8},{"damage":3,"enemies":"Sentry and Sphere","floor":31,"turns":6},{"damage":70,"enemies":"Automaton","floor":35,"turns":8}],"seed_played":"-2311715747399412709","potions_obtained":[{"floor":1,"key":"DuplicationPotion"},{"floor":3,"key":"EssenceOfSteel"},{"floor":18,"key":"Explosive Potion"},{"floor":23,"key":"LiquidBronze"},{"floor":30,"key":"Elixir"}],"is_trial":false,"path_per_floor":["M","M","M","M","$","E","R","M","T","R","?","M","?","M","R","B",null,"M","?","$","M","M","E","T","PTL","PTL","M","T","R","M","M","R","?","R","B"],"character_chosen":"THE_DUELIST","items_purchased":["Iron Hammer","infinitespire:BottledMercury","theDuelist:PowerMetronome+1","Apotheosis","theDuelist:UncommonAttackMetronome"],"campfire_rested":4,"item_purchase_floors":[0,0,5,20,20],"current_hp_per_floor":[56,56,56,56,56,31,52,32,32,53,65,57,57,52,52,75,76,74,74,74,57,41,26,26,26,26,16,16,50,37,34,62,62,62,0,0],"gold":401,"neow_bonus":"","is_daily":false,"chose_seed":false,"campfire_upgraded":2,"win_rate":0.0,"timestamp":1609983779,"path_taken":["M","M","M","M","$","E","R","M","T","R","?","M","?","M","R","BOSS","M","?","$","M","M","E","?","PTL","PTL","M","T","R","M","M","R","?","R","BOSS"],"items_purchased_type":["Relic","Relic","Card","Card","Card"],"build_version":"2020-12-22","purchased_purges":0,"victory":false,"max_hp_per_floor":[70,70,70,70,70,70,70,70,70,70,76,76,76,76,76,76,76,74,74,74,72,70,68,68,68,68,66,66,66,64,62,62,62,62,65,65],"card_choices":[{"not_picked":["theDuelist:WyrmMetronome","theDuelist:StartingDeckMetronome","theDuelist:RareDragonMetronome","theDuelist:LabyrinthNightmareMetronome","theDuelist:GemKnightMetronome"],"picked":"SKIP","floor":1},{"not_picked":["theDuelist:GaiaMidNightSun","theDuelist:FuryFire","theDuelist:Sangan","theDuelist:AttackTheMoon","theDuelist:ClearKuriboh"],"picked":"SKIP","floor":2},{"not_picked":["theDuelist:WormKing","theDuelist:GolemSentry","theDuelist:Blockman","theDuelist:MillenniumShield","theDuelist:YellowBelliedOni"],"picked":"SKIP","floor":3},{"not_picked":["theDuelist:UndeadMetronome","theDuelist:RareSpireMetronome","theDuelist:NaturiaMetronome","theDuelist:LabyrinthNightmareMetronome","theDuelist:DeskbotMetronome"],"picked":"SKIP","floor":4},{"not_picked":["theDuelist:SuperheavyMetronome","theDuelist:RareSkillMetronome","theDuelist:MonsterMetronome","theDuelist:MegatypeMetronome","theDuelist:DeskbotMetronome"],"picked":"SKIP","floor":6},{"not_picked":["theDuelist:WyrmMetronome","theDuelist:UncommonSpireMetronome","theDuelist:PelagicMetronome","theDuelist:GemKnightMetronome","theDuelist:DragonMetronome"],"picked":"SKIP","floor":8},{"not_picked":["theDuelist:UncommonMonsterMetronome","theDuelist:SpiderMetronome","theDuelist:MachineMonsterMetronome","theDuelist:BlockMetronome","theDuelist:ArcaneSpellMetronome"],"picked":"SKIP","floor":12},{"not_picked":["theDuelist:DestroyerGolem+1","theDuelist:GaiaMidNightSun+1","theDuelist:BlackPendant","theDuelist:LabyrinthWall+1","theDuelist:Wiretap"],"picked":"SKIP","floor":14},{"not_picked":["theDuelist:BattleOx+1","theDuelist:Blockman+1","theDuelist:FuryFire","theDuelist:Sangan+1","theDuelist:ForbiddenLance"],"picked":"SKIP","floor":18},{"not_picked":["theDuelist:UncommonSpireMetronome","theDuelist:SpiderMetronome","theDuelist:RecklessMetronome","theDuelist:DeskbotMetronome","theDuelist:CyberMetronome"],"picked":"SKIP","floor":21},{"not_picked":["theDuelist:UncommonMonsterMetronome","theDuelist:RareDragonMetronome","theDuelist:RareAttackMetronome+1","theDuelist:DragonMetronome","theDuelist:BugMetronome"],"picked":"SKIP","floor":22},{"not_picked":["theDuelist:DestroyerGolem+1","theDuelist:EvilswarmHeliotrope+1","theDuelist:AttackTheMoon","theDuelist:Raigeki","theDuelist:Sangan+1"],"picked":"SKIP","floor":23},{"not_picked":["theDuelist:BattleOx+1","theDuelist:GaiaMidNightSun+1","theDuelist:MillenniumGolem+1","theDuelist:AttackTheMoon+1","theDuelist:Blockman+1"],"picked":"SKIP","floor":27},{"not_picked":["theDuelist:DestroyerGolem+1","theDuelist:EarthquakeGiant+1","theDuelist:EarthGiant+1","theDuelist:GemArmadillo+1","theDuelist:AttackTheMoon"],"picked":"SKIP","floor":30},{"not_picked":["theDuelist:UncommonAttackMetronome","theDuelist:RareAttackMetronome","theDuelist:OverflowMetronome","theDuelist:CombatMetronome"],"picked":"theDuelist:RareBlockMetronome","floor":31}],"player_experience":578228,"relics_obtained":[{"floor":6,"key":"theDuelist:BoosterPackMonsterEgg"},{"floor":9,"key":"Tiny Chest"},{"floor":23,"key":"theDuelist:MetronomeRelicC"},{"floor":24,"key":"Regal Pillow"},{"floor":28,"key":"TungstenRod"}],"event_choices":[{"total_magic_score":51,"gold_gain":250,"greed_reward":1,"duelist":true,"damage_taken":0,"relics_obtained":[],"points":5,"max_hp_gain":12,"max_hp_loss":6,"spent_points":{"magic":0,"greed":1,"war":0,"power":0,"hunger":4},"event_name":"Nameless Tomb","hunger_reward":4,"floor":11,"gold_loss":0,"cards_obtained":[]},{"damage_healed":0,"gold_gain":0,"player_choice":"Inject Mutagens","damage_taken":0,"relics_obtained":["MutagenicStrength"],"max_hp_gain":0,"max_hp_loss":0,"event_name":"Drug Dealer","floor":19,"gold_loss":0},{"damage_healed":0,"gold_gain":0,"player_choice":"Forge","damage_taken":0,"max_hp_gain":0,"max_hp_loss":0,"event_name":"Accursed Blacksmith","floor":33,"gold_loss":0,"cards_upgraded":["Apotheosis"]}],"is_beta":false,"boss_relics":[{"not_picked":["hubris:CrackedHourglass","theDuelist:ElectricKey"],"picked":"infinitespire:Burning Sword"}],"items_purged_floors":[],"is_endless":false,"potions_floor_spawned":[1,3,12,16,18,23,30],"killed_by":"Automaton","ascension_level":18}}