{"host":"98ajcw3do3zsggh8","time":1609981768,"event":{"mods":["BaseMod","Minty Spire (QoL Compilation)","Replay The Spire","StSLib","The Marked"],"gold_per_floor":[119,119,135,135,135,174,174,190,216,235,235,317,44,77,77,77,77],"floor_reached":16,"playtime":418,"items_purged":["Bash"],"score":153,"play_id":"5ba44bdf-cef1-4f8e-a2c0-ea7f5edc2e2e","local_time":"20210107020928","is_ascension_mode":true,"campfire_choices":[],"circlet_count":0,"master_deck":["Strike_R","Strike_R","Strike_R","Strike_R","Defend_R","Defend_R","Defend_R","Infernal Blade","Armaments","Feed+1","Thunderclap","Reaper+1","Spot Weakness"],"relics":["Burning Blood","NeowsBlessing","Golden Idol","Tiny Chest","Bag of Preparation","ReplayFunnel","HornCleat","Kunai","Juzu Bracelet"],"acts_visited":["Exordium"],"potions_floor_usage":[16],"damage_taken":[{"damage":0,"enemies":"2 Louse","floor":1,"turns":1},{"damage":0,"enemies":"Small Slimes","floor":3,"turns":1},{"damage":0,"enemies":"3 Sentries","floor":6,"turns":2},{"damage":11,"enemies":"Cultist","floor":8,"turns":5},{"damage":6,"enemies":"Exordium Wildlife","floor":10,"turns":3},{"damage":28,"enemies":"Lagavulin","floor":14,"turns":6},{"damage":87,"enemies":"Hexaghost","floor":16,"turns":11}],"seed_played":"-4789610923320529679","potions_obtained":[{"floor":1,"key":"Block Potion"},{"floor":6,"key":"BlessingOfTheForge"}],"is_trial":false,"path_per_floor":["M","?","M","?","?","E","?","M","T","M","T","T","$","E","R","B"],"character_chosen":"IRONCLAD","items_purchased":["Reaper+1","Spot Weakness"],"campfire_rested":0,"item_purchase_floors":[13,13],"current_hp_per_floor":[80,74,74,74,74,78,78,77,77,81,81,81,81,59,86,0,0],"gold":77,"neow_bonus":"THREE_ENEMY_KILL","is_daily":false,"chose_seed":false,"campfire_upgraded":0,"win_rate":0.0,"timestamp":1609981768,"path_taken":["M","?","M","?","?","E","?","?","T","M","?","?","?","E","R","BOSS"],"items_purchased_type":["Card","Card"],"build_version":"2020-12-22","purchased_purges":1,"victory":false,"max_hp_per_floor":[80,74,74,74,74,78,78,82,82,86,86,86,86,86,86,86,86],"card_choices":[{"not_picked":["Flame Barrier","Body Slam"],"picked":"Infernal Blade","floor":1},{"not_picked":["True Grit","Replay:Undeath\u0027s Touch"],"picked":"Armaments","floor":3},{"not_picked":["Replay:Undeath\u0027s Touch","Wild Strike"],"picked":"Thunderclap","floor":6},{"not_picked":["Thunderclap","Combust","Blood for Blood"],"picked":"SKIP","floor":8},{"not_picked":["Warcry","Dark Embrace"],"picked":"ReplayTheSpireMod:Limb From Limb","floor":10},{"not_picked":["Shockwave","Clothesline","ReplayTheSpireMod:Muscle Training"],"picked":"SKIP","floor":14}],"player_experience":320322,"relics_obtained":[{"floor":6,"key":"Tiny Chest"},{"floor":9,"key":"ReplayFunnel"},{"floor":11,"key":"HornCleat"},{"floor":12,"key":"Kunai"},{"floor":14,"key":"Juzu Bracelet"}],"event_choices":[{"damage_healed":0,"gold_gain":0,"player_choice":"Lose Max HP","damage_taken":0,"relics_obtained":["Golden Idol"],"max_hp_gain":0,"max_hp_loss":6,"event_name":"Golden Idol","floor":2,"gold_loss":0},{"damage_healed":0,"gold_gain":0,"player_choice":"Gave Potion","damage_taken":0,"relics_obtained":["Bag of Preparation"],"max_hp_gain":0,"max_hp_loss":0,"event_name":"WeMeetAgain","floor":7,"gold_loss":0},{"cards_removed":["ReplayTheSpireMod:Limb From Limb"],"damage_healed":27,"gold_gain":0,"player_choice":"Offered Uncommon","damage_taken":0,"max_hp_gain":0,"max_hp_loss":0,"event_name":"Bonfire Elementals","floor":15,"gold_loss":0}],"is_beta":false,"boss_relics":[],"items_purged_floors":[13],"is_endless":false,"potions_floor_spawned":[1,6],"killed_by":"Hexaghost","ascension_level":3}}