{"host":"obplhmlw33xb91v8","time":1609982198,"event":{"mods":["BaseMod","Block Reminder","Curses Come First","Evolution","Minty Spire (QoL Compilation)","Quick Restart","Relic Stats","Replay The Spire","Spicy Shops","StSLib","Uncapped","Waifu the Spire","slay the spire mod where everything is the same but ironclad has a cowboy hat"],"gold_per_floor":[109,159,159,176,192,192,284,284,338,407,454,519,544,35,35,45,45],"floor_reached":16,"playtime":757,"items_purged":[],"score":135,"play_id":"8fa7b5fd-5312-487c-8ee6-e9ab323d1bbc","local_time":"20210106201638","is_ascension_mode":false,"campfire_choices":[{"data":"CutThroughFate","floor":6,"key":"SMITH"},{"data":"Crescendo","floor":8,"key":"SMITH"},{"floor":15,"key":"REST"}],"circlet_count":0,"master_deck":["Strike_P","Strike_P","Strike_P","Strike_P","Defend_P","Defend_P","Defend_P","Defend_P","Eruption","Vigilance","FollowUp","Normality","CutThroughFate+1","CrushJoints","Shame","Crescendo+1","ClearTheMind","Pain","CrushJoints","DeusExMachina","WindmillStrike"],"relics":["PureWater","EVO:Axolotl","NeowsBlessing","Ring of Greed","Replay:Bandana","MealTicket","ReplayTheSpireMod:Ring of Challenge","Orichalcum","Quantum Egg","Boot","Juzu Bracelet","Blue Doll","Calipers","Damaru"],"acts_visited":["Exordium"],"potions_floor_usage":[11,16],"damage_taken":[{"damage":0,"enemies":"2 Louse","floor":1,"turns":1},{"damage":0,"enemies":"Jaw Worm","floor":4,"turns":1},{"damage":0,"enemies":"Cultist","floor":5,"turns":1},{"damage":13,"enemies":"Replay:BlueRogue","floor":7,"turns":3},{"damage":7,"enemies":"2 Fungi Beasts","floor":10,"turns":4},{"damage":0,"enemies":"Gremlin Nob","floor":11,"turns":2},{"damage":29,"enemies":"3 Louse","floor":12,"turns":5},{"damage":48,"enemies":"The Guardian","floor":16,"turns":7}],"seed_played":"-5090607041688164151","potions_obtained":[{"floor":10,"key":"Adrenaline Potion"},{"floor":11,"key":"PowerPotion"},{"floor":12,"key":"Fire Potion"}],"is_trial":false,"path_per_floor":["M","?","?","M","M","R","E","R","T","M","E","M","T","$","R","B"],"character_chosen":"WATCHER","items_purchased":["Calipers","Damaru","WindmillStrike"],"campfire_rested":1,"item_purchase_floors":[14,14,14],"current_hp_per_floor":[72,72,60,60,60,60,47,47,47,40,40,11,11,26,47,0,0],"gold":45,"neow_bonus":"THREE_ENEMY_KILL","is_daily":false,"chose_seed":false,"campfire_upgraded":2,"win_rate":0.0,"timestamp":1609982198,"path_taken":["M","?","?","M","?","R","E","R","T","M","E","M","?","$","R","BOSS"],"items_purchased_type":["Relic","Relic","Card"],"build_version":"2020-12-22","purchased_purges":0,"victory":false,"max_hp_per_floor":[72,72,72,72,72,72,72,72,72,72,72,72,72,72,72,72,72],"relic_stats":{"counters":[8,24],"MealTicket":15,"Juzu Bracelet":0,"Orichalcum":[54],"Boot":[10],"obtain_stats":[{"Calipers":14,"NeowsBlessing":0,"Quantum Egg":7,"Damaru":14,"Blue Doll":13,"Juzu Bracelet":11,"EVO:Axolotl":0,"Ring of Greed":2,"Orichalcum":3,"Boot":9,"Replay:Bandana":2,"MealTicket":2,"PureWater":0,"ReplayTheSpireMod:Ring of Challenge":2},{"Calipers":7,"NeowsBlessing":0,"Quantum Egg":4,"Damaru":7,"Blue Doll":7,"Juzu Bracelet":6,"EVO:Axolotl":0,"Ring of Greed":1,"Orichalcum":1,"Boot":4,"Replay:Bandana":1,"MealTicket":1,"PureWater":0,"ReplayTheSpireMod:Ring of Challenge":1},{"Calipers":17,"NeowsBlessing":0,"Quantum Egg":6,"Damaru":17,"Blue Doll":17,"Juzu Bracelet":12,"EVO:Axolotl":0,"Ring of Greed":1,"Orichalcum":1,"Boot":6,"Replay:Bandana":1,"MealTicket":1,"PureWater":0,"ReplayTheSpireMod:Ring of Challenge":1}]},"card_choices":[{"not_picked":["Evaluate","Replay:AtTheReady"],"picked":"FollowUp","floor":1},{"not_picked":["Replay:BluntJabs","Swivel"],"picked":"CutThroughFate","floor":4},{"not_picked":["CutThroughFate","FlyingSleeves"],"picked":"CrushJoints","floor":5},{"not_picked":["Perseverance","BowlingBash"],"picked":"Crescendo","floor":7},{"not_picked":["Crescendo","JustLucky"],"picked":"ClearTheMind","floor":10},{"not_picked":["Meditate","Crescendo"],"picked":"CrushJoints","floor":11},{"not_picked":["ThirdEye","Crescendo"],"picked":"DeusExMachina","floor":12}],"player_experience":149575,"relics_obtained":[{"floor":2,"key":"Ring of Greed"},{"floor":2,"key":"Replay:Bandana"},{"floor":2,"key":"MealTicket"},{"floor":2,"key":"ReplayTheSpireMod:Ring of Challenge"},{"floor":7,"key":"Quantum Egg"},{"floor":9,"key":"Boot"},{"floor":11,"key":"Juzu Bracelet"},{"floor":13,"key":"Blue Doll"}],"event_choices":[{"damage_healed":0,"gold_gain":0,"player_choice":"Success","damage_taken":12,"relics_obtained":["Orichalcum"],"max_hp_gain":0,"max_hp_loss":0,"event_name":"Scrap Ooze","floor":3,"gold_loss":0}],"is_beta":false,"boss_relics":[],"items_purged_floors":[],"is_endless":false,"potions_floor_spawned":[10,11,12],"killed_by":"The Guardian","ascension_level":0}}