{"host":"ueaobptuyu87ouwy","time":1609991325,"event":{"mods":["Aspiration","Bard","BaseMod","Better Altar","Better Match","Better Note","Better Sensory Stone","Better Skull","Better Third Choice","BetterRewards","CCEM","Colored Map","Conspire","Downfall","GifTheSpireLib","Googly Eyes","Halation","Hermit","Highlight Path","Hubris","Infinite Spire","Jedi Mod","Jorbs\u0027s Wanderer Trilogy","Marisa????????","Mimic Mod","Minty Spire (QoL Compilation)","Permanent Neow","Replay The Spire","StSLib","Stuff the Spire","The Runesmith","Unceasing Turn Reminder","everything is the same but u backflip on backflip","slay the spire mod where everything is the same but ironclad has a cowboy hat"],"gold_per_floor":[112,132,142,152,152,152,187,204,228,228,261,261,279,293,293,293,293],"floor_reached":16,"playtime":1097,"items_purged":[],"score":189,"play_id":"e67815d7-46e2-4bdc-a5de-03b2b8a4f0b2","local_time":"20210107114845","is_ascension_mode":false,"campfire_choices":[{"data":"hermit:Determination","floor":6,"key":"SMITH"},{"data":"StuffTheSpire:Ambrosia","floor":12,"key":"SMITH"},{"data":"hermit:Headshot","floor":15,"key":"SMITH"}],"circlet_count":0,"master_deck":["hermit:Strike_Hermit","hermit:Strike_Hermit","hermit:Strike_Hermit","hermit:Strike_Hermit","hermit:Defend_Hermit","hermit:Defend_Hermit","hermit:Defend_Hermit","hermit:Defend_Hermit","hermit:Snapshot","hermit:Covet","hermit:Coalescence","hermit:Coalescence","hermit:Determination+1","hermit:Desperado","hermit:Dive","hermit:LowProfile","hermit:LowProfile","hermit:SprayPray","hermit:BigShot","hermit:Coalescence","Regret","StuffTheSpire:Ambrosia+1","hermit:WideOpen","hermit:EternalForm","hermit:Headshot+1","hermit:CursedWeapon"],"relics":["hermit:Momento","StuffTheSpire:Saxophone","Replay:Kaleidoscope","halation:EternalFortune","Pet Ghost","aspiration:Lifesprig","Tiny Chest","conspire:GiftBox"],"acts_visited":["Exordium"],"potions_floor_usage":[7,11,14],"damage_taken":[{"damage":0,"enemies":"Cultist","floor":1,"turns":3},{"damage":8,"enemies":"Small Slimes","floor":2,"turns":4},{"damage":5,"enemies":"Jaw Worm","floor":3,"turns":4},{"damage":6,"enemies":"Looter","floor":4,"turns":5},{"damage":4,"enemies":"3 Sentries","floor":7,"turns":5},{"damage":8,"enemies":"Exordium Thugs","floor":8,"turns":5},{"damage":0,"enemies":"Lagavulin","floor":11,"turns":3},{"damage":9,"enemies":"2 Fungi Beasts","floor":13,"turns":3},{"damage":10,"enemies":"Lots of Slimes","floor":14,"turns":4},{"damage":22,"enemies":"The Guardian","floor":16,"turns":10}],"seed_played":"2170190484548878145","potions_obtained":[{"floor":2,"key":"champ:CounterPotion"},{"floor":8,"key":"LiquidMemories"},{"floor":11,"key":"Adrenaline Potion"}],"is_trial":false,"path_per_floor":["M","M","M","M","?","R","E","M","T","?","E","R","M","M","R","B"],"character_chosen":"HERMIT","items_purchased":["hermit:Coalescence","StuffTheSpire:Saxophone","hermit:Determination","hermit:Desperado"],"campfire_rested":0,"item_purchase_floors":[0,0,0,0],"current_hp_per_floor":[59,51,46,40,43,43,39,34,34,34,35,35,28,20,20,0,0],"gold":293,"neow_bonus":"","is_daily":false,"chose_seed":false,"campfire_upgraded":3,"win_rate":0.0,"timestamp":1609991325,"path_taken":["M","M","?","M","?","R","E","M","T","?","E","R","M","?","R","BOSS"],"items_purchased_type":["Card","Relic","Card","Card"],"build_version":"2020-12-13","purchased_purges":0,"victory":false,"max_hp_per_floor":[75,75,75,75,78,78,78,81,81,81,82,82,84,86,86,88,88],"card_choices":[{"not_picked":["hermit:Quickdraw","hermit:Cheat"],"picked":"hermit:Dive","floor":1},{"not_picked":["hermit:Quickdraw","hermit:Midnight"],"picked":"hermit:LowProfile","floor":2},{"not_picked":["hermit:Midnight","hermit:PistolWhip"],"picked":"hermit:LowProfile","floor":3},{"not_picked":["hermit:Determination","hermit:TrackingShot"],"picked":"hermit:SprayPray","floor":4},{"not_picked":["hermit:TrackingShot","hermit:Shortfuse"],"picked":"hermit:BigShot","floor":7},{"not_picked":["hermit:Vantage","hermit:TrackingShot"],"picked":"hermit:Coalescence","floor":8},{"not_picked":["hermit:Magnum","hermit:GoldenBullet"],"picked":"hermit:WideOpen","floor":11},{"not_picked":["hermit:OverwhelmingPower","hermit:Purgatory"],"picked":"hermit:EternalForm","floor":11},{"not_picked":["hermit:Feint","hermit:CalledShot"],"picked":"hermit:Headshot","floor":13},{"not_picked":["hermit:ItchyTrigger","hermit:FullyLoaded"],"picked":"hermit:CursedWeapon","floor":14}],"player_experience":49683,"relics_obtained":[{"floor":7,"key":"Pet Ghost"},{"floor":8,"key":"halation:EternalFortune"},{"floor":9,"key":"aspiration:Lifesprig"},{"floor":11,"key":"conspire:GiftBox"}],"event_choices":[{"damage_healed":0,"gold_gain":0,"player_choice":"Box","damage_taken":0,"relics_obtained":["Tiny Chest"],"max_hp_gain":0,"max_hp_loss":0,"event_name":"Big Fish","floor":10,"gold_loss":0,"cards_obtained":["Regret"]}],"is_beta":false,"boss_relics":[],"items_purged_floors":[],"is_endless":false,"potions_floor_spawned":[2,8,11],"killed_by":"The Guardian","ascension_level":0}}