{"host":"z9grmtg2w0nmz8n1","time":1609981310,"event":{"mods":["Aspiration","Bard","BaseMod","Beaked The Cultist","Better Altar","Better Match","Better Note","Better Sensory Stone","Better Skull","Better Third Choice","BetterRewards","CCEM","Colored Map","Conspire","Downfall","GifTheSpireLib","Googly Eyes","Halation","Hermit","Highlight Path","Hubris","Hunter ??","Jedi Mod","Jorbs\u0027s Wanderer Trilogy","Mad Scientist","Marisa????????","Minty Spire (QoL Compilation)","Permanent Neow","Replay The Spire","Shade Mod","Shop Mod","Spicy Shops","StSLib","Stuff the Spire","The Bug Knight","The Construct","The Necromancer","The Runesmith","The Witch"],"gold_per_floor":[110,123,223,238,113,113,145,156,236,254,104,104,104,120,120,215,215,234,59,8,20,20,52,62,91,91,16,16,32,44,244,244,339,339,358,358,358,378,392,420,470,523,523,534,287,287,300,330,330,330,330,330,7,38,38,38],"floor_reached":55,"playtime":3478,"items_purged":["Strike_G","Strike_G","Strike_G","Strike_G","Strike_G"],"score":988,"play_id":"5d7aaf8f-d795-4aa1-b9fd-8240ca37db3c","local_time":"20210106230150","is_ascension_mode":true,"campfire_choices":[{"floor":6,"key":"RECALL"},{"floor":15,"key":"REST"},{"floor":28,"key":"REST"},{"floor":32,"key":"REST"},{"data":"Infinite Blades","floor":46,"key":"SMITH"},{"floor":49,"key":"REST"}],"circlet_count":0,"master_deck":["Defend_G+1","Defend_G","Defend_G","Defend_G+1","Defend_G","Survivor","Neutralize+1","Infinite Blades+1","Flying Knee+1","Noxious Fumes","Dagger Spray+1","Flying Knee+1","Noxious Fumes+1","Die Die Die+1","StuffTheSpire:ReptileScales","Cloak And Dagger+1","Finisher","Footwork+1","Backflip+1"],"relics":["Ring of the Snake","StuffTheSpire:MayFlowers","construct:ClawGrip","jedi:shrinkray","Happy Flower","ReplayTheSpireMod:Shallot","Centennial Puzzle","StuffTheSpire:Kangaroo","CCEMRelics:GrindingGear","Vampiric Spirits","CatCart","ReplayTheSpireMod:Ninjato","CCEMRelics:TinyMinotavrHorn","CCEMRelics:WhiteRose","halation:Thesaurus","hubris:TenFootPole","jedi:ghostblades","CCEMRelics:Barrel"],"acts_visited":["Exordium","TheCity","TheBeyond","TheEnding"],"potions_floor_usage":[16,16,21,25,30,39,39,42,47,50,50,55],"damage_taken":[{"damage":0,"enemies":"2 Louse","floor":1,"turns":5},{"damage":0,"enemies":"Cultist","floor":2,"turns":4},{"damage":0,"enemies":"Jaw Worm","floor":4,"turns":5},{"damage":60,"enemies":"Gremlin Nob","floor":7,"turns":6},{"damage":3,"enemies":"2 Fungi Beasts","floor":8,"turns":4},{"damage":5,"enemies":"Large Slime","floor":10,"turns":6},{"damage":0,"enemies":"3 Louse","floor":14,"turns":3},{"damage":7,"enemies":"The Guardian","floor":16,"turns":14},{"damage":0,"enemies":"3 Byrds","floor":18,"turns":5},{"damage":3,"enemies":"Chosen","floor":21,"turns":7},{"damage":38,"enemies":"Gremlin Leader","floor":23,"turns":10},{"damage":2,"enemies":"Shelled Parasite and Fungi","floor":24,"turns":7},{"damage":38,"enemies":"Book of Stabbing","floor":25,"turns":8},{"damage":10,"enemies":"Sentry and Sphere","floor":29,"turns":5},{"damage":0,"enemies":"Centurion and Healer","floor":30,"turns":6},{"damage":37,"enemies":"Champ","floor":33,"turns":13},{"damage":6,"enemies":"3 Darklings","floor":35,"turns":3},{"damage":0,"enemies":"3 Shapes","floor":38,"turns":2},{"damage":5,"enemies":"Spire Growth","floor":39,"turns":3},{"damage":24,"enemies":"beaked:SuperParasite","floor":40,"turns":10},{"damage":0,"enemies":"Mind Bloom Boss Battle","floor":41,"turns":7},{"damage":9,"enemies":"Orin","floor":42,"turns":9},{"damage":0,"enemies":"4 Shapes","floor":44,"turns":4},{"damage":22,"enemies":"Writhing Mass","floor":47,"turns":4},{"damage":8,"enemies":"Giant Head","floor":48,"turns":4},{"damage":58,"enemies":"Awakened One","floor":50,"turns":12},{"damage":19,"enemies":"Shield and Spear","floor":54,"turns":5},{"damage":123,"enemies":"The Heart","floor":55,"turns":9}],"seed_played":"5911943930452730814","potions_obtained":[{"floor":1,"key":"Reflective Coating"},{"floor":2,"key":"Energy Potion"},{"floor":7,"key":"BlessingOfTheForge"},{"floor":16,"key":"Block Potion"},{"floor":23,"key":"Reflective Coating"},{"floor":25,"key":"Swift Potion"},{"floor":33,"key":"CunningPotion"},{"floor":35,"key":"champ:CounterPotion"},{"floor":40,"key":"Energy Potion"},{"floor":41,"key":"Strength Potion"},{"floor":42,"key":"PowerPotion"},{"floor":54,"key":"AttackPotion"}],"is_trial":false,"path_per_floor":["M","M","?","M","$","R","E","M","T","M","$","?","?","M","R","B",null,"M","$","?","M","$","E","M","E","T","?","R","M","M","?","R","B",null,"M","$","?","M","M","E","?","?","T","M","$","R","M","E","R","B",null,"R","$","E","B"],"character_chosen":"THE_SILENT","items_purchased":["Infinite Blades","CCEMRelics:TinyMinotavrHorn","halation:Thesaurus","jedi:ghostblades"],"campfire_rested":4,"item_purchase_floors":[0,45,53,53],"current_hp_per_floor":[70,70,70,70,70,70,10,7,7,7,7,22,8,8,29,28,70,70,70,70,69,69,37,40,8,8,8,29,19,22,22,43,12,70,64,64,64,64,59,44,52,60,60,61,61,61,41,36,57,10,70,70,70,56,0,0],"gold":38,"neow_bonus":"","is_daily":false,"chose_seed":false,"campfire_upgraded":1,"win_rate":0.0,"timestamp":1609981310,"path_taken":["M","M","?","?","?","R","E","M","T","M","$","?","?","M","R","BOSS","M","$","?","M","$","E","M","E","T","?","R","M","?","?","R","BOSS","M","$","?","M","M","E","?","?","T","M","$","R","?","E","R","BOSS","R","$","E","BOSS"],"items_purchased_type":["Card","Relic","Relic","Relic"],"build_version":"2020-12-22","purchased_purges":5,"victory":false,"max_hp_per_floor":[70,70,70,70,70,70,70,70,70,70,70,70,70,70,70,70,70,70,70,70,70,70,70,70,70,70,70,70,70,70,70,70,70,70,70,70,70,70,70,70,70,70,70,70,70,70,70,70,70,70,70,70,70,70,70,70],"card_choices":[{"not_picked":["Sucker Punch","Tactician"],"picked":"Flying Knee","floor":1},{"not_picked":["StuffTheSpire:Fury","StuffTheSpire:Shiver","Toxin Wave"],"picked":"SKIP","floor":2},{"not_picked":["Deadly Poison","StuffTheSpire:BumpUp"],"picked":"Noxious Fumes","floor":4},{"not_picked":["StuffTheSpire:Incursion","Outmaneuver"],"picked":"Dagger Spray","floor":7},{"not_picked":["Deadly Poison","jedi:pocketpoison","Eviscerate"],"picked":"SKIP","floor":8},{"not_picked":["Deflect","Sucker Punch","Slice"],"picked":"SKIP","floor":10},{"not_picked":["jedi:pocketpoison","Fluid Movement","Outmaneuver"],"picked":"SKIP","floor":14},{"not_picked":["Blade Dance","hubris:SlightOfHand","Leg Sweep"],"picked":"SKIP","floor":18},{"not_picked":["Hidden Blade","StuffTheSpire:BumpUp","Underhanded Strike"],"picked":"SKIP","floor":21},{"not_picked":["Crippling Poison","StuffTheSpire:MirrorStance","Prepared"],"picked":"SKIP","floor":23},{"not_picked":["Setup","Sucker Punch"],"picked":"Flying Knee+1","floor":24},{"not_picked":["Crippling Poison","Dagger Spray"],"picked":"Noxious Fumes+1","floor":25},{"not_picked":["Malaise","jedi:rejectivetoxin"],"picked":"Die Die Die","floor":27},{"not_picked":["Deadly Poison","Concentrate"],"picked":"StuffTheSpire:ReptileScales","floor":29},{"not_picked":["StuffTheSpire:Python+1","StuffTheSpire:Fury+1"],"picked":"Cloak And Dagger+1","floor":30},{"not_picked":["Bouncing Flask+1","Flying Knee"],"picked":"Finisher","floor":35},{"not_picked":["Acrobatics","Cloak And Dagger","Backflip+1"],"picked":"SKIP","floor":38},{"not_picked":["Dagger Throw","Outmaneuver"],"picked":"Footwork+1","floor":39},{"not_picked":["ReplayTheSpireMod:The Works","hubris:SlightOfHand+1","Prepared+1"],"picked":"SKIP","floor":40},{"not_picked":["Dagger Spray","Fluid Movement","jedi:pocketpoison+1"],"picked":"SKIP","floor":44},{"not_picked":["jedi:pocketpoison","StuffTheSpire:Python+1","PiercingWail+1"],"picked":"SKIP","floor":47},{"not_picked":["Backflip+1","Masterful Stab+1","Choke"],"picked":"SKIP","floor":48},{"not_picked":["StuffTheSpire:ClusterCrunch+1","StuffTheSpire:Sprint+1"],"picked":"Backflip+1","floor":54}],"player_experience":804729,"relics_obtained":[{"floor":7,"key":"StuffTheSpire:MayFlowers"},{"floor":23,"key":"Happy Flower"},{"floor":25,"key":"ReplayTheSpireMod:Shallot"},{"floor":26,"key":"Centennial Puzzle"},{"floor":40,"key":"CCEMRelics:GrindingGear"},{"floor":41,"key":"Vampiric Spirits"},{"floor":42,"key":"CatCart"},{"floor":43,"key":"ReplayTheSpireMod:Ninjato"},{"floor":48,"key":"CCEMRelics:WhiteRose"},{"floor":54,"key":"CCEMRelics:Barrel"}],"event_choices":[{"damage_healed":0,"gold_gain":100,"player_choice":"Pray","damage_taken":0,"max_hp_gain":0,"max_hp_loss":0,"event_name":"Golden Shrine","floor":3,"gold_loss":0},{"damage_healed":22,"gold_gain":0,"player_choice":"Upgrade","damage_taken":14,"max_hp_gain":0,"max_hp_loss":70,"event_name":"betterThird:BetterShining","floor":13,"gold_loss":0,"cards_upgraded":["Dagger Spray","Defend_G"]},{"damage_healed":0,"gold_gain":0,"player_choice":"Paid Gold","damage_taken":0,"relics_obtained":["jedi:shrinkray"],"max_hp_gain":0,"max_hp_loss":0,"event_name":"WeMeetAgain","floor":20,"gold_loss":51},{"damage_healed":0,"gold_gain":0,"player_choice":"1","damage_taken":0,"max_hp_gain":0,"max_hp_loss":0,"event_name":"betterMatch:BetterMatch","floor":27,"gold_loss":0,"cards_obtained":["betterMatch:CommonCard","betterMatch:UncommonCard","betterMatch:RareCard"]},{"damage_healed":0,"gold_gain":200,"player_choice":"Gold","damage_taken":0,"max_hp_gain":0,"max_hp_loss":0,"event_name":"Wheel of Change","floor":31,"gold_loss":0},{"damage_healed":0,"gold_gain":0,"player_choice":"Fight","damage_taken":0,"max_hp_gain":0,"max_hp_loss":0,"event_name":"MindBloom","floor":41,"gold_loss":0},{"damage_healed":0,"gold_gain":0,"player_choice":"Fight","damage_taken":0,"max_hp_gain":0,"max_hp_loss":0,"event_name":"OrinTheCat","floor":42,"gold_loss":0}],"is_beta":false,"boss_relics":[{"not_picked":["aspiration:MobileForge","halation:Prosthetics"],"picked":"construct:ClawGrip"},{"not_picked":["Ring of Chaos","conspire:SlowCooker"],"picked":"StuffTheSpire:Kangaroo"}],"items_purged_floors":[0,0,5,11,19],"is_endless":false,"potions_floor_spawned":[1,2,7,16,23,25,33,35,40,41,42,54],"killed_by":"The Heart","ascension_level":1}}