{"host":"njruw0b0uprlitpx","time":1609987366,"event":{"mods":["2.2 Compatiblity","Astrologer","Bartender","BaseMod","Better Altar","Better Match","Better Note","Better Sensory Stone","Better Skull","Better Third Choice","BetterRewards","Block Reminder","Colored Map","Colored Powertips","Energized Spire","Jedi Mod","Keyboard Shortcuts","Magitek Elite","Minty Spire (QoL Compilation)","Quick Restart","Relic Stats","Replay The Spire","SacredBarkPlus","Spicy Shops","StSLib","SuperFastMode","The Dragon Tamer","The Forsaken","The Gatherer","The Marked","The Mystic","The Necromancer","The Spell Scribe","Wandering Minibosses"],"gold_per_floor":[110,10,10,10,10,38,53,82,82,15,15,90,110,126,126,230,230,241,241,255,180,180,194,194,42,42,71,90,14,14,14,14,109,109,125,125,142,152,152,152,152,152,152,182,197,197,197,25,25,25],"floor_reached":51,"playtime":2316,"items_purged":["Defend_Bartender","Defend_Bartender"],"score":978,"play_id":"41328ac8-412d-4ffa-8ea5-eba818ff284e","local_time":"20210106204246","is_ascension_mode":false,"campfire_choices":[{"floor":11.0,"key":"REST"},{"data":"Alacrity","floor":15.0,"key":"SMITH"},{"data":"Power_Up_Punch","floor":24.0,"key":"SMITH"},{"data":"Ball_Of_Ice","floor":30.0,"key":"SMITH"},{"data":"Power_Up_Punch","floor":32.0,"key":"SMITH"},{"floor":40.0,"key":"REST"},{"data":"Cold_Blooded","floor":42.0,"key":"SMITH"},{"data":"Breathe_Deep","floor":47,"key":"SMITH"},{"data":"Rope_A_Dope","floor":47,"key":"SMITH"},{"data":"Discovery","floor":49,"key":"SMITH"},{"data":"Madness","floor":49,"key":"SMITH"}],"circlet_count":0,"master_deck":["Strike_Bartender","Strike_Bartender","Strike_Bartender","Strike_Bartender","Somersault","Alacrity+1","Power_Up_Punch+1","Ripple","Top_Shelf","Raptor_Form+1","Meteodrive","Feint","Rope_A_Dope+1","Hook","RockBreaker","Bitters","ThreeSidedStar","Power_Up_Punch+1","Insight_B+1","Perfect_Balance","Moonsault_Kick","Snap_Punch","Snap_Punch","Insight_B+1","Dancing_Jab","Stick_and_Move","Ball_Of_Ice+1","Stick_and_Move","Training_Dummy","Cold_Blooded+1","Greased_Lightning+1","Madness+1","Madness","Surge+1","Cross","Sucker_Punch","Breathe_Deep+1","Doubt","Replay:Hysterical Blindness","Discovery+1","Press_Forward","RockBreaker","RockBreaker"],"relics":["Sneakers","Pondfish Scales","Orrery","ReplayTheSpireMod:TigerMarble","Sundial","Letter Opener","jedi:angrymask","Silver_Glasses","Genji_Glove","Garlic","MealTicket","Dream Catcher","Guard_Bracelet","energizedSpire:EnergizedDie","Replay:Arrowhead","ReplayTheSpireMod:CursedCoin"],"acts_visited":["Exordium","TheCity","TheBeyond"],"potions_floor_usage":[50,50,50],"damage_taken":[{"damage":0.0,"enemies":"Small Slimes","floor":1.0,"turns":1.0},{"damage":13.0,"enemies":"Lagavulin","floor":6.0,"turns":3.0},{"damage":0.0,"enemies":"Cultist","floor":7.0,"turns":2.0},{"damage":5.0,"enemies":"Replay:BlueRogue","floor":8.0,"turns":3.0},{"damage":3.0,"enemies":"Jaw Worm","floor":13.0,"turns":2.0},{"damage":0.0,"enemies":"Exordium Wildlife","floor":14.0,"turns":2.0},{"damage":12.0,"enemies":"The Guardian","floor":16.0,"turns":7.0},{"damage":0.0,"enemies":"3 Byrds","floor":18.0,"turns":5.0},{"damage":10.0,"enemies":"Chosen","floor":20.0,"turns":2.0},{"damage":2.0,"enemies":"Centurion and Healer","floor":23.0,"turns":4.0},{"damage":4.0,"enemies":"Replay:Snechameleon","floor":27.0,"turns":2.0},{"damage":0.0,"enemies":"Cultist and Chosen","floor":28.0,"turns":2.0},{"damage":19.0,"enemies":"Automaton","floor":33.0,"turns":5.0},{"damage":0.0,"enemies":"Orb Walker","floor":35.0,"turns":1.0},{"damage":3.0,"enemies":"3 Darklings","floor":37.0,"turns":2.0},{"damage":10.0,"enemies":"Sphere and 2 Shapes","floor":38.0,"turns":4.0},{"damage":0.0,"enemies":"Maw","floor":41.0,"turns":3.0},{"damage":11.0,"enemies":"R_Hoarder","floor":44.0,"turns":3.0},{"damage":0,"enemies":"Spire Growth","floor":45,"turns":3},{"damage":0,"enemies":"Sphere and 2 Shapes","floor":46,"turns":2},{"damage":0,"enemies":"Donu and Deca","floor":50,"turns":4}],"seed_played":"2205106329580679595","potions_obtained":[{"floor":1.0,"key":"SteroidPotion"},{"floor":8.0,"key":"Languid Potion"},{"floor":16.0,"key":"Adrenaline Potion"},{"floor":19.0,"key":"SteroidPotion"},{"floor":23.0,"key":"CultistPotion"},{"floor":33.0,"key":"Explosive Potion"},{"floor":35.0,"key":"jedi:StrikingPotion"},{"floor":37.0,"key":"Energy Potion"},{"floor":44,"key":"DuplicationPotion"}],"is_trial":false,"path_per_floor":["M","$","?","$","?","E","M","E","T","$","R","?","M","M","R","B",null,"M","?","M","?","?","M","R","$","T","E","M","$","R","?","R","B",null,"M","?","M","M","?","R","M","R","T","E","M","M","R","$","R","B",null],"character_chosen":"BARTENDER","items_purchased":["Orrery","ReplayTheSpireMod:TigerMarble","Meteodrive","LiquidMemories","Feint","Rope_A_Dope","Power_Up_Punch","Genji_Glove","Stick_and_Move","Ball_Of_Ice","Dream Catcher","ReplayTheSpireMod:CursedCoin","PowerPotion","LiquidMemories","Discovery","Press_Forward","RockBreaker"],"campfire_rested":2,"item_purchase_floors":[0,0,0,0,0,0,10,25,25,25,29,48,48,48,48,48,48],"current_hp_per_floor":[70,70,75,75,75,62,62,57,57,57,75,64,61,61,61,49,75,75,75,65,65,65,63,63,63,63,59,59,74,74,74,74,55,75,75,66,63,53,53,75,75,75,75,64,64,64,64,75,75,75],"gold":25,"neow_bonus":"","is_daily":false,"chose_seed":false,"campfire_upgraded":9,"win_rate":0.0,"timestamp":1609987366,"path_taken":["M","$","?","$","?","E","?","E","T","?","R","?","M","M","R","BOSS","M","?","M","?","?","?","R","$","T","E","M","$","R","?","R","BOSS","M","?","M","M","?","R","M","R","T","E","?","M","R","$","R","BOSS"],"items_purchased_type":["Relic","Relic","Card","Potion","Card","Card","Card","Relic","Card","Card","Relic","Relic","Potion","Potion","Card","Card","Card"],"build_version":"2020-12-22","purchased_purges":2,"victory":true,"max_hp_per_floor":[70,70,75,75,75,75,75,75,75,75,75,75,75,75,75,75,75,75,75,75,75,75,75,75,75,75,75,75,75,75,75,75,75,75,75,75,75,75,75,75,75,75,75,75,75,75,75,75,75,75],"relic_stats":{"Dream Catcher":1,"counters":[92,291],"Sundial":[16],"MealTicket":26,"Letter Opener":[155],"obtain_stats":[{"Ice Cream":7,"Replay:Accelerometer":44,"Golden Egg":27,"jedi:angrymask":9,"Mark of the Bloom":48,"jedi:command_rare":48,"Sozu":17,"theForsaken:HumbleEgg":23,"Replay:Ringing Soul":28,"Lizard Tail":13,"Sundial":0,"jedi:firstaidkit":37,"Honey Jar":34,"Philosopher\u0027s Stone":34,"MealTicket":27,"Girya":26,"Sneakers":0,"Happy Flower":43,"ReplayTheSpireMod:CursedCoin":0,"Counterbalance":48,"Pen Nib":0,"Letter Opener":8,"jedi:HeartOfTheCards":9,"jedi:heavyjacket":0,"Water_Ring":41,"Bronze Scales":14,"Tintinnabulum":6,"Molten Egg 2":24,"Pandora\u0027s Box":34,"ReplayTheSpireMod:TigerMarble":39,"Grinning Jar":43,"Abe\u0027s Treasure":17,"Replay:PocketPolymizer":6,"Piano_Music":9,"Incense Burner":0,"jedi:Pinwheel":13,"Power_Wrist":28,"Cowboy_Hat":10,"Silver_Glasses":17,"Replay:Bandana":44,"Dream Catcher":26,"Matryoshka":26,"Gambling Chip":0,"Genji_Glove":44,"WingedGreaves":9,"jedi:command_uncommon":41,"BargainBundle":0,"ReplayTheSpireMod:Ninjato":0,"Golden Idol":3,"energizedSpire:EnergizedDie":34,"PreservedInsect":43,"Replay:Arrowhead":43,"Strange Spoon":0,"Pondfish Scales":3,"jedi:kaleidoscope":45,"jedi:ominousloannote":44,"betterThird:SlimedRelic":8,"Orrery":4,"ChewingGum":17,"Garlic":41,"Bottled Lightning":29,"Guard_Bracelet":31,"jedi:arcanewood":44},{"Ice Cream":5,"Replay:Accelerometer":21,"Golden Egg":59,"jedi:angrymask":75,"Mark of the Bloom":46,"jedi:command_rare":23,"Sozu":55,"theForsaken:HumbleEgg":58,"Replay:Ringing Soul":60,"Lizard Tail":31,"Sundial":47,"jedi:firstaidkit":65,"Honey Jar":63,"Philosopher\u0027s Stone":41,"MealTicket":82,"Girya":13,"Sneakers":0,"Happy Flower":21,"ReplayTheSpireMod:CursedCoin":24,"Counterbalance":23,"Pen Nib":24,"Letter Opener":75,"jedi:HeartOfTheCards":50,"jedi:heavyjacket":47,"Water_Ring":43,"Bronze Scales":9,"Tintinnabulum":50,"Molten Egg 2":13,"Pandora\u0027s Box":17,"ReplayTheSpireMod:TigerMarble":43,"Grinning Jar":43,"Abe\u0027s Treasure":10,"Replay:PocketPolymizer":28,"Piano_Music":28,"Incense Burner":24,"jedi:Pinwheel":8,"Power_Wrist":14,"Cowboy_Hat":29,"Silver_Glasses":78,"Replay:Bandana":44,"Dream Catcher":59,"Matryoshka":36,"Gambling Chip":24,"Genji_Glove":21,"WingedGreaves":6,"jedi:command_uncommon":43,"BargainBundle":47,"ReplayTheSpireMod:Ninjato":47,"Golden Idol":48,"energizedSpire:EnergizedDie":84,"PreservedInsect":43,"Replay:Arrowhead":88,"Strange Spoon":24,"Pondfish Scales":1,"jedi:kaleidoscope":69,"jedi:ominousloannote":21,"betterThird:SlimedRelic":50,"Orrery":27,"ChewingGum":32,"Garlic":21,"Bottled Lightning":38,"Guard_Bracelet":83,"jedi:arcanewood":69},{"Ice Cream":17,"Replay:Accelerometer":82,"Golden Egg":198,"jedi:angrymask":238,"Mark of the Bloom":166,"jedi:command_rare":88,"Sozu":190,"theForsaken:HumbleEgg":196,"Replay:Ringing Soul":200,"Lizard Tail":116,"Sundial":169,"jedi:firstaidkit":213,"Honey Jar":207,"Philosopher\u0027s Stone":150,"MealTicket":262,"Girya":52,"Sneakers":0,"Happy Flower":82,"ReplayTheSpireMod:CursedCoin":92,"Counterbalance":88,"Pen Nib":92,"Letter Opener":238,"jedi:HeartOfTheCards":174,"jedi:heavyjacket":169,"Water_Ring":155,"Bronze Scales":34,"Tintinnabulum":174,"Molten Egg 2":52,"Pandora\u0027s Box":70,"ReplayTheSpireMod:TigerMarble":155,"Grinning Jar":155,"Abe\u0027s Treasure":42,"Replay:PocketPolymizer":105,"Piano_Music":105,"Incense Burner":92,"jedi:Pinwheel":28,"Power_Wrist":55,"Cowboy_Hat":109,"Silver_Glasses":249,"Replay:Bandana":158,"Dream Catcher":198,"Matryoshka":132,"Gambling Chip":92,"Genji_Glove":82,"WingedGreaves":21,"jedi:command_uncommon":155,"BargainBundle":169,"ReplayTheSpireMod:Ninjato":169,"Golden Idol":170,"energizedSpire:EnergizedDie":269,"PreservedInsect":155,"Replay:Arrowhead":279,"Strange Spoon":92,"Pondfish Scales":2,"jedi:kaleidoscope":223,"jedi:ominousloannote":82,"betterThird:SlimedRelic":174,"Orrery":100,"ChewingGum":123,"Garlic":82,"Bottled Lightning":139,"Guard_Bracelet":264,"jedi:arcanewood":223}]},"card_choices":[{"not_picked":["Dancing_Jab","Tornado_Kick"],"picked":"Alacrity","floor":0.0},{"not_picked":["Surge","Fight_Dirty"],"picked":"Power_Up_Punch","floor":0.0},{"not_picked":["Bloodbath_Bartender","Sucker_Punch"],"picked":"Ripple","floor":0.0},{"not_picked":["Greased_Lightning","On_The_House"],"picked":"Top_Shelf","floor":0.0},{"not_picked":["Scowl","Free_Pour"],"picked":"Raptor_Form","floor":0.0},{"not_picked":["Ball_Of_Ice","Dragonkick"],"picked":"Hook","floor":1.0},{"not_picked":["Mirage","With_A_Twist"],"picked":"RockBreaker","floor":6.0},{"not_picked":["Center_Self","On_The_Rocks"],"picked":"Bitters","floor":7.0},{"not_picked":["Free_Pour","Pony_Shot"],"picked":"ThreeSidedStar","floor":8.0},{"not_picked":["Storage","Sucker_Punch"],"picked":"Insight_B","floor":13.0},{"not_picked":["Free_Pour","Elbow_Slash"],"picked":"Perfect_Balance","floor":14.0},{"not_picked":["Dolphin_Blow","Storage"],"picked":"Moonsault_Kick","floor":16.0},{"not_picked":["Greased_Lightning","Scoop"],"picked":"Snap_Punch","floor":18.0},{"not_picked":["Scoop","With_A_Twist+1"],"picked":"Snap_Punch","floor":20.0},{"not_picked":["Bouncer+1","RockBreaker+"],"picked":"Insight_B+1","floor":21.0},{"not_picked":["Pony_Shot+1","Phantom_Blow+1"],"picked":"Dancing_Jab","floor":23.0},{"not_picked":["Hook","Insight_B+1"],"picked":"Stick_and_Move","floor":27.0},{"not_picked":["Phantom_Blow","Center_Self"],"picked":"Training_Dummy","floor":28.0},{"not_picked":["Combo_Master","High_Tide"],"picked":"Cold_Blooded","floor":33.0},{"not_picked":["With_A_Twist+1","On_The_Rocks"],"picked":"Greased_Lightning+1","floor":35.0},{"not_picked":["Fight_Dirty","Alacrity+1"],"picked":"Surge+1","floor":37.0},{"not_picked":["Fight_Dirty+1","Power_Up_Punch+1"],"picked":"Cross","floor":38.0},{"not_picked":["Training_Dummy+1","Bicycle_Kick+1"],"picked":"Sucker_Punch","floor":41.0},{"not_picked":["Meteodrive","Bouncer"],"picked":"Breathe_Deep","floor":44},{"not_picked":["Center_Self+1","Power_Up_Punch","Foot_Thrust+1"],"picked":"SKIP","floor":45},{"not_picked":["Torment+1","Insight_B","Greased_Lightning"],"picked":"SKIP","floor":46}],"player_experience":1650210,"relics_obtained":[{"floor":6.0,"key":"Sundial"},{"floor":8.0,"key":"Letter Opener"},{"floor":9.0,"key":"jedi:angrymask"},{"floor":26.0,"key":"Garlic"},{"floor":27.0,"key":"MealTicket"},{"floor":31.0,"key":"Guard_Bracelet"},{"floor":43.0,"key":"Replay:Arrowhead"}],"event_choices":[{"damage_healed":0.0,"max_hp_gain":5.0,"max_hp_loss":0.0,"gold_gain":0.0,"event_name":"Big Fish","player_choice":"Donut","floor":3.0,"gold_loss":0.0,"damage_taken":0.0},{"damage_healed":0.0,"max_hp_gain":0.0,"max_hp_loss":0.0,"gold_gain":0.0,"event_name":"Accursed Blacksmith","player_choice":"Forge","floor":5.0,"gold_loss":0.0,"damage_taken":0.0,"cards_upgraded":["Raptor_Form"]},{"damage_healed":0.0,"max_hp_gain":0.0,"max_hp_loss":0.0,"gold_gain":75.0,"event_name":"betterThird:BetterGoop","player_choice":"Gold","floor":12.0,"gold_loss":0.0,"damage_taken":11.0},{"damage_healed":0.0,"max_hp_gain":0.0,"max_hp_loss":0.0,"gold_gain":0.0,"event_name":"Lab","player_choice":"Got Potions","floor":19.0,"gold_loss":0.0,"damage_taken":0.0},{"damage_healed":0.0,"max_hp_gain":0.0,"max_hp_loss":0.0,"gold_gain":0.0,"event_name":"betterMatch:BetterMatch","player_choice":"2","floor":21.0,"gold_loss":0.0,"damage_taken":0.0,"cards_obtained":["betterMatch:UncommonCard"]},{"cards_removed":["Defend_Bartender"],"damage_healed":0.0,"max_hp_gain":0.0,"max_hp_loss":0.0,"gold_gain":0.0,"event_name":"Purifier","player_choice":"Purged","floor":22.0,"gold_loss":0.0,"damage_taken":0.0},{"damage_healed":0.0,"max_hp_gain":0.0,"max_hp_loss":0.0,"gold_gain":0.0,"event_name":"Winding Halls","player_choice":"Embrace Madness","floor":36.0,"gold_loss":0.0,"damage_taken":9.0,"cards_obtained":["Madness","Madness"]},{"cards_removed":["Defend_Bartender"],"damage_healed":0.0,"max_hp_gain":0.0,"max_hp_loss":0.0,"gold_gain":0.0,"event_name":"Bonfire Elementals","player_choice":"Offered Basic","floor":39.0,"gold_loss":0.0,"damage_taken":0.0}],"is_beta":false,"boss_relics":[{"not_picked":["Busted Crown","Calling Bell"],"picked":"Silver_Glasses"},{"not_picked":["SlaversCollar","Snecko Heart"],"picked":"energizedSpire:EnergizedDie"}],"items_purged_floors":[0,2],"is_endless":false,"potions_floor_spawned":[1,8,13,16,23,33,35,37,44],"ascension_level":0}}