{"host":"dpbezu80jg8zk7un","time":1609977741,"event":{"mods":["BaseMod","Colored Map","Colored Powertips","Custom Start","DeckTracker","Minty Spire (QoL Compilation)","Quick Restart","StSLib","SuperFastMode"],"gold_per_floor":[115,115,132,147,72,72,104,114,114,147,147,177,177,177,177,266,266,290,190,204,224,224,224,224],"floor_reached":23,"playtime":430,"items_purged":["Decay","Defend_P"],"score":568,"play_id":"e3546086-42a7-4f58-b4c2-84e49993b573","local_time":"20210107090221","is_ascension_mode":true,"campfire_choices":[{"data":"Eruption","floor":6.0,"key":"SMITH"},{"data":"Conclude","floor":11,"key":"SMITH"},{"data":"MentalFortress","floor":15,"key":"SMITH"}],"circlet_count":0,"master_deck":["AscendersBane","Strike_P","Strike_P","Strike_P","Strike_P","Defend_P","Defend_P","Defend_P","Eruption+1","Vigilance","Conclude+1","FlurryOfBlows","MentalFortress+1","FearNoEvil","Scrawl","Adaptation+1"],"relics":["PureWater","NeowsBlessing","Lantern","Toy Ornithopter","Darkstone Periapt","GoldenEye","Golden Idol","VioletLotus"],"acts_visited":["Exordium","TheCity"],"potions_floor_usage":[18,20,23],"damage_taken":[{"damage":0.0,"enemies":"Small Slimes","floor":1.0,"turns":2.0},{"damage":0.0,"enemies":"Cultist","floor":3.0,"turns":1.0},{"damage":0.0,"enemies":"2 Louse","floor":4.0,"turns":1.0},{"damage":0.0,"enemies":"Lagavulin","floor":7.0,"turns":4.0},{"damage":7,"enemies":"Blue Slaver","floor":8,"turns":3},{"damage":24,"enemies":"Gremlin Nob","floor":10,"turns":4},{"damage":6,"enemies":"Lagavulin","floor":12,"turns":5},{"damage":0,"enemies":"Slime Boss","floor":16,"turns":4},{"damage":1,"enemies":"3 Byrds","floor":18,"turns":3},{"damage":0,"enemies":"2 Thieves","floor":20,"turns":1},{"damage":0,"enemies":"Cultist and Chosen","floor":21,"turns":3},{"damage":75,"enemies":"Book of Stabbing","floor":23,"turns":4}],"seed_played":"571694793876123029","potions_obtained":[{"floor":3.0,"key":"FearPotion"},{"floor":4.0,"key":"AttackPotion"},{"floor":16,"key":"Explosive Potion"},{"floor":18,"key":"FearPotion"},{"floor":21,"key":"StancePotion"}],"is_trial":false,"path_per_floor":["M","?","M","M","$","R","E","M","T","E","R","E","?","?","R","B",null,"M","$","M","M","?","E"],"character_chosen":"WATCHER","items_purchased":[],"campfire_rested":0,"item_purchase_floors":[],"current_hp_per_floor":[61,61,61,61,61,61,61,54,54,30,30,24,29,29,29,29,57,61,61,66,66,66,0,0],"gold":224,"neow_bonus":"THREE_ENEMY_KILL","is_daily":false,"chose_seed":false,"campfire_upgraded":3,"win_rate":0.0,"timestamp":1609977741,"path_taken":["M","?","M","?","$","R","E","M","T","E","R","E","?","?","R","BOSS","M","$","M","M","?","E"],"items_purchased_type":[],"build_version":"2020-12-22","purchased_purges":2,"victory":false,"max_hp_per_floor":[68,68,68,68,68,68,68,68,68,68,68,68,73,66,66,66,66,66,66,66,66,66,66,66],"card_choices":[{"not_picked":["BowlingBash","Weave"],"picked":"Conclude","floor":1.0},{"not_picked":["Pray","DeceiveReality","Crescendo"],"picked":"SKIP","floor":3.0},{"not_picked":["ClearTheMind","Crescendo"],"picked":"FlurryOfBlows","floor":4.0},{"not_picked":["PathToVictory","FlurryOfBlows"],"picked":"MentalFortress","floor":7.0},{"not_picked":["Evaluate","Protect"],"picked":"FearNoEvil","floor":8},{"not_picked":["EmptyFist","PathToVictory","FollowUp"],"picked":"SKIP","floor":10},{"not_picked":["Perseverance","SashWhip","ForeignInfluence"],"picked":"SKIP","floor":12},{"not_picked":["DeusExMachina","Blasphemy"],"picked":"Scrawl","floor":16},{"not_picked":["Prostrate+1","PathToVictory","ClearTheMind"],"picked":"SKIP","floor":18},{"not_picked":["Crescendo","Prostrate","Halt"],"picked":"SKIP","floor":20},{"not_picked":["ThirdEye","FollowUp"],"picked":"Adaptation+1","floor":21}],"player_experience":2843553,"relics_obtained":[{"floor":7.0,"key":"Lantern"},{"floor":9,"key":"Toy Ornithopter"},{"floor":10,"key":"Darkstone Periapt"},{"floor":12,"key":"GoldenEye"}],"event_choices":[{"damage_healed":0.0,"max_hp_gain":0.0,"max_hp_loss":0.0,"gold_gain":0.0,"event_name":"Wheel of Change","player_choice":"Cursed","floor":2.0,"gold_loss":0.0,"damage_taken":0.0,"cards_obtained":["Decay"]},{"damage_healed":0,"gold_gain":0,"player_choice":"Donut","damage_taken":0,"max_hp_gain":5,"max_hp_loss":0,"event_name":"Big Fish","floor":13,"gold_loss":0},{"damage_healed":0,"gold_gain":0,"player_choice":"Lose Max HP","damage_taken":0,"relics_obtained":["Golden Idol"],"max_hp_gain":0,"max_hp_loss":7,"event_name":"Golden Idol","floor":14,"gold_loss":0},{"damage_healed":0,"gold_gain":0,"player_choice":"Ignored","damage_taken":0,"max_hp_gain":0,"max_hp_loss":0,"event_name":"Vampires","floor":22,"gold_loss":0}],"is_beta":false,"boss_relics":[{"not_picked":["Tiny House","Cursed Key"],"picked":"VioletLotus"}],"items_purged_floors":[5,19],"is_endless":false,"potions_floor_spawned":[3,4,16,18,21],"killed_by":"Book of Stabbing","ascension_level":20}}