{"host":"l60rmjjsfi0fipmi","time":1609987413,"event":{"mods":["BaseMod","Colored Map","DeckTracker","Highlight Path","Minty Spire (QoL Compilation)"],"gold_per_floor":[110,110,122,122,132,132,145,170,193,193,66,66,30,30,30,133,133,151,151,151,171,184,184,4,4,4],"floor_reached":25,"playtime":1245,"items_purged":["Parasite","Parasite"],"score":198,"play_id":"b9578e1f-cfd1-4a03-8435-38f13845297c","local_time":"20210106214333","is_ascension_mode":false,"campfire_choices":[{"data":"Eruption","floor":6,"key":"SMITH"},{"data":"Meditate","floor":10,"key":"SMITH"},{"floor":15,"key":"REST"},{"floor":23,"key":"REST"}],"circlet_count":0,"master_deck":["Strike_P","Strike_P","Strike_P","Defend_P","Defend_P","Defend_P","Eruption+1","Vigilance","LikeWater","Meditate+1","Prostrate","EmptyFist","Crescendo","Halt","SandsOfTime","Establishment","Wireheading","FollowUp","FlyingSleeves","FlurryOfBlows+1","BattleHymn"],"relics":["Cursed Key","Anchor","Nunchaku","Vajra","Gremlin Horn","Spirit Poop","Empty Cage","Shuriken"],"acts_visited":["Exordium","TheCity"],"potions_floor_usage":[25],"damage_taken":[{"damage":2,"enemies":"Small Slimes","floor":1,"turns":5},{"damage":0,"enemies":"Jaw Worm","floor":3,"turns":3},{"damage":0,"enemies":"Cultist","floor":5,"turns":4},{"damage":0,"enemies":"Large Slime","floor":7,"turns":5},{"damage":17,"enemies":"Lagavulin","floor":8,"turns":7},{"damage":10,"enemies":"The Guardian","floor":16,"turns":10},{"damage":0,"enemies":"Chosen","floor":18,"turns":3},{"damage":22,"enemies":"2 Thieves","floor":21,"turns":3},{"damage":28,"enemies":"Sentry and Sphere","floor":22,"turns":5},{"damage":46,"enemies":"Slavers","floor":25,"turns":5}],"seed_played":"4159450083695559819","potions_obtained":[{"floor":1,"key":"ColorlessPotion"},{"floor":5,"key":"FearPotion"},{"floor":16,"key":"Dexterity Potion"},{"floor":18,"key":"DuplicationPotion"}],"is_trial":false,"path_per_floor":["M","?","M","T","M","R","M","E","T","R","$","?","$","?","R","B",null,"M","?","T","M","M","R","$","E"],"character_chosen":"WATCHER","items_purchased":["Halt","SandsOfTime","BattleHymn"],"campfire_rested":2,"item_purchase_floors":[11,13,24],"current_hp_per_floor":[70,75,75,75,75,75,75,58,58,58,58,46,46,46,68,58,74,74,74,74,52,24,46,46,0,0],"gold":4,"neow_bonus":"BOSS_RELIC","is_daily":false,"chose_seed":false,"campfire_upgraded":2,"win_rate":0.0,"timestamp":1609987413,"path_taken":["M","?","M","?","?","R","M","E","T","R","$","?","$","?","R","BOSS","M","?","?","M","M","R","?","E"],"items_purchased_type":["Card","Card","Card"],"build_version":"2020-12-22","purchased_purges":2,"victory":false,"max_hp_per_floor":[72,77,77,77,77,77,77,77,77,77,74,74,74,74,74,74,74,74,74,74,74,74,74,71,71,71],"card_choices":[{"not_picked":["Consecrate","MentalFortress"],"picked":"LikeWater","floor":1},{"not_picked":["ThirdEye","Prostrate"],"picked":"Meditate","floor":3},{"not_picked":["LikeWater","Perseverance"],"picked":"Prostrate","floor":5},{"not_picked":["FollowUp","FlyingSleeves"],"picked":"EmptyFist","floor":7},{"not_picked":["SashWhip","JustLucky"],"picked":"Crescendo","floor":8},{"not_picked":["SpiritShield","Ragnarok"],"picked":"Establishment","floor":16},{"not_picked":["LikeWater+1","FlyingSleeves"],"picked":"Wireheading","floor":18},{"not_picked":["Crescendo","BowlingBash"],"picked":"FlyingSleeves","floor":21},{"not_picked":["Crescendo","Collect"],"picked":"FlurryOfBlows+1","floor":22}],"player_experience":260004,"relics_obtained":[{"floor":4,"key":"Anchor"},{"floor":8,"key":"Nunchaku"},{"floor":9,"key":"Vajra"},{"floor":20,"key":"Shuriken"}],"event_choices":[{"damage_healed":0,"gold_gain":0,"player_choice":"Donut","damage_taken":0,"max_hp_gain":5,"max_hp_loss":0,"event_name":"Big Fish","floor":2,"gold_loss":0},{"damage_healed":0,"gold_gain":0,"player_choice":"Success","damage_taken":12,"relics_obtained":["Gremlin Horn"],"max_hp_gain":0,"max_hp_loss":0,"event_name":"Scrap Ooze","floor":12,"gold_loss":0},{"cards_removed":["Doubt"],"damage_healed":0,"gold_gain":0,"player_choice":"Offered Curse","damage_taken":0,"relics_obtained":["Spirit Poop"],"max_hp_gain":0,"max_hp_loss":0,"event_name":"Bonfire Elementals","floor":14,"gold_loss":0},{"damage_healed":0,"gold_gain":0,"player_choice":"Read","damage_taken":0,"max_hp_gain":0,"max_hp_loss":0,"event_name":"The Library","floor":19,"gold_loss":0,"cards_obtained":["FollowUp"]}],"is_beta":false,"boss_relics":[{"not_picked":["Busted Crown","Sozu"],"picked":"Empty Cage"}],"items_purged_floors":[11,24],"is_endless":false,"potions_floor_spawned":[1,5,16,18],"killed_by":"Slavers","ascension_level":0}}