{"host":"ordk2y2ebcetabk6","time":1609989161,"event":{"mods":["BaseMod","Better Debug","Colored Map","Colored Powertips","Downfall","Highlight Path","Minty Spire (QoL Compilation)","Permanent Neow","Rare Cards Sparkle","StSLib"],"gold_per_floor":[99,115,215,215,235,268,268,297,297,315,315,335,350,26,38,140,140,140,155,155,155,155,55,55,72,91,91,291,191,203,203,218,323,323,323,323,323,339,139,215,230,230],"floor_reached":43,"playtime":2576,"items_purged":["downfall:Haunted"],"score":661,"play_id":"3a54d69b-9bd8-48b0-9043-8b206f91ebb6","local_time":"20210106201241","is_ascension_mode":false,"campfire_choices":[{"data":"Guardian:TwinSlam","floor":1,"key":"SMITH"},{"data":"Guardian:PrimingBeam","floor":11,"key":"SMITH"},{"floor":18,"key":"RECALL"},{"data":"J.A.X.","floor":23,"key":"SMITH"},{"data":"Guardian:MultiBeam","floor":27,"key":"SMITH"},{"data":"Guardian:Recover","floor":29,"key":"SMITH"},{"data":"Guardian:VentSteam","floor":35,"key":"SMITH"},{"data":"Guardian:CompilePackage","floor":37,"key":"SMITH"}],"circlet_count":0,"master_deck":["Guardian:Strike_Guardian","Guardian:Defend_Guardian","Guardian:Defend_Guardian","Guardian:Defend_Guardian","Guardian:Defend_Guardian","Guardian:CurlUp","Guardian:TwinSlam+1","Guardian:PrimingBeam+1","Guardian:Reroute","Guardian:PrimingBeam","Guardian:Recover+1","Guardian:ChargeCore","Guardian:Incinerate","Guardian:ExploitGems","J.A.X.+1","Guardian:MultiBeam+1","Guardian:Orbwalk","Guardian:VentSteam+1","Guardian:CompilePackage+1","Guardian:Orbwalk+1","Guardian:PolyBeam","Guardian:RevengeProtocol"],"relics":["Busted Crown","Pen Nib","Ice Cream","InkBottle","Singing Bowl","Kunai","Empty Cage","downfall:HeartBlessingRed","downfall:HeartBlessingBlue","Sozu","downfall:TeleportStone","hexamod:CandleOfCauterizing","Sundial"],"acts_visited":["Exordium","TheCity","TheBeyond"],"potions_floor_usage":[13,16,16,42],"damage_taken":[{"damage":3,"enemies":"Jaw Worm","floor":2,"turns":3},{"damage":0,"enemies":"Small Slimes","floor":5,"turns":3},{"damage":17,"enemies":"3 Sentries","floor":6,"turns":8},{"damage":14,"enemies":"Gremlin Nob","floor":8,"turns":4},{"damage":0,"enemies":"Cultist","floor":10,"turns":3},{"damage":0,"enemies":"3 Louse","floor":12,"turns":4},{"damage":1,"enemies":"Large Slime","floor":13,"turns":3},{"damage":0,"enemies":"downfall:FleeingMerchant","floor":14,"turns":4},{"damage":8,"enemies":"Exordium Thugs","floor":15,"turns":3},{"damage":3,"enemies":"downfall:Silent","floor":16,"turns":6},{"damage":0,"enemies":"Shell Parasite","floor":19,"turns":5},{"damage":3,"enemies":"Chosen","floor":25,"turns":3},{"damage":16,"enemies":"Snake Plant","floor":26,"turns":3},{"damage":3,"enemies":"Sentry and Sphere","floor":30,"turns":3},{"damage":16,"enemies":"Shelled Parasite and Fungi","floor":32,"turns":4},{"damage":27,"enemies":"downfall:Watcher","floor":33,"turns":7},{"damage":8,"enemies":"Orb Walker","floor":38,"turns":2},{"damage":9,"enemies":"downfall:FleeingMerchant","floor":39,"turns":4},{"damage":9,"enemies":"3 Darklings","floor":41,"turns":2},{"damage":29,"enemies":"ArchetypeAct3BlockNewAge","floor":42,"turns":7}],"seed_played":"-6597335652418101539","potions_obtained":[{"floor":5,"key":"Ancient Potion"},{"floor":8,"key":"Ancient Potion"},{"floor":12,"key":"Block Potion"},{"floor":16,"key":"champ:CounterPotion"},{"floor":26,"key":"Guardian:DefensiveModePotion"},{"floor":30,"key":"Strength Potion"},{"floor":32,"key":"Block Potion"}],"is_trial":false,"path_per_floor":["R","M","?","?","M","E","T","E","T","M","R","M","M","$","M","B",null,"R","M","?","?","?","R","T","M","M","R","?","R","M","?","M","B",null,"R","?","R","M","$","T","M","B",null],"character_chosen":"GUARDIAN","items_purchased":["Kunai","Guardian:ChargeCore","Guardian:PolyBeam","Guardian:RevengeProtocol","hexamod:CandleOfCauterizing"],"campfire_rested":0,"item_purchase_floors":[14,14,39,39,39],"current_hp_per_floor":[80,77,77,77,77,60,60,46,46,46,46,48,47,49,41,38,84,84,84,84,84,84,84,84,83,67,67,67,77,74,74,60,33,98,98,98,98,92,83,83,76,47],"gold":230,"neow_bonus":"BOSS_RELIC","is_daily":false,"chose_seed":false,"campfire_upgraded":7,"win_rate":0.0,"timestamp":1609989161,"path_taken":["R","M","?","?","M","E","T","E","?","M","R","M","M","$","M","BOSS","R","M","?","?","?","R","T","M","?","R","?","R","M","?","M","BOSS","R","?","R","M","$","?","M","BOSS"],"items_purchased_type":["Relic","Card","Card","Card","Relic"],"build_version":"2020-12-22","purchased_purges":1,"victory":true,"max_hp_per_floor":[80,80,80,80,80,80,80,80,80,80,80,82,82,84,84,84,84,84,84,84,84,84,84,84,86,86,86,86,96,96,96,98,98,98,98,98,98,100,100,100,102,102],"card_choices":[{"not_picked":[],"picked":"Guardian:PrimingBeam","floor":2},{"not_picked":[],"picked":"Guardian:Reroute","floor":5},{"not_picked":[],"picked":"Guardian:PrimingBeam","floor":6},{"not_picked":[],"picked":"Guardian:Gem_Red","floor":8},{"not_picked":[],"picked":"Guardian:Gem_Cyan","floor":10},{"not_picked":["Guardian:Suspension"],"picked":"Singing Bowl","floor":12},{"not_picked":[],"picked":"Guardian:Recover","floor":13},{"not_picked":["Guardian:Gem_Green"],"picked":"Singing Bowl","floor":14},{"not_picked":[],"picked":"Guardian:Incinerate","floor":15},{"not_picked":[],"picked":"Guardian:ExploitGems","floor":16},{"not_picked":[],"picked":"Guardian:Gem_Blue","floor":19},{"not_picked":["Guardian:CrystalBeam"],"picked":"Singing Bowl","floor":25},{"not_picked":[],"picked":"Guardian:Orbwalk","floor":26},{"not_picked":[],"picked":"Guardian:VentSteam","floor":30},{"not_picked":["Guardian:Suspension+1"],"picked":"Singing Bowl","floor":32},{"not_picked":[],"picked":"Guardian:CompilePackage","floor":33},{"not_picked":["Guardian:CrystalBeam"],"picked":"Singing Bowl","floor":38},{"not_picked":[],"picked":"Guardian:Orbwalk+1","floor":39},{"not_picked":["Guardian:Gem_Lightblue"],"picked":"Singing Bowl","floor":41}],"player_experience":990692,"relics_obtained":[{"floor":6,"key":"Pen Nib"},{"floor":7,"key":"Ice Cream"},{"floor":8,"key":"InkBottle"},{"floor":9,"key":"Singing Bowl"},{"floor":40,"key":"Sundial"}],"event_choices":[{"damage_healed":0,"gold_gain":0,"player_choice":"Obtain J.A.X.","damage_taken":0,"max_hp_gain":0,"max_hp_loss":0,"event_name":"Drug Dealer","floor":20,"gold_loss":0,"cards_obtained":["J.A.X."]},{"damage_healed":0,"gold_gain":0,"player_choice":"Ignored","damage_taken":0,"max_hp_gain":0,"max_hp_loss":0,"event_name":"Ghosts","floor":21,"gold_loss":0},{"damage_healed":0,"gold_gain":0,"player_choice":"Ignored","damage_taken":0,"max_hp_gain":0,"max_hp_loss":0,"event_name":"Vampires","floor":31,"gold_loss":0}],"is_beta":false,"boss_relics":[{"not_picked":["Cursed Key","Runic Pyramid"],"picked":"Empty Cage"},{"not_picked":["Astrolabe","Calling Bell"],"picked":"Sozu"}],"items_purged_floors":[39],"is_endless":false,"potions_floor_spawned":[5,8,12,16,26,30,32,38],"ascension_level":0}}