{"host":"54vghy6hfkyy1r39","time":1609984245,"event":{"mods":["AchievementEnabler","BaseMod","Minty Spire (QoL Compilation)","StSLib","SuperFastMode","everything is the same but u backflip on backflip"],"gold_per_floor":[118,118,190,209,225,256,270,270,322,352,352,15,26,46,46,46,46],"floor_reached":16,"playtime":588,"items_purged":[],"score":102,"play_id":"09d9dec6-ddc6-4e1d-8d9d-88a10f6d8a47","local_time":"20210107105045","is_ascension_mode":false,"campfire_choices":[{"floor":8,"key":"REST"},{"floor":11,"key":"REST"},{"floor":15,"key":"REST"}],"circlet_count":0,"master_deck":["Strike_G","Strike_G","Strike_G","Strike_G","Defend_G","Defend_G","Defend_G","Defend_G","Defend_G","Survivor","Neutralize","Blade Dance","Accuracy","Tactician","Backflip","Well Laid Plans","Backflip","Acrobatics"],"relics":["Ring of the Snake","NeowsBlessing","Darkstone Periapt","PreservedInsect","Tiny Chest","Odd Mushroom","Ice Cream"],"acts_visited":["Exordium"],"potions_floor_usage":[16,16,16],"damage_taken":[{"damage":0,"enemies":"2 Louse","floor":1,"turns":1},{"damage":0,"enemies":"Jaw Worm","floor":4,"turns":1},{"damage":0,"enemies":"Small Slimes","floor":5,"turns":1},{"damage":32,"enemies":"Gremlin Nob","floor":6,"turns":5},{"damage":11,"enemies":"Blue Slaver","floor":7,"turns":5},{"damage":23,"enemies":"The Mushroom Lair","floor":10,"turns":4},{"damage":5,"enemies":"Exordium Thugs","floor":13,"turns":5},{"damage":13,"enemies":"Gremlin Gang","floor":14,"turns":7},{"damage":43,"enemies":"The Guardian","floor":16,"turns":14}],"seed_played":"4585048896342691469","potions_obtained":[{"floor":5,"key":"Swift Potion"},{"floor":6,"key":"SneckoOil"},{"floor":14,"key":"Dexterity Potion"}],"is_trial":false,"path_per_floor":["M","?","T","M","M","E","M","R","T","?","R","$","M","M","R","B"],"character_chosen":"THE_SILENT","items_purchased":["Ice Cream","Acrobatics"],"campfire_rested":3,"item_purchase_floors":[12,12],"current_hp_per_floor":[70,63,63,63,63,31,20,41,41,18,39,39,34,21,42,0,0],"gold":46,"neow_bonus":"THREE_ENEMY_KILL","is_daily":false,"chose_seed":false,"campfire_upgraded":0,"win_rate":0.0,"timestamp":1609984245,"path_taken":["M","?","?","M","M","E","M","R","T","?","R","$","M","M","R","BOSS"],"items_purchased_type":["Relic","Card"],"build_version":"2020-12-22","purchased_purges":0,"victory":false,"max_hp_per_floor":[70,70,70,70,70,70,70,70,70,70,70,70,70,70,70,70,70],"card_choices":[{"not_picked":["Concentrate","Heel Hook"],"picked":"Blade Dance","floor":1},{"not_picked":["Dodge and Roll","Sucker Punch"],"picked":"Accuracy","floor":4},{"not_picked":["Deadly Poison","Distraction"],"picked":"Tactician","floor":5},{"not_picked":["Envenom","Phantasmal Killer"],"picked":"Backflip","floor":6},{"not_picked":["Quick Slash","Dodge and Roll"],"picked":"Well Laid Plans","floor":7},{"not_picked":["Deadly Poison","Poisoned Stab"],"picked":"Backflip","floor":10},{"not_picked":["Flying Knee","PiercingWail","Backflip"],"picked":"SKIP","floor":13},{"not_picked":["Flying Knee","Quick Slash","PiercingWail"],"picked":"SKIP","floor":14}],"player_experience":192784,"relics_obtained":[{"floor":3,"key":"Darkstone Periapt"},{"floor":6,"key":"PreservedInsect"},{"floor":9,"key":"Tiny Chest"},{"floor":10,"key":"Odd Mushroom"}],"event_choices":[{"cards_removed":["Strike_G"],"damage_healed":0,"gold_gain":0,"player_choice":"Card Removal","damage_taken":7,"max_hp_gain":0,"max_hp_loss":0,"event_name":"Golden Wing","floor":2,"gold_loss":0},{"damage_healed":0,"gold_gain":0,"player_choice":"Fought Mushrooms","damage_taken":0,"max_hp_gain":0,"max_hp_loss":0,"event_name":"Mushrooms","floor":10,"gold_loss":0}],"is_beta":false,"boss_relics":[],"items_purged_floors":[],"is_endless":false,"potions_floor_spawned":[5,6,14],"killed_by":"The Guardian","ascension_level":0}}