{"host":"840yoaz69lavfcgt","time":1609994683,"event":{"mods":["BaseMod","Colored Powertips","DeckTracker","Highlight Path","Minty Spire (QoL Compilation)","Synergy Search"],"gold_per_floor":[119,119,130,48,48,48,77,88,112,125,137,137,11,46,46,146,146,166,177,177,177,195,195,223,223,248,262,262,276,28,28,28],"floor_reached":31,"playtime":2692,"items_purged":[],"score":290,"play_id":"a3dbdcac-0bb2-4ebc-bbab-1e9d3b832873","local_time":"20210106234443","is_ascension_mode":false,"campfire_choices":[{"data":"Swivel","floor":6.0,"key":"SMITH"},{"floor":12.0,"key":"REST"},{"floor":15.0,"key":"REST"},{"floor":23.0,"key":"REST"},{"floor":25,"key":"REST"},{"floor":28,"key":"REST"}],"circlet_count":0,"master_deck":["Strike_P","Strike_P","Strike_P","Defend_P","Defend_P","Defend_P","Defend_P","Eruption","Vigilance","Discovery+1","CarveReality","Swivel+1","PathToVictory","Nirvana","FlurryOfBlows","Consecrate","MasterReality","FlurryOfBlows","Prostrate","Ragnarok","JustLucky+1","Establishment+1","BattleHymn+1","Wireheading","JustLucky+1","BowlingBash+1","PathToVictory+1","PathToVictory","JustLucky+1"],"relics":["PureWater","Potion Belt","Boot","Molten Egg 2","SacredBark","Toy Ornithopter","Pen Nib","Ancient Tea Set"],"acts_visited":["Exordium","TheCity"],"potions_floor_usage":[27,27,29,31],"damage_taken":[{"damage":1.0,"enemies":"Jaw Worm","floor":1.0,"turns":4.0},{"damage":0.0,"enemies":"Cultist","floor":3.0,"turns":3.0},{"damage":48.0,"enemies":"3 Sentries","floor":7.0,"turns":17.0},{"damage":0.0,"enemies":"2 Louse","floor":8.0,"turns":3.0},{"damage":2.0,"enemies":"Blue Slaver","floor":10.0,"turns":3.0},{"damage":0.0,"enemies":"Exordium Thugs","floor":11.0,"turns":2.0},{"damage":0.0,"enemies":"Lagavulin","floor":14.0,"turns":3.0},{"damage":35.0,"enemies":"The Guardian","floor":16.0,"turns":10.0},{"damage":16.0,"enemies":"Shell Parasite","floor":18.0,"turns":5.0},{"damage":5.0,"enemies":"3 Byrds","floor":19.0,"turns":3.0},{"damage":12.0,"enemies":"Centurion and Healer","floor":22.0,"turns":6.0},{"damage":53,"enemies":"Gremlin Leader","floor":24,"turns":6},{"damage":5,"enemies":"Cultist and Chosen","floor":27,"turns":4},{"damage":31,"enemies":"Snecko","floor":29,"turns":5},{"damage":35,"enemies":"Slavers","floor":31,"turns":4}],"seed_played":"-1795985756774055507","potions_obtained":[{"floor":7.0,"key":"DistilledChaos"},{"floor":8.0,"key":"Energy Potion"},{"floor":10.0,"key":"SneckoOil"},{"floor":11.0,"key":"SkillPotion"},{"floor":16.0,"key":"Energy Potion"},{"floor":19.0,"key":"LiquidMemories"},{"floor":24,"key":"GamblersBrew"}],"is_trial":false,"path_per_floor":["M","?","M","$","?","R","E","M","T","M","M","R","$","E","R","B",null,"M","M","?","?","M","R","E","R","T","M","R","M","$","E"],"character_chosen":"WATCHER","items_purchased":["PathToVictory","Nirvana","Prostrate","Ragnarok","Ancient Tea Set","JustLucky+1","Dexterity Potion"],"campfire_rested":5,"item_purchase_floors":[4,4,13,13,30,30,30],"current_hp_per_floor":[71,64,64,64,64,64,16,16,16,14,14,35,35,35,56,21,72,56,51,51,51,39,60,7,28,28,33,54,28,28,0,0],"gold":28,"neow_bonus":"RANDOM_COLORLESS","is_daily":false,"chose_seed":false,"campfire_upgraded":1,"win_rate":0.0,"timestamp":1609994683,"path_taken":["M","?","M","$","?","R","E","?","T","M","?","R","$","E","R","BOSS","M","M","?","?","?","R","E","R","T","M","R","?","$","E"],"items_purchased_type":["Card","Card","Card","Card","Relic","Card","Potion"],"build_version":"2020-12-22","purchased_purges":0,"victory":false,"max_hp_per_floor":[72,72,72,72,72,72,72,72,72,72,72,72,72,72,72,72,72,72,72,72,72,72,72,72,72,72,72,72,72,72,72,72],"card_choices":[{"not_picked":["Purity","Jack Of All Trades"],"picked":"Discovery","floor":0.0},{"not_picked":["WheelKick","EmptyFist"],"picked":"CarveReality","floor":1.0},{"not_picked":["CutThroughFate","Evaluate"],"picked":"Swivel","floor":3.0},{"not_picked":["BowlingBash","Study"],"picked":"FlurryOfBlows","floor":7.0},{"not_picked":["EmptyBody","BowlingBash"],"picked":"Consecrate","floor":8.0},{"not_picked":["EmptyFist","Crescendo"],"picked":"MasterReality","floor":10.0},{"not_picked":["PathToVictory","EmptyBody"],"picked":"FlurryOfBlows","floor":11.0},{"not_picked":["CutThroughFate+1","ThirdEye"],"picked":"JustLucky+1","floor":14.0},{"not_picked":["Judgement","Wish"],"picked":"Establishment","floor":16.0},{"not_picked":["ClearTheMind","Weave+1"],"picked":"BattleHymn+1","floor":18.0},{"not_picked":["CutThroughFate+1","Prostrate"],"picked":"Wireheading","floor":19.0},{"not_picked":["Perseverance","Vengeance"],"picked":"JustLucky+1","floor":22.0},{"not_picked":["DeusExMachina","ClearTheMind"],"picked":"BowlingBash+1","floor":24},{"not_picked":["FollowUp+1","FlurryOfBlows+1"],"picked":"PathToVictory+1","floor":27},{"not_picked":["ClearTheMind","CrushJoints+1"],"picked":"PathToVictory","floor":29}],"player_experience":157850,"relics_obtained":[{"floor":7.0,"key":"Potion Belt"},{"floor":9.0,"key":"Boot"},{"floor":14.0,"key":"Molten Egg 2"},{"floor":24,"key":"Toy Ornithopter"},{"floor":26,"key":"Pen Nib"}],"event_choices":[{"cards_removed":["Strike_P"],"damage_healed":0.0,"max_hp_gain":0.0,"max_hp_loss":0.0,"gold_gain":0.0,"event_name":"Golden Wing","player_choice":"Card Removal","floor":2.0,"gold_loss":0.0,"damage_taken":7.0},{"damage_healed":0.0,"max_hp_gain":0.0,"max_hp_loss":0.0,"gold_gain":0.0,"event_name":"Upgrade Shrine","player_choice":"Upgraded","floor":5.0,"gold_loss":0.0,"damage_taken":0.0,"cards_upgraded":["Discovery"]},{"damage_healed":0.0,"max_hp_gain":0.0,"max_hp_loss":0.0,"gold_gain":0.0,"event_name":"Ghosts","player_choice":"Ignored","floor":20.0,"gold_loss":0.0,"damage_taken":0.0},{"damage_healed":0.0,"max_hp_gain":0.0,"max_hp_loss":0.0,"gold_gain":0.0,"event_name":"Upgrade Shrine","player_choice":"Upgraded","floor":21.0,"gold_loss":0.0,"damage_taken":0.0,"cards_upgraded":["Establishment"]}],"is_beta":false,"boss_relics":[{"not_picked":["Sozu","VioletLotus"],"picked":"SacredBark"}],"items_purged_floors":[],"is_endless":false,"potions_floor_spawned":[7,8,10,11,16,19,24],"killed_by":"Slavers","ascension_level":0}}