{"host":"Bilverbakes","time":1609996120,"event":{"mods":["2.2 Compatiblity","AchievementEnabler","BaseMod","Bestiary","Colored Map","Minty Spire (QoL Compilation)","Relic Stats","StSLib","ojb\u0027s Info Mod"],"gold_per_floor":[110,18,31,49,59,87,87,119,119,44,44,70,70,88,88,166,166,182,20,20,35,46,74,87,115,160,172,184,184],"floor_reached":28,"playtime":1383,"items_purged":["Shame"],"score":699,"play_id":"67b629c0-a718-47f7-b9af-cee827c551de","local_time":"20210106230840","is_ascension_mode":true,"campfire_choices":[{"data":"BowlingBash","floor":7.0,"key":"SMITH"},{"data":"Tantrum","floor":11.0,"key":"SMITH"},{"data":"TalkToTheHand","floor":13.0,"key":"SMITH"},{"data":"FollowUp","floor":15.0,"key":"SMITH"},{"data":"EmptyMind","floor":27.0,"key":"SMITH"}],"circlet_count":0,"master_deck":["AscendersBane","Strike_P","Strike_P","Strike_P+1","Strike_P","Defend_P","Defend_P","Defend_P","Defend_P+1","Eruption","Vigilance","BowlingBash+1","Tantrum+1","EmptyFist","ClearTheMind","FollowUp+1","DeusExMachina","DeceiveReality+1","TalkToTheHand+1","WaveOfTheHand","LessonLearned","EmptyMind+1","Flash of Steel","Halt","CutThroughFate","CutThroughFate","Sanctity+1","Protect+1","Sanctity+1","Doubt"],"relics":["Cursed Key","Boot","Matryoshka","StrikeDummy","Coffee Dripper","Toxic Egg 2","Oddly Smooth Stone","White Beast Statue","MawBank"],"acts_visited":["Exordium","TheCity"],"potions_floor_usage":[28],"damage_taken":[{"damage":7.0,"enemies":"Jaw Worm","floor":1.0,"turns":6.0},{"damage":0.0,"enemies":"Small Slimes","floor":3.0,"turns":3.0},{"damage":0.0,"enemies":"2 Louse","floor":4.0,"turns":2.0},{"damage":6.0,"enemies":"Red Slaver","floor":5.0,"turns":2.0},{"damage":32.0,"enemies":"Gremlin Nob","floor":6.0,"turns":4.0},{"damage":0.0,"enemies":"Lagavulin","floor":8.0,"turns":4.0},{"damage":0.0,"enemies":"3 Sentries","floor":12.0,"turns":4.0},{"damage":0.0,"enemies":"3 Louse","floor":14.0,"turns":3.0},{"damage":0.0,"enemies":"Slime Boss","floor":16.0,"turns":4.0},{"damage":20.0,"enemies":"2 Thieves","floor":18.0,"turns":3.0},{"damage":0.0,"enemies":"Chosen","floor":21.0,"turns":4.0},{"damage":27.0,"enemies":"Snecko","floor":22.0,"turns":4.0},{"damage":6.0,"enemies":"Book of Stabbing","floor":23.0,"turns":3.0},{"damage":0.0,"enemies":"Centurion and Healer","floor":24.0,"turns":6.0},{"damage":6.0,"enemies":"Slavers","floor":25.0,"turns":6.0},{"damage":0,"enemies":"Gremlin Leader","floor":28,"turns":4}],"seed_played":"-5747562202017159403","potions_obtained":[{"floor":1.0,"key":"FearPotion"},{"floor":5.0,"key":"PowerPotion"},{"floor":6.0,"key":"AttackPotion"},{"floor":8.0,"key":"SteroidPotion"},{"floor":16.0,"key":"LiquidMemories"},{"floor":24.0,"key":"Fruit Juice"}],"is_trial":false,"path_per_floor":["M","$","M","M","M","E","R","E","T","$","R","E","R","M","R","B",null,"M","$","?","M","M","E","M","E","T","R","E"],"character_chosen":"WATCHER","items_purchased":["Tantrum","EmptyFist","Flash of Steel","Halt"],"campfire_rested":0,"item_purchase_floors":[2,2,19,19],"current_hp_per_floor":[54,54,54,54,48,16,16,16,16,16,16,16,16,16,16,16,55,35,35,49,49,22,16,16,10,10,10,15,15],"gold":184,"neow_bonus":"BOSS_RELIC","is_daily":false,"chose_seed":false,"campfire_upgraded":5,"win_rate":0.0,"timestamp":1609996120,"path_taken":["M","$","M","M","M","E","R","E","T","$","R","E","R","M","R","BOSS","M","$","?","M","M","E","M","E","T","R","E"],"items_purchased_type":["Card","Card","Card","Card"],"build_version":"2020-12-18","purchased_purges":1,"victory":false,"max_hp_per_floor":[68,68,68,68,68,68,68,68,68,68,68,68,68,68,68,68,68,68,68,68,68,68,68,68,68,68,68,73,73],"relic_stats":{"counters":[16,62],"Cursed Key":2,"Boot":[76],"MawBank":24,"obtain_stats":[{"Matryoshka":9,"Oddly Smooth Stone":25,"Coffee Dripper":17,"PureWater":0,"Toxic Egg 2":23,"Cursed Key":0,"Boot":6,"StrikeDummy":12,"MawBank":26,"White Beast Statue":26},{"Matryoshka":6,"Oddly Smooth Stone":15,"Coffee Dripper":9,"PureWater":0,"Toxic Egg 2":13,"Cursed Key":0,"Boot":5,"StrikeDummy":7,"MawBank":15,"White Beast Statue":15},{"Matryoshka":21,"Oddly Smooth Stone":58,"Coffee Dripper":32,"PureWater":0,"Toxic Egg 2":46,"Cursed Key":0,"Boot":17,"StrikeDummy":25,"MawBank":58,"White Beast Statue":58}]},"card_choices":[{"not_picked":["Vengeance","PathToVictory"],"picked":"BowlingBash","floor":1.0},{"not_picked":["Protect","CrushJoints","Pray"],"picked":"SKIP","floor":3.0},{"not_picked":["PathToVictory","WindmillStrike"],"picked":"ClearTheMind","floor":4.0},{"not_picked":["Nirvana","JustLucky"],"picked":"FollowUp","floor":5.0},{"not_picked":["Crescendo","FlyingSleeves"],"picked":"DeusExMachina","floor":6.0},{"not_picked":["ThirdEye","ClearTheMind"],"picked":"DeceiveReality","floor":8.0},{"not_picked":["Sanctity","Vengeance"],"picked":"TalkToTheHand","floor":12.0},{"not_picked":["ThirdEye","BowlingBash"],"picked":"WaveOfTheHand","floor":14.0},{"not_picked":["Wish","Brilliance"],"picked":"LessonLearned","floor":16.0},{"not_picked":["Evaluate","MentalFortress"],"picked":"EmptyMind","floor":18.0},{"not_picked":["Protect","Halt"],"picked":"CutThroughFate","floor":21.0},{"not_picked":["EmptyBody","Prostrate"],"picked":"CutThroughFate","floor":22.0},{"not_picked":["BattleHymn","PathToVictory+1"],"picked":"Sanctity+1","floor":23.0},{"not_picked":["ClearTheMind+1","Halt+1"],"picked":"Protect+1","floor":24.0},{"not_picked":["Conclude","DeceiveReality+1"],"picked":"Sanctity+1","floor":25.0}],"player_experience":623227,"relics_obtained":[{"floor":6.0,"key":"Boot"},{"floor":9.0,"key":"Matryoshka"},{"floor":12.0,"key":"StrikeDummy"},{"floor":23.0,"key":"Toxic Egg 2"},{"floor":25.0,"key":"Oddly Smooth Stone"},{"floor":26.0,"key":"White Beast Statue"},{"floor":26.0,"key":"MawBank"}],"event_choices":[{"damage_healed":14.0,"max_hp_gain":0.0,"max_hp_loss":0.0,"gold_gain":0.0,"event_name":"The Library","player_choice":"Heal","floor":20.0,"gold_loss":0.0,"damage_taken":0.0}],"is_beta":true,"boss_relics":[{"not_picked":["VioletLotus","Calling Bell"],"picked":"Coffee Dripper"}],"items_purged_floors":[10],"is_endless":false,"potions_floor_spawned":[1,5,6,8,14,16,24],"killed_by":"Gremlin Leader","ascension_level":17}}