{"host":"kw4o7b3ro2ktmmbe","time":1609981776,"event":{"mods":["100% Spire Juice","BaseMod","Evolution","Minty Spire (QoL Compilation)","StSLib"],"gold_per_floor":[115,190,190,201,214,214,111,129,129,144,160,40,63,63,63,161,41,60,60,60,74,88,115,115,143,143,143,172,189,189,7,7,106,106,124,174,174,190,207,207,236,161,161,175,187,200,200,53,53,53],"floor_reached":51,"playtime":5455,"items_purged":["Moonworks:Strike"],"score":869,"play_id":"8430f95a-ff30-43e1-b1fb-832a820e1bab","local_time":"20210107140936","is_ascension_mode":true,"campfire_choices":[{"data":"Moonworks:AnotherUltimateWeapon","floor":6.0,"key":"SMITH"},{"data":"Moonworks:WindyEnchantment","floor":12.0,"key":"SMITH"},{"data":"Moonworks:WindyEnchantment","floor":15.0,"key":"SMITH"},{"data":"Moonworks:CloudOfSeagulls","floor":24.0,"key":"SMITH"},{"data":"Moonworks:AnotherUltimateWeapon","floor":27.0,"key":"SMITH"},{"data":"Moonworks:IndiscriminateFireSupport","floor":32.0,"key":"SMITH"},{"data":"Moonworks:MetallicMonocoque","floor":40.0,"key":"SMITH"},{"floor":47.0,"key":"DIG"},{"floor":49,"key":"DIG"}],"circlet_count":0,"master_deck":["Moonworks:Strike","Moonworks:Strike+1","Moonworks:Defend","Moonworks:Defend","Moonworks:Defend","Moonworks:Defend","Moonworks:Ambush","Moonworks:LongDistanceShot","Moonworks:RagingMadness","Moonworks:AnotherUltimateWeapon+1","Moonworks:WindyEnchantment+1","Moonworks:WindyEnchantment+1","Moonworks:JonathanRush","Moonworks:ForcedRevival","Moonworks:JonathanRush+1","Moonworks:Dinner+1","Moonworks:GoAway+1","Moonworks:IndiscriminateFireSupport+1","Moonworks:CloudOfSeagulls+1","Moonworks:ForcedRevival+1","Moonworks:AnotherUltimateWeapon+1","Moonworks:IndiscriminateFireSupport+1","Moonworks:UnpaidWork+1","Moonworks:EvilSpyWorkPreparation+1","Moonworks:Flamethrower+1","Moonworks:MetallicMonocoque+1","Moonworks:UnluckyCharm+1","Moonworks:LuckyCharm+1","Moonworks:AnotherUltimateWeapon+1","Moonworks:TreasureThief+1","Moonworks:SakisCookie+1","Moonworks:BigMagnum+1","Moonworks:Dinner+1"],"relics":["Moonworks:Homemark","EVO:Axolotl","Runic Dome","Toxic Egg 2","Odd Mushroom","Bag of Marbles","Philosopher\u0027s Stone","Mango","Bottled Tornado","White Beast Statue","PreservedInsect","Dream Catcher","OrangePellets","SacredBark","FossilizedHelix","Letter Opener","Shovel","Shuriken","Whetstone","Ice Cream"],"acts_visited":["Exordium","TheCity","TheBeyond"],"potions_floor_usage":[50,50,50],"damage_taken":[{"damage":1.0,"enemies":"Jaw Worm","floor":1.0,"turns":3.0},{"damage":0.0,"enemies":"Small Slimes","floor":4.0,"turns":3.0},{"damage":0.0,"enemies":"Cultist","floor":5.0,"turns":2.0},{"damage":5.0,"enemies":"Looter","floor":7.0,"turns":3.0},{"damage":4.0,"enemies":"Large Slime","floor":8.0,"turns":3.0},{"damage":0.0,"enemies":"2 Fungi Beasts","floor":10.0,"turns":4.0},{"damage":0.0,"enemies":"3 Louse","floor":11.0,"turns":1.0},{"damage":1.0,"enemies":"The Mushroom Lair","floor":13.0,"turns":3.0},{"damage":0.0,"enemies":"Slime Boss","floor":16.0,"turns":6.0},{"damage":1.0,"enemies":"2 Thieves","floor":18.0,"turns":3.0},{"damage":0.0,"enemies":"Spheric Guardian","floor":21.0,"turns":3.0},{"damage":12.0,"enemies":"Chosen and Byrds","floor":22.0,"turns":4.0},{"damage":11.0,"enemies":"Slavers","floor":23.0,"turns":3.0},{"damage":16.0,"enemies":"Book of Stabbing","floor":25.0,"turns":4.0},{"damage":22.0,"enemies":"Gremlin Leader","floor":28.0,"turns":4.0},{"damage":0.0,"enemies":"Snecko","floor":29.0,"turns":2.0},{"damage":0.0,"enemies":"Automaton","floor":33.0,"turns":4.0},{"damage":24.0,"enemies":"3 Darklings","floor":35.0,"turns":4.0},{"damage":0.0,"enemies":"Mind Bloom Boss Battle","floor":36.0,"turns":3.0},{"damage":0.0,"enemies":"3 Shapes","floor":38.0,"turns":2.0},{"damage":0.0,"enemies":"Transient","floor":39.0,"turns":5.0},{"damage":0.0,"enemies":"Giant Head","floor":41.0,"turns":5.0},{"damage":10.0,"enemies":"Sphere and 2 Shapes","floor":44.0,"turns":2.0},{"damage":16.0,"enemies":"Jaw Worm Horde","floor":45.0,"turns":3.0},{"damage":16.0,"enemies":"Spire Growth","floor":46.0,"turns":4.0},{"damage":37,"enemies":"Time Eater","floor":50,"turns":6}],"seed_played":"8173803207283206750","potions_obtained":[{"floor":1.0,"key":"Explosive Potion"},{"floor":7.0,"key":"SmokeBomb"},{"floor":10.0,"key":"PowerPotion"},{"floor":13.0,"key":"Dexterity Potion"},{"floor":21.0,"key":"Block Potion"},{"floor":22.0,"key":"Explosive Potion"},{"floor":28.0,"key":"DuplicationPotion"},{"floor":29.0,"key":"LiquidBronze"},{"floor":33.0,"key":"CultistPotion"},{"floor":35.0,"key":"SkillPotion"},{"floor":36.0,"key":"Energy Potion"},{"floor":39.0,"key":"Explosive Potion"},{"floor":41.0,"key":"Regen Potion"},{"floor":44.0,"key":"DistilledChaos"},{"floor":45.0,"key":"PowerPotion"},{"floor":46.0,"key":"LiquidBronze"}],"is_trial":false,"path_per_floor":["M","?","?","M","M","R","M","M","T","M","M","R","?","?","R","B",null,"M","?","?","M","M","E","R","E","T","R","E","M","?","$","R","B",null,"M","?","?","M","M","R","E","$","T","M","M","M","R","$","R","B",null],"character_chosen":"THE_STARBREAKER","items_purchased":["OrangePellets","Moonworks:Flamethrower+1","Whetstone"],"campfire_rested":0,"item_purchase_floors":[31,31,48],"current_hp_per_floor":[59,48,48,48,48,48,43,39,39,44,44,44,48,36,36,51,60,60,60,50,59,59,70,70,66,66,66,61,74,74,74,74,79,79,64,79,79,79,79,79,79,79,79,79,69,69,69,69,69,79],"gold":53,"neow_bonus":"BOSS_RELIC","is_daily":false,"chose_seed":false,"campfire_upgraded":7,"win_rate":0.0,"timestamp":1609981776,"path_taken":["M","?","?","?","M","R","M","M","T","M","M","R","?","?","R","BOSS","M","?","?","M","M","E","R","E","T","R","E","M","?","$","R","BOSS","M","?","?","M","?","R","E","$","T","?","M","M","R","?","R","BOSS"],"items_purchased_type":["Relic","Card","Relic"],"build_version":"2020-12-22","purchased_purges":1,"victory":true,"max_hp_per_floor":[60,60,60,60,60,60,60,60,60,60,60,60,60,60,60,60,60,60,60,65,65,65,79,79,79,79,79,79,79,79,79,79,79,79,79,79,79,79,79,79,79,79,79,79,79,79,79,79,79,79],"card_choices":[{"not_picked":["Moonworks:ExtendedPhotonRifle","Moonworks:ImOnFire"],"picked":"Moonworks:RagingMadness","floor":1.0},{"not_picked":["Moonworks:ImOnFire","Moonworks:EvilSpyWorkPreparation"],"picked":"Moonworks:WindyEnchantment","floor":4.0},{"not_picked":["Moonworks:x16BigRocket","Moonworks:RagingMadness"],"picked":"Moonworks:WindyEnchantment","floor":5.0},{"not_picked":["Moonworks:DeployBits","Moonworks:ScrambledEve"],"picked":"Moonworks:JonathanRush","floor":7.0},{"not_picked":["Moonworks:FullSpeedAlicianrone","Moonworks:Assault"],"picked":"Moonworks:ForcedRevival","floor":8.0},{"not_picked":["Moonworks:IntelligenceOfficer+1","Moonworks:RagingMadness"],"picked":"Moonworks:JonathanRush","floor":10.0},{"not_picked":["Moonworks:FinalSurgery","Moonworks:AwakeningOfTalent","Moonworks:Assault"],"picked":"SKIP","floor":11.0},{"not_picked":["Moonworks:ScrambledEve+1","Moonworks:EvilSpyWorkPreparation+1"],"picked":"Moonworks:Dinner+1","floor":13.0},{"not_picked":["Moonworks:AnotherUltimateWeapon","Moonworks:SinkOrSwim"],"picked":"Moonworks:GoAway+1","floor":16.0},{"not_picked":["Moonworks:Assault","Moonworks:DeployBits+1"],"picked":"Moonworks:IndiscriminateFireSupport","floor":18.0},{"not_picked":["Moonworks:BigMagnum+1","Moonworks:NicePresent+1"],"picked":"Moonworks:CloudOfSeagulls","floor":21.0},{"not_picked":["Moonworks:Bloodlust+1","Moonworks:ImOnFire+1"],"picked":"Moonworks:ForcedRevival+1","floor":22.0},{"not_picked":["Moonworks:ImOnFire+1","Moonworks:CloudOfSeagulls"],"picked":"Moonworks:AnotherUltimateWeapon","floor":23.0},{"not_picked":["Moonworks:x16BigRocket+1","Moonworks:CastOff+1"],"picked":"Moonworks:IndiscriminateFireSupport+1","floor":25.0},{"not_picked":["Moonworks:TreasureThief+1","Moonworks:CloudOfSeagulls"],"picked":"Moonworks:UnpaidWork+1","floor":28.0},{"not_picked":["Moonworks:LulusLuckyEgg+1","Moonworks:CloudOfSeagulls"],"picked":"Moonworks:EvilSpyWorkPreparation+1","floor":29.0},{"not_picked":["Moonworks:Blazing","Moonworks:RocketCannon"],"picked":"Moonworks:MetallicMonocoque","floor":33.0},{"not_picked":["Moonworks:NicePresent+1","Moonworks:BindingChains+1"],"picked":"Moonworks:UnluckyCharm+1","floor":35.0},{"not_picked":["Moonworks:IntelligenceOfficer+1","Moonworks:Poppoformation+1"],"picked":"Moonworks:LuckyCharm+1","floor":36.0},{"not_picked":["Moonworks:Assault+1","Moonworks:BackdoorTrade+1","Moonworks:LulusLuckyEgg+1"],"picked":"SKIP","floor":38.0},{"not_picked":["Moonworks:WindyEnchantment+1","Moonworks:Flamethrower+1"],"picked":"Moonworks:TreasureThief+1","floor":39.0},{"not_picked":["Moonworks:FullSpeedAlicianrone+1","Moonworks:BigMagnum+1"],"picked":"Moonworks:SakisCookie+1","floor":41.0},{"not_picked":["Moonworks:TacticalRetreat+1","Moonworks:ImOnFire+1","Moonworks:CastOff+1"],"picked":"SKIP","floor":44.0},{"not_picked":["Moonworks:EvilSpyWorkPreparation+1","Moonworks:LulusLuckyEgg+1"],"picked":"Moonworks:BigMagnum+1","floor":45.0},{"not_picked":["Moonworks:RagingMadness","Moonworks:SakisCookie+1"],"picked":"Moonworks:Dinner+1","floor":46.0}],"player_experience":1803630,"relics_obtained":[{"floor":9.0,"key":"Toxic Egg 2"},{"floor":13.0,"key":"Odd Mushroom"},{"floor":23.0,"key":"Mango"},{"floor":25.0,"key":"Bottled Tornado"},{"floor":26.0,"key":"White Beast Statue"},{"floor":28.0,"key":"PreservedInsect"},{"floor":36.0,"key":"FossilizedHelix"},{"floor":41.0,"key":"Letter Opener"},{"floor":43.0,"key":"Shovel"},{"floor":47.0,"key":"Shuriken"},{"floor":49,"key":"Ice Cream"}],"event_choices":[{"damage_healed":0.0,"max_hp_gain":0.0,"max_hp_loss":0.0,"gold_gain":75.0,"event_name":"World of Goop","player_choice":"Gather Gold","floor":2.0,"gold_loss":0.0,"damage_taken":11.0},{"damage_healed":0.0,"max_hp_gain":0.0,"max_hp_loss":0.0,"gold_gain":0.0,"cards_transformed":["Moonworks:Strike"],"event_name":"Transmorgrifier","player_choice":"Transformed","floor":3.0,"gold_loss":0.0,"damage_taken":0.0,"cards_obtained":["Moonworks:AnotherUltimateWeapon"]},{"damage_healed":0.0,"max_hp_gain":0.0,"max_hp_loss":0.0,"gold_gain":0.0,"event_name":"Mushrooms","player_choice":"Fought Mushrooms","floor":13.0,"gold_loss":0.0,"damage_taken":0.0},{"damage_healed":0.0,"max_hp_gain":0.0,"max_hp_loss":0.0,"gold_gain":0.0,"event_name":"Scrap Ooze","player_choice":"Success","floor":14.0,"gold_loss":0.0,"damage_taken":12.0,"relics_obtained":["Bag of Marbles"]},{"damage_healed":0.0,"max_hp_gain":0.0,"max_hp_loss":0.0,"gold_gain":0.0,"event_name":"Ghosts","player_choice":"Ignored","floor":19.0,"gold_loss":0.0,"damage_taken":0.0},{"damage_healed":0.0,"max_hp_gain":5.0,"max_hp_loss":0.0,"gold_gain":0.0,"event_name":"Forgotten Altar","player_choice":"Shed Blood","floor":20.0,"gold_loss":0.0,"damage_taken":15.0},{"damage_healed":0.0,"max_hp_gain":0.0,"max_hp_loss":0.0,"gold_gain":0.0,"event_name":"The Mausoleum","player_choice":"Opened","floor":30.0,"gold_loss":0.0,"damage_taken":0.0,"relics_obtained":["Dream Catcher"]},{"damage_healed":0.0,"max_hp_gain":0.0,"max_hp_loss":0.0,"gold_gain":0.0,"event_name":"MindBloom","player_choice":"Fight","floor":36.0,"gold_loss":0.0,"damage_taken":0.0},{"damage_healed":0.0,"max_hp_gain":0.0,"max_hp_loss":0.0,"gold_gain":0.0,"event_name":"Duplicator","player_choice":"Copied","floor":37.0,"gold_loss":0.0,"damage_taken":0.0,"cards_obtained":["Moonworks:AnotherUltimateWeapon"]}],"is_beta":false,"boss_relics":[{"not_picked":["Fusion Hammer","Black Star"],"picked":"Philosopher\u0027s Stone"},{"not_picked":["Calling Bell","Cursed Key"],"picked":"SacredBark"}],"items_purged_floors":[42],"is_endless":false,"potions_floor_spawned":[1,7,10,13,21,22,28,29,33,35,36,38,39,41,44,45,46],"ascension_level":1}}