{"host":"x2ek6o6i0zlpy2ld","time":1609978048,"event":{"mods":["AchievementEnabler","BaseMod","Downfall","Minty Spire (QoL Compilation)","Quick Restart","StSLib"],"gold_per_floor":[99,99,99,99,99,24,102,102,132,144,159,179,104,104,116,211,211,136,155,170,170,185,220,243,168,168,35,55,55,72,102,119,219,219,219,239,239,239,91,105,105,105,125,135,2,20,30,30,44,44,44,75,2,2,2,2,2],"floor_reached":55,"playtime":3945,"items_purged":["Pain"],"score":784,"play_id":"7b10e806-ab55-4fd1-8ca1-f295f3620e70","local_time":"20210106180728","is_ascension_mode":false,"campfire_choices":[{"floor":1.0,"key":"RECALL"},{"data":"Guardian:TwinSlam","floor":6.0,"key":"SMITH"},{"data":"Guardian:DonusPower","floor":18.0,"key":"SMITH"},{"data":"Guardian:FloatingOrbs","floor":25.0,"key":"SMITH"},{"data":"RitualDagger","floor":35.0,"key":"SMITH"},{"data":"Guardian:Incinerate","floor":42.0,"key":"SMITH"}],"circlet_count":0,"master_deck":["Guardian:Strike_Guardian","Guardian:Strike_Guardian","Guardian:Strike_Guardian","Guardian:Strike_Guardian","Guardian:Defend_Guardian+1","Guardian:Defend_Guardian","Guardian:Defend_Guardian","Guardian:CurlUp+1","Guardian:TwinSlam+1","Guardian:SpikerProtocol+1","Guardian:Planning+1","Guardian:CrystalBeam","Guardian:VentSteam+1","Guardian:DonusPower+1","Guardian:RevengeProtocol+1","Guardian:AncientConstruct+1","Guardian:Suspension+1","Guardian:FloatingOrbs+1","Guardian:PrimingBeam","Guardian:Harden+1","RitualDagger+1","Guardian:PrimingBeam","Guardian:TemporalShield+1","Guardian:ChargeUp+1","Guardian:Orbwalk+1","Guardian:ExploitGems+1","Guardian:PolyBeam+1","Guardian:Incinerate+1","hexamod:EtherealExpedition+1","Choke+1","hexamod:Firestarter+1","Guardian:PiercingHide+1","Bandage Up+1","Parasite","Dagger Throw+1","Apotheosis+1","Guardian:Gem_Red","Guardian:Gem_Synthetic"],"relics":["Guardian:ModeShifter","downfall:HeartsMalice","WarpedTongs","downfall:HeartBlessingRed","The Courier","Boot","Black Star","downfall:HeartBlessingGreen","Pear","Toxic Egg 2","downfall:HeartBlessingBlue","War Paint","Blood Vial","Anchor","SlaversCollar","PrismaticShard","Bottled Lightning","Membership Card","Ice Cream","Bronze Scales","Pocketwatch","Strawberry","Guardian:PickAxe","Turnip"],"acts_visited":["Exordium","TheCity","TheBeyond","TheEnding"],"potions_floor_usage":[55,55],"damage_taken":[{"damage":0.0,"enemies":"2 Louse","floor":2.0,"turns":1.0},{"damage":0.0,"enemies":"Small Slimes","floor":8.0,"turns":1.0},{"damage":0.0,"enemies":"3 Sentries","floor":9.0,"turns":1.0},{"damage":10.0,"enemies":"Cultist","floor":10.0,"turns":3.0},{"damage":7.0,"enemies":"Red Slaver","floor":11.0,"turns":3.0},{"damage":3.0,"enemies":"3 Louse","floor":12.0,"turns":2.0},{"damage":1.0,"enemies":"downfall:FleeingMerchant","floor":13.0,"turns":4.0},{"damage":10.0,"enemies":"Exordium Wildlife","floor":15.0,"turns":5.0},{"damage":33.0,"enemies":"downfall:Ironclad","floor":16.0,"turns":7.0},{"damage":8.0,"enemies":"3 Byrds","floor":19.0,"turns":3.0},{"damage":10.0,"enemies":"Centurion and Healer","floor":20.0,"turns":6.0},{"damage":12.0,"enemies":"Shelled Parasite and Fungi","floor":22.0,"turns":4.0},{"damage":24.0,"enemies":"Gremlin Leader","floor":23.0,"turns":5.0},{"damage":0.0,"enemies":"downfall:FleeingMerchant","floor":27.0,"turns":4.0},{"damage":7.0,"enemies":"Snecko","floor":28.0,"turns":4.0},{"damage":0.0,"enemies":"Centurion and Healer","floor":30.0,"turns":6.0},{"damage":1.0,"enemies":"Book of Stabbing","floor":31.0,"turns":4.0},{"damage":6.0,"enemies":"Chosen and Byrds","floor":32.0,"turns":4.0},{"damage":5.0,"enemies":"downfall:Watcher","floor":33.0,"turns":7.0},{"damage":7.0,"enemies":"Orb Walker","floor":36.0,"turns":4.0},{"damage":12.0,"enemies":"downfall:FleeingMerchant","floor":39.0,"turns":4.0},{"damage":5.0,"enemies":"3 Shapes","floor":40.0,"turns":4.0},{"damage":4.0,"enemies":"3 Darklings","floor":43.0,"turns":5.0},{"damage":0.0,"enemies":"Jaw Worm Horde","floor":44.0,"turns":4.0},{"damage":0.0,"enemies":"downfall:FleeingMerchant","floor":45.0,"turns":2.0},{"damage":11.0,"enemies":"4 Shapes","floor":46.0,"turns":5.0},{"damage":11.0,"enemies":"Writhing Mass","floor":47.0,"turns":5.0},{"damage":4.0,"enemies":"Sphere and 2 Shapes","floor":49.0,"turns":3.0},{"damage":21.0,"enemies":"downfall:Defect","floor":50.0,"turns":6.0},{"damage":125.0,"enemies":"downfall:CharBossMerchant","floor":52.0,"turns":9.0},{"damage":40,"enemies":"downfall:NeowBoss","floor":55,"turns":11}],"seed_played":"-880623094582561993","potions_obtained":[{"floor":9.0,"key":"SpeedPotion"},{"floor":10.0,"key":"Guardian:BlockOnCardUsePotion"},{"floor":12.0,"key":"SpeedPotion"},{"floor":15.0,"key":"FairyPotion"},{"floor":22.0,"key":"Guardian:AcceleratePotion"},{"floor":23.0,"key":"Block Potion"},{"floor":31.0,"key":"GamblersBrew"},{"floor":32.0,"key":"Swift Potion"},{"floor":43.0,"key":"Strength Potion"},{"floor":46.0,"key":"Fire Potion"},{"floor":47.0,"key":"Guardian:StasisDiscoveryPotion"}],"is_trial":false,"path_per_floor":["R","M","?","?","?","R","T","M","E","M","M","M","$","?","M","B",null,"R","M","M","?","M","E","T","R","?","$","M","?","M","E","M","B",null,"R","M","?","?","$","M","T","R","M","M","$","M","M","?","M","B",null,"E","$","R","B"],"character_chosen":"GUARDIAN","items_purchased":["War Paint","Guardian:Incinerate","PrismaticShard","Membership Card","Ice Cream","Bronze Scales","Pocketwatch","Guardian:PiercingHide+1","Strawberry","Apotheosis+1"],"campfire_rested":0,"item_purchase_floors":[27,39,39,45,45,45,45,45,45,53],"current_hp_per_floor":[80,80,80,80,80,80,80,80,80,70,63,60,59,59,49,16,80,80,72,62,62,50,36,36,46,40,40,33,25,25,24,20,17,100,100,93,93,93,83,80,80,80,78,80,89,80,77,77,81,68,107,32,32,32,0,0,0],"gold":2,"neow_bonus":"THREE_ENEMY_KILL","is_daily":false,"chose_seed":false,"campfire_upgraded":5,"win_rate":0.0,"timestamp":1609978048,"path_taken":["R","M","?","?","?","R","T","?","E","M","M","M","$","?","M","BOSS","R","M","M","?","?","E","T","R","?","?","M","?","?","E","M","BOSS","R","M","?","?","$","M","T","R","?","M","$","M","?","?","M","BOSS","E","$","R","BOSS"],"items_purchased_type":["Relic","Card","Relic","Relic","Relic","Relic","Relic","Card","Relic","Card"],"build_version":"2020-12-22","purchased_purges":1,"victory":false,"max_hp_per_floor":[80,80,80,80,80,80,80,80,80,80,80,80,80,80,80,80,80,80,80,80,80,80,90,90,100,100,100,100,100,100,100,100,100,100,100,100,100,100,100,100,100,100,100,100,107,107,107,107,107,107,107,107,107,107,107,107,107],"card_choices":[{"not_picked":["Guardian:PrimingBeam","Guardian:BronzeOrb"],"picked":"Guardian:SpikerProtocol","floor":2.0},{"not_picked":["Guardian:CrystalBeam","Guardian:ChargeUp"],"picked":"Guardian:Planning","floor":8.0},{"not_picked":["Guardian:ChargeCore","Guardian:ShieldCharger"],"picked":"Guardian:CrystalBeam","floor":9.0},{"not_picked":["Guardian:Gem_Green","Guardian:DecasProtection"],"picked":"Guardian:Gem_Crimson","floor":10.0},{"not_picked":["Guardian:ShieldCharger","Guardian:Harden"],"picked":"Guardian:VentSteam","floor":11.0},{"not_picked":["Guardian:TemporalStrike","Guardian:Clone"],"picked":"Guardian:DonusPower","floor":12.0},{"not_picked":["Guardian:BronzeOrb","Guardian:PiercingHide"],"picked":"Guardian:RevengeProtocol","floor":13.0},{"not_picked":["Guardian:TemporalShield","Guardian:Reroute","Guardian:Planning"],"picked":"SKIP","floor":15.0},{"not_picked":["Guardian:FastForward","Guardian:SphericShield"],"picked":"Guardian:AncientConstruct","floor":16.0},{"not_picked":["Guardian:Gem_Lightblue","Guardian:BronzeArmor"],"picked":"Guardian:Suspension+1","floor":19.0},{"not_picked":["Guardian:PrimingBeam","Guardian:PrismaticBeam"],"picked":"Guardian:FloatingOrbs","floor":20.0},{"not_picked":["Guardian:Reroute","Guardian:Gem_White"],"picked":"Guardian:PrimingBeam","floor":22.0},{"not_picked":["Guardian:ChargeCore+1","Guardian:Gem_Lightblue"],"picked":"Guardian:Harden+1","floor":23.0},{"not_picked":["Guardian:ChargeCore","Guardian:VentSteam+1"],"picked":"Guardian:PrimingBeam","floor":27.0},{"not_picked":["Guardian:PrimingBeam","Guardian:ShieldCharger+1"],"picked":"Guardian:TemporalShield+1","floor":28.0},{"not_picked":["Guardian:Preprogram+1","Guardian:Gem_Green"],"picked":"Guardian:Gem_Fragmented","floor":30.0},{"not_picked":["Guardian:Planning+1","Guardian:CrystalBeam"],"picked":"Guardian:ChargeUp+1","floor":31.0},{"not_picked":["Guardian:Incinerate+1","Guardian:Gem_Green"],"picked":"Guardian:Orbwalk+1","floor":32.0},{"not_picked":["Guardian:StasisField+1","Guardian:AncientConstruct"],"picked":"Guardian:ExploitGems+1","floor":33.0},{"not_picked":["Guardian:CrystalBeam","Guardian:TemporalShield+1"],"picked":"Guardian:PolyBeam+1","floor":36.0},{"not_picked":["Guardian:Incinerate","Guardian:CrystalBeam"],"picked":"Guardian:Gem_Green","floor":39.0},{"not_picked":["Rebound","Worship+1"],"picked":"hexamod:EtherealExpedition+1","floor":40.0},{"not_picked":["Gash","sneckomod:UnknownCommonAttack+1"],"picked":"Choke+1","floor":43.0},{"not_picked":["Twin Strike","FlurryOfBlows"],"picked":"hexamod:Firestarter+1","floor":44.0},{"not_picked":["Immolate","SignatureMove+1","Eviscerate"],"picked":"SKIP","floor":45.0},{"not_picked":["Inflame","Guardian:Planning+1"],"picked":"Bandage Up+1","floor":46.0},{"not_picked":["Poisoned Stab","BootSequence+1","Beam Cell"],"picked":"SKIP","floor":47.0},{"not_picked":["ClearTheMind+1","Consecrate","hexamod:NightmareGuise+1"],"picked":"SKIP","floor":49.0},{"not_picked":["Slimebound:ViciousTackle","Guardian:Clone+1"],"picked":"Dagger Throw+1","floor":52}],"player_experience":311108,"relics_obtained":[{"floor":7.0,"key":"The Courier"},{"floor":9.0,"key":"Boot"},{"floor":23.0,"key":"Pear"},{"floor":23.0,"key":"Toxic Egg 2"},{"floor":31.0,"key":"Blood Vial"},{"floor":31.0,"key":"Anchor"},{"floor":41.0,"key":"Bottled Lightning"},{"floor":52,"key":"Guardian:PickAxe"},{"floor":52,"key":"Turnip"}],"event_choices":[{"cards_removed":["Regret"],"damage_healed":0.0,"max_hp_gain":0.0,"max_hp_loss":0.0,"gold_gain":0.0,"event_name":"The Cleric","player_choice":"Card Removal","floor":4.0,"gold_loss":0.0,"damage_taken":0.0},{"cards_removed":["Guardian:Defend_Guardian"],"damage_healed":0.0,"max_hp_gain":0.0,"max_hp_loss":0.0,"gold_gain":0.0,"event_name":"Falling","player_choice":"Removed Skill","floor":37.0,"gold_loss":0.0,"damage_taken":0.0}],"is_beta":false,"boss_relics":[{"not_picked":["Philosopher\u0027s Stone","Calling Bell"],"picked":"Black Star"},{"not_picked":["Pandora\u0027s Box","Guardian:ModeShifterPlus"],"picked":"SlaversCollar"}],"items_purged_floors":[13],"is_endless":false,"potions_floor_spawned":[9,10,12,15,22,23,30,31,32,43,46,47,49],"killed_by":"downfall:NeowBoss","ascension_level":0}}