{"host":"9h2uyw8lwpma4m74","time":1609995593,"event":{"mods":["BaseMod","Minty Spire (QoL Compilation)"],"gold_per_floor":[116,116,116,116,134,134,152,152,177,205,223,248,30,58,58,158,158,174,185,200,219,239,267,267,267,267],"floor_reached":25,"playtime":3135,"items_purged":["Strike_G"],"score":281,"play_id":"8128d7a2-d580-4a6f-90a7-f73fa0d026c4","local_time":"20210107135953","is_ascension_mode":true,"campfire_choices":[{"floor":6,"key":"REST"},{"floor":8,"key":"RECALL"},{"floor":15,"key":"REST"},{"floor":24,"key":"REST"}],"circlet_count":0,"master_deck":["Strike_G","Strike_G","Strike_G","Defend_G","Defend_G","Defend_G","Defend_G+1","Defend_G","Survivor","Neutralize+1","Dagger Throw","Masterful Stab","Dagger Throw","Prepared","Flying Knee","Eviscerate","After Image","Quick Slash","A Thousand Cuts","CurseOfTheBell","PiercingWail","Burst","Underhanded Strike","Leg Sweep"],"relics":["Ring of the Snake","Oddly Smooth Stone","Gremlin Horn","Vajra","Meat on the Bone","Calling Bell","Nunchaku","Singing Bowl","Du-Vu Doll","Matryoshka"],"acts_visited":["TheCity"],"potions_floor_usage":[14,20,22,23,25],"damage_taken":[{"damage":1,"enemies":"Jaw Worm","floor":1,"turns":5},{"damage":0,"enemies":"Small Slimes","floor":5,"turns":4},{"damage":0,"enemies":"2 Louse","floor":7,"turns":2},{"damage":35,"enemies":"Lagavulin","floor":10,"turns":10},{"damage":0,"enemies":"Large Slime","floor":11,"turns":4},{"damage":6,"enemies":"3 Sentries","floor":12,"turns":10},{"damage":0,"enemies":"Lagavulin","floor":14,"turns":5},{"damage":18,"enemies":"The Guardian","floor":16,"turns":11},{"damage":12,"enemies":"Spheric Guardian","floor":18,"turns":5},{"damage":0,"enemies":"2 Thieves","floor":19,"turns":4},{"damage":0,"enemies":"Centurion and Healer","floor":20,"turns":7},{"damage":38,"enemies":"Snecko","floor":21,"turns":7},{"damage":8,"enemies":"Sentry and Sphere","floor":22,"turns":4},{"damage":23,"enemies":"Book of Stabbing","floor":23,"turns":7},{"damage":62,"enemies":"Slavers","floor":25,"turns":6}],"seed_played":"4447172597477186683","potions_obtained":[{"floor":10,"key":"Swift Potion"},{"floor":12,"key":"AttackPotion"},{"floor":16,"key":"Fire Potion"},{"floor":19,"key":"Poison Potion"},{"floor":21,"key":"DistilledChaos"}],"is_trial":false,"path_per_floor":["M","?","?","?","M","R","M","R","T","E","M","E","$","E","R","B",null,"M","M","M","M","M","E","R","E"],"character_chosen":"THE_SILENT","items_purchased":["After Image"],"campfire_rested":3,"item_purchase_floors":[13],"current_hp_per_floor":[76,69,54,42,42,65,65,65,65,30,30,24,24,24,47,41,77,67,67,69,43,47,36,60,0,0],"gold":267,"neow_bonus":"TEN_PERCENT_HP_BONUS","is_daily":false,"chose_seed":false,"campfire_upgraded":0,"win_rate":0.0,"timestamp":1609995593,"path_taken":["M","?","?","?","M","R","M","R","T","E","M","E","?","E","R","BOSS","M","M","M","M","M","E","R","E"],"items_purchased_type":["Card"],"build_version":"2020-12-22","purchased_purges":1,"victory":false,"max_hp_per_floor":[77,77,77,77,77,77,77,77,77,77,77,77,77,77,77,77,77,79,79,81,81,81,81,81,81,81],"card_choices":[{"not_picked":["Underhanded Strike","Endless Agony"],"picked":"Dagger Throw","floor":1},{"not_picked":["Deflect","Underhanded Strike"],"picked":"Masterful Stab","floor":5},{"not_picked":["Concentrate","Riddle With Holes"],"picked":"Dagger Throw","floor":7},{"not_picked":["Deadly Poison","Dodge and Roll"],"picked":"Prepared","floor":10},{"not_picked":["Predator","Deflect"],"picked":"Flying Knee","floor":11},{"not_picked":["Poisoned Stab","Reflex"],"picked":"Eviscerate","floor":12},{"not_picked":["Outmaneuver","Flechettes"],"picked":"Quick Slash","floor":14},{"not_picked":["Phantasmal Killer","Malaise"],"picked":"A Thousand Cuts","floor":16},{"not_picked":["Blade Dance","Sucker Punch","Accuracy"],"picked":"Singing Bowl","floor":18},{"not_picked":["Predator","Dagger Spray+1"],"picked":"PiercingWail","floor":19},{"not_picked":["Concentrate+1","Riddle With Holes","Noxious Fumes"],"picked":"Singing Bowl","floor":20},{"not_picked":["Cloak And Dagger","Outmaneuver"],"picked":"Burst","floor":21},{"not_picked":["Outmaneuver","Endless Agony+1"],"picked":"Underhanded Strike","floor":22},{"not_picked":["Concentrate+1","Flying Knee"],"picked":"Leg Sweep","floor":23}],"player_experience":185730,"relics_obtained":[{"floor":10,"key":"Gremlin Horn"},{"floor":12,"key":"Vajra"},{"floor":14,"key":"Meat on the Bone"},{"floor":17,"key":"Nunchaku"},{"floor":17,"key":"Singing Bowl"},{"floor":17,"key":"Du-Vu Doll"},{"floor":23,"key":"Matryoshka"}],"event_choices":[{"cards_removed":["Strike_G"],"damage_healed":0,"gold_gain":0,"player_choice":"Card Removal","damage_taken":7,"max_hp_gain":0,"max_hp_loss":0,"event_name":"Golden Wing","floor":2,"gold_loss":0},{"damage_healed":0,"gold_gain":0,"player_choice":"Entered Light","damage_taken":15,"max_hp_gain":0,"max_hp_loss":0,"event_name":"Shining Light","floor":3,"gold_loss":0,"cards_upgraded":["Defend_G","Neutralize"]},{"damage_healed":0,"gold_gain":0,"player_choice":"Success","damage_taken":12,"relics_obtained":["Oddly Smooth Stone"],"max_hp_gain":0,"max_hp_loss":0,"event_name":"Scrap Ooze","floor":4,"gold_loss":0}],"is_beta":false,"boss_relics":[{"not_picked":["Runic Pyramid","Pandora\u0027s Box"],"picked":"Calling Bell"}],"items_purged_floors":[13],"is_endless":false,"potions_floor_spawned":[10,12,16,19,21],"killed_by":"Slavers","ascension_level":1}}