{"host":"nv0c20v7c30k7ue5","time":1609985391,"event":{"mods":["2.2 Compatiblity","BaseMod","Best Route Mod","Bestiary","Colored Map","Colored Powertips","Downfall","Highlight Path","Minty Spire (QoL Compilation)","Relic Stats","StSLib","The IronCluck","Unceasing Turn Reminder","everything is the same but u backflip on backflip"],"gold_per_floor":[99,118,128,147,24,24,104,121,152,137,37,37,37,37,57,161,161,61,71,83,44,59,75,75,75,75,75],"floor_reached":26,"playtime":1612,"items_purged":[],"score":233,"play_id":"ee8b32e8-cdd8-4779-ace0-f5edfd0d5e03","local_time":"20210106210951","is_ascension_mode":false,"campfire_choices":[{"data":"bronze:Goto","floor":1,"key":"SMITH"},{"floor":11,"key":"RECALL"},{"data":"bronze:Flail","floor":13,"key":"SMITH"},{"data":"bronze:ShipIt","floor":18,"key":"SMITH"},{"floor":25,"key":"REST"}],"circlet_count":0,"master_deck":["bronze:Strike","bronze:Defend","bronze:Defend","bronze:Defend","bronze:Replicate","bronze:Goto+1","bronze:Invalidate","bronze:DelayedGuard","bronze:Frontload","bronze:WhirlingStrike","bronze:CutThrough","bronze:BronzeOrb","bronze:DelayedGuard","bronze:ClassDefault","downfall:Malfunctioning","bronze:ChildClass","bronze:BugBarrage","bronze:Flail+1","bronze:ItsAFeature","bronze:Constructor","bronze:ShipIt+1","bronze:Deprecate","bronze:Virus","bronze:BugBarrage","bronze:Iterate","bronze:ItsAFeature","bronze:Branch"],"relics":["bronze:BronzeCore","Oddly Smooth Stone","downfall:HeartBlessingGreen","SlaversCollar","downfall:HeartBlessingBlue","Sundial"],"acts_visited":["Exordium","TheCity"],"potions_floor_usage":[16,19,21,22,23,26],"damage_taken":[{"damage":6,"enemies":"Jaw Worm","floor":2,"turns":5},{"damage":0,"enemies":"Cultist","floor":3,"turns":2},{"damage":0,"enemies":"Small Slimes","floor":4,"turns":3},{"damage":0,"enemies":"downfall:FleeingMerchant","floor":5,"turns":4},{"damage":16,"enemies":"Exordium Thugs","floor":8,"turns":4},{"damage":1,"enemies":"Lagavulin","floor":9,"turns":5},{"damage":0,"enemies":"downfall:FleeingMerchant","floor":10,"turns":4},{"damage":0,"enemies":"3 Louse","floor":15,"turns":2},{"damage":11,"enemies":"ArchetypeAct1Statuses","floor":16,"turns":7},{"damage":9,"enemies":"Chosen","floor":19,"turns":5},{"damage":17,"enemies":"Centurion and Healer","floor":20,"turns":6},{"damage":16,"enemies":"downfall:FleeingMerchant","floor":21,"turns":4},{"damage":15,"enemies":"Snake Plant","floor":22,"turns":5},{"damage":28,"enemies":"Snecko","floor":23,"turns":8},{"damage":40,"enemies":"Snecko","floor":26,"turns":5}],"seed_played":"2911682783561930458","potions_obtained":[{"floor":3,"key":"SteroidPotion"},{"floor":4,"key":"champ:CounterPotion"},{"floor":9,"key":"sneckomod:MuddlingPotion"},{"floor":15,"key":"DuplicationPotion"},{"floor":19,"key":"sneckomod:MuddlingPotion"},{"floor":22,"key":"Weak Potion"},{"floor":23,"key":"Strength Potion"}],"is_trial":false,"path_per_floor":["R","M","M","M","$","?","T","M","E","$","R","?","R","?","M","B",null,"R","M","M","$","M","M","T","R","?"],"character_chosen":"THE_AUTOMATON","items_purchased":["bronze:CutThrough","bronze:BronzeOrb","bronze:Iterate"],"campfire_rested":1,"item_purchase_floors":[5,5,21],"current_hp_per_floor":[77,71,71,71,71,71,71,55,54,54,54,54,54,54,54,43,77,87,78,61,45,30,2,2,28,0,0],"gold":75,"neow_bonus":"TEN_PERCENT_HP_BONUS","is_daily":false,"chose_seed":false,"campfire_upgraded":3,"win_rate":0.0,"timestamp":1609985391,"path_taken":["R","M","M","M","$","?","T","?","E","$","R","?","R","?","M","BOSS","R","M","M","$","M","M","T","R","?"],"items_purchased_type":["Card","Card","Card"],"build_version":"2020-12-22","purchased_purges":0,"victory":false,"max_hp_per_floor":[77,77,77,77,77,77,77,77,77,77,77,77,77,77,77,77,77,87,87,87,87,87,87,87,87,87,87],"relic_stats":{"counters":[15,69],"Sundial":[0],"obtain_stats":[{"SlaversCollar":17,"bronze:BronzeCore":0,"downfall:HeartBlessingBlue":18,"Sundial":24,"Oddly Smooth Stone":9,"downfall:HeartBlessingGreen":11},{"SlaversCollar":9,"bronze:BronzeCore":0,"downfall:HeartBlessingBlue":9,"Sundial":14,"Oddly Smooth Stone":6,"downfall:HeartBlessingGreen":7},{"SlaversCollar":36,"bronze:BronzeCore":0,"downfall:HeartBlessingBlue":36,"Sundial":64,"Oddly Smooth Stone":23,"downfall:HeartBlessingGreen":27}]},"card_choices":[{"not_picked":["bronze:DelayedSlice","bronze:Virus"],"picked":"bronze:Invalidate","floor":2},{"not_picked":["bronze:WildBeam","bronze:Return"],"picked":"bronze:DelayedGuard","floor":3},{"not_picked":["bronze:BugBarrage","bronze:Shell"],"picked":"bronze:Frontload","floor":4},{"not_picked":["bronze:Repulsor","bronze:Invalidate"],"picked":"bronze:WhirlingStrike","floor":5},{"not_picked":["bronze:WhirlingStrike","bronze:NullPointer"],"picked":"bronze:BugBarrage","floor":8},{"not_picked":["bronze:Refactor","bronze:Optimize"],"picked":"bronze:Flail","floor":9},{"not_picked":["bronze:Frontload","bronze:Shield"],"picked":"bronze:ItsAFeature","floor":10},{"not_picked":["bronze:WildBeam","bronze:Branch"],"picked":"bronze:Constructor","floor":15},{"not_picked":["bronze:InfiniteLoop","bronze:SpaghettiCode"],"picked":"bronze:ShipIt","floor":16},{"not_picked":["bronze:OilSpill","bronze:Backtrace"],"picked":"bronze:Deprecate","floor":19},{"not_picked":["bronze:Boost+1","bronze:FineTuning"],"picked":"bronze:Virus","floor":20},{"not_picked":["bronze:Invalidate","bronze:CutThrough"],"picked":"bronze:BugBarrage","floor":21},{"not_picked":["bronze:FineTuning+1","bronze:Shield+1"],"picked":"bronze:ItsAFeature","floor":22},{"not_picked":["bronze:InfiniteLoop","bronze:Invalidate"],"picked":"bronze:Branch","floor":23}],"player_experience":124510,"relics_obtained":[{"floor":9,"key":"Oddly Smooth Stone"},{"floor":24,"key":"Sundial"}],"event_choices":[],"is_beta":false,"boss_relics":[{"not_picked":["Fusion Hammer","Empty Cage"],"picked":"SlaversCollar"}],"items_purged_floors":[],"is_endless":false,"potions_floor_spawned":[3,4,9,15,19,22,23],"killed_by":"Snecko","ascension_level":0}}