{"host":"m5ct6bi1o27m4mp1","time":1609982836,"event":{"mods":["BaseMod","Hero for Fun","Infinite Spire","Marisa????????","Minty Spire (QoL Compilation)","Prisma Mod","StSLib","The Cursed"],"gold_per_floor":[111,111,111,130,130,163,163,188,267,291,319,331,363,395,407,549,561,596,622,634,680,710,722,777,814,905,832,859,871,883,934,946,1084,1096,1133,1145,1145],"floor_reached":36,"playtime":1784,"items_purged":["Strike_R"],"score":604,"play_id":"d97f22cc-3561-4e20-b889-997f38e123e4","local_time":"20210107092716","is_ascension_mode":false,"campfire_choices":[{"data":"infinitespire:SevenWalls","floor":7.0,"key":"SMITH"},{"data":"Pommel Strike","floor":12.0,"key":"SMITH"},{"data":"True Grit","floor":15.0,"key":"SMITH"},{"data":"infinitespire:NeuralNetwork","floor":23.0,"key":"SMITH"},{"data":"Demon Form","floor":30.0,"key":"SMITH"},{"data":"Pommel Strike","floor":32.0,"key":"SMITH"}],"circlet_count":0,"master_deck":["Strike_R","Strike_R","Strike_R","Defend_R","Defend_R","Defend_R","Defend_R","Bash","infinitespire:SevenWalls+1","Shrug It Off","Pommel Strike+1","Pommel Strike+1","True Grit+1","Demon Form+1","Sword Boomerang","infinitespire:NeuralNetwork+1","Heavy Blade+1","Flame Barrier","Body Slam","Shrug It Off+1"],"relics":["Black Blood","NeowsBlessing","Golden Idol","Lantern","Letter Opener","MawBank","Pen Nib","Red Mask","infinitespire:Beetle Shell","Pear","infinitespire:FocusingShard","MealTicket","Philosopher\u0027s Stone"],"acts_visited":["Exordium","TheCity","TheBeyond"],"potions_floor_usage":[],"damage_taken":[{"damage":0.0,"enemies":"Jaw Worm","floor":1.0,"turns":3.0},{"damage":0.0,"enemies":"2 Louse","floor":4.0,"turns":3.0},{"damage":0.0,"enemies":"3 Sentries","floor":6.0,"turns":3.0},{"damage":0.0,"enemies":"Cultist","floor":8.0,"turns":4.0},{"damage":2.0,"enemies":"Blue Slaver","floor":11.0,"turns":4.0},{"damage":0.0,"enemies":"Large Slime","floor":13.0,"turns":4.0},{"damage":4.0,"enemies":"3 Louse","floor":14.0,"turns":5.0},{"damage":0.0,"enemies":"The Guardian","floor":16.0,"turns":8.0},{"damage":5.0,"enemies":"2 Thieves","floor":18.0,"turns":5.0},{"damage":0.0,"enemies":"3 Byrds","floor":19.0,"turns":6.0},{"damage":0.0,"enemies":"Masked Bandits","floor":21.0,"turns":5.0},{"damage":0.0,"enemies":"Snecko","floor":22.0,"turns":5.0},{"damage":0.0,"enemies":"Gremlin Leader","floor":24.0,"turns":5.0},{"damage":0.0,"enemies":"Centurion and Healer","floor":25.0,"turns":5.0},{"damage":0.0,"enemies":"Sentry and Sphere","floor":28.0,"turns":5.0},{"damage":0.0,"enemies":"Slavers","floor":31.0,"turns":4.0},{"damage":0.0,"enemies":"Champ","floor":33.0,"turns":6.0},{"damage":0.0,"enemies":"Orb Walker","floor":35.0,"turns":5.0},{"damage":0,"enemies":"3 Shapes","floor":36,"turns":3}],"seed_played":"5957528304940529285","potions_obtained":[{"floor":1.0,"key":"SmokeBomb"},{"floor":8.0,"key":"CultistPotion"},{"floor":11.0,"key":"Ancient Potion"},{"floor":14.0,"key":"LiquidMemories"}],"is_trial":false,"path_per_floor":["M","?","?","M","?","E","R","M","T","T","M","R","M","M","R","B",null,"M","M","AVR","?","M","R","E","M","T","?","M","$","R","E","R","B",null,"M","M"],"character_chosen":"IRONCLAD","items_purchased":[],"campfire_rested":0,"item_purchase_floors":[],"current_hp_per_floor":[80,80,60,80,80,80,80,80,80,80,80,80,80,80,80,80,80,80,80,80,80,80,80,80,80,90,90,90,90,90,90,90,90,90,90,90,90],"gold":1145,"neow_bonus":"THREE_ENEMY_KILL","is_daily":false,"chose_seed":false,"campfire_upgraded":6,"win_rate":0.0,"timestamp":1609982836,"path_taken":["M","?","?","M","?","E","R","M","T","?","?","R","M","M","R","BOSS","M","M","AVR","?","M","R","E","M","T","?","M","$","R","E","R","BOSS","M","M"],"items_purchased_type":[],"build_version":"2020-12-22","purchased_purges":1,"victory":false,"max_hp_per_floor":[80,80,80,80,80,80,80,80,80,80,80,80,80,80,80,80,80,80,80,80,80,80,80,80,80,90,90,90,90,90,90,90,90,90,90,90,90],"card_choices":[{"not_picked":["Clash","Flex","Perfected Strike"],"picked":"SKIP","floor":1.0},{"not_picked":["infinitespire:SealOfDarkness+","infinitespire:Gouge"],"picked":"infinitespire:SevenWalls","floor":3.0},{"not_picked":["Body Slam","Second Wind"],"picked":"Shrug It Off","floor":4.0},{"not_picked":["Clash","Battle Trance","Flex"],"picked":"SKIP","floor":6.0},{"not_picked":["Rupture","Twin Strike"],"picked":"Pommel Strike","floor":8.0},{"not_picked":["Perfected Strike","Twin Strike"],"picked":"Pommel Strike","floor":11.0},{"not_picked":["Anger","Dark Embrace"],"picked":"True Grit","floor":13.0},{"not_picked":["Offering","Clash","Pommel Strike"],"picked":"SKIP","floor":14.0},{"not_picked":["Bludgeon","Offering"],"picked":"Demon Form","floor":16.0},{"not_picked":["Shockwave","Cleave","Carnage"],"picked":"SKIP","floor":18.0},{"not_picked":["Thunderclap","Carnage"],"picked":"Sword Boomerang","floor":19.0},{"not_picked":["Clothesline+1","Flex"],"picked":"Heavy Blade+1","floor":21.0},{"not_picked":["Bludgeon","Clothesline","Cleave+1"],"picked":"SKIP","floor":22.0},{"not_picked":["Offering","Infernal Blade"],"picked":"Flame Barrier","floor":24.0},{"not_picked":["Bloodletting","Sword Boomerang","Iron Wave"],"picked":"SKIP","floor":25.0},{"not_picked":["Heavy Blade","Ghostly Armor+1"],"picked":"Body Slam","floor":28.0},{"not_picked":["Burning Pact","infinitespire:OneForAll"],"picked":"Shrug It Off+1","floor":31.0},{"not_picked":["Power Through+1","Ghostly Armor+1","Infernal Blade"],"picked":"SKIP","floor":35.0}],"player_experience":35202,"relics_obtained":[{"floor":6.0,"key":"Lantern"},{"floor":9.0,"key":"Letter Opener"},{"floor":10.0,"key":"MawBank"},{"floor":21.0,"key":"Red Mask"},{"floor":24.0,"key":"infinitespire:Beetle Shell"},{"floor":26.0,"key":"Pear"},{"floor":31.0,"key":"MealTicket"}],"event_choices":[{"damage_healed":0.0,"max_hp_gain":0.0,"max_hp_loss":0.0,"gold_gain":0.0,"event_name":"Golden Idol","player_choice":"Take Damage","floor":5.0,"gold_loss":0.0,"damage_taken":20.0,"relics_obtained":["Golden Idol"]},{"damage_healed":0.0,"max_hp_gain":0.0,"max_hp_loss":0.0,"gold_gain":0.0,"event_name":"Masked Bandits","player_choice":"Fought Bandits","floor":21.0,"gold_loss":0.0,"damage_taken":0.0},{"damage_healed":0.0,"max_hp_gain":0.0,"max_hp_loss":0.0,"gold_gain":0.0,"event_name":"Addict","player_choice":"Obtained Relic","floor":27.0,"gold_loss":85.0,"damage_taken":0.0,"relics_obtained":["infinitespire:FocusingShard"]}],"is_beta":false,"boss_relics":[{"not_picked":["Ectoplasm","Runic Pyramid"],"picked":"Black Blood"},{"not_picked":["Sozu","Tiny House"],"picked":"Philosopher\u0027s Stone"}],"items_purged_floors":[20],"is_endless":false,"potions_floor_spawned":[1,8,11,14,21,25,33],"killed_by":"3 Shapes","ascension_level":0}}