{"host":"ng8aq1q5gznbd93k","time":1609981179,"event":{"mods":["AchievementEnabler","BaseMod","Downfall","Minty Spire (QoL Compilation)","StSLib","SuperFastMode","The Bug Knight"],"gold_per_floor":[109,109,284,359,30,358,378,406,406,422,482,10,10,28,28,125,125,135,154,253,253,253,253,253],"floor_reached":23,"playtime":1107,"items_purged":[],"score":233,"play_id":"3dda626a-d4b8-4184-934f-e8552eb8b91b","local_time":"20210106185939","is_ascension_mode":true,"campfire_choices":[{"floor":13,"key":"REST"},{"floor":15,"key":"REST"}],"circlet_count":0,"master_deck":["Strike_G","Strike_G","Strike_G","Strike_G","Strike_G","Defend_G","Defend_G","Defend_G","Defend_G","Defend_G","Survivor","Neutralize","Distraction+1","Doubt","Flying Knee","Deadly Poison","Blade Dance","Outmaneuver+1","Crippling Poison+1","Burst+1","Blade Dance+1","Transmutation+1","expansioncontent:DarkVoid","PiercingWail+1","Bullet Time+1","Deflect+1","Dagger Spray"],"relics":["Ring of the Snake","NeowsBlessing","Kunai","Old Coin","Toxic Egg 2","Bird Faced Urn","Juzu Bracelet","Blood Vial","Black Star"],"acts_visited":["Exordium","TheCity"],"potions_floor_usage":[8,11,11,16,23,23,23],"damage_taken":[{"damage":0,"enemies":"2 Louse","floor":1,"turns":1},{"damage":0,"enemies":"3 Sentries","floor":6,"turns":1},{"damage":0,"enemies":"Small Slimes","floor":7,"turns":1},{"damage":29,"enemies":"Lagavulin","floor":8,"turns":6},{"damage":3,"enemies":"Jaw Worm","floor":10,"turns":3},{"damage":8,"enemies":"Gremlin Nob","floor":11,"turns":3},{"damage":18,"enemies":"Exordium Wildlife","floor":14,"turns":4},{"damage":14,"enemies":"Slime Boss","floor":16,"turns":6},{"damage":56,"enemies":"Spheric Guardian","floor":18,"turns":8},{"damage":17,"enemies":"Shell Parasite","floor":19,"turns":6},{"damage":32,"enemies":"Gremlin Leader","floor":23,"turns":4}],"seed_played":"-6942085177517590826","potions_obtained":[{"floor":1,"key":"sneckomod:MuddlingPotion"},{"floor":7,"key":"Fire Potion"},{"floor":8,"key":"SkillPotion"},{"floor":11,"key":"DistilledChaos"},{"floor":21,"key":"hexamod:EctoCoolerPotion"},{"floor":21,"key":"champ:CounterPotion"}],"is_trial":false,"path_per_floor":["M","?","?","?","$","E","M","E","T","M","?","$","R","M","R","B",null,"M","M","?","?","?","E"],"character_chosen":"THE_SILENT","items_purchased":["Kunai","Flying Knee","PowerPotion","Blade Dance+1","Blood Vial","Transmutation+1","expansioncontent:DarkVoid"],"campfire_rested":2,"item_purchase_floors":[5,5,5,12,12,12,12],"current_hp_per_floor":[70,70,70,59,59,59,59,30,30,27,19,19,40,24,45,35,70,18,3,3,3,26,0,0],"gold":253,"neow_bonus":"THREE_ENEMY_KILL","is_daily":false,"chose_seed":false,"campfire_upgraded":0,"win_rate":0.0,"timestamp":1609981179,"path_taken":["M","?","?","?","?","E","?","E","T","M","?","$","R","M","R","BOSS","M","M","?","?","?","E"],"items_purchased_type":["Relic","Card","Potion","Card","Relic","Card","Card"],"build_version":"2020-12-22","purchased_purges":0,"victory":false,"max_hp_per_floor":[70,70,70,70,70,70,70,70,70,70,70,70,70,70,70,70,70,70,70,70,70,70,70,70],"card_choices":[{"not_picked":["Expertise","Quick Slash"],"picked":"Distraction","floor":1},{"not_picked":["Deflect","Caltrops"],"picked":"Deadly Poison","floor":6},{"not_picked":["Dash","Cloak And Dagger"],"picked":"Blade Dance","floor":7},{"not_picked":["Slice","All Out Attack"],"picked":"Outmaneuver+1","floor":8},{"not_picked":["Poisoned Stab","Prepared+1"],"picked":"Crippling Poison+1","floor":10},{"not_picked":["Blade Dance+1","Underhanded Strike"],"picked":"Burst+1","floor":11},{"not_picked":["Flying Knee","Tactician+1"],"picked":"PiercingWail+1","floor":14},{"not_picked":["Malaise+1","Night Terror+1"],"picked":"Bullet Time+1","floor":16},{"not_picked":["Heel Hook","Acrobatics+1"],"picked":"Deflect+1","floor":18},{"not_picked":["Noxious Fumes+1","Footwork"],"picked":"Dagger Spray","floor":19}],"player_experience":108560,"relics_obtained":[{"floor":6,"key":"Old Coin"},{"floor":8,"key":"Toxic Egg 2"},{"floor":9,"key":"Bird Faced Urn"},{"floor":11,"key":"Juzu Bracelet"}],"event_choices":[{"damage_healed":0,"gold_gain":0,"player_choice":"Grow","damage_taken":0,"max_hp_gain":0,"max_hp_loss":0,"event_name":"Living Wall","floor":2,"gold_loss":0,"cards_upgraded":["Distraction"]},{"damage_healed":0,"gold_gain":175,"player_choice":"AGREE","damage_taken":0,"max_hp_gain":0,"max_hp_loss":0,"event_name":"Liars Game","floor":3,"gold_loss":0,"cards_obtained":["Doubt"]},{"damage_healed":0,"gold_gain":75,"player_choice":"Gather Gold","damage_taken":11,"max_hp_gain":0,"max_hp_loss":0,"event_name":"World of Goop","floor":4,"gold_loss":0},{"damage_healed":0,"gold_gain":0,"player_choice":"Searched \u00271\u0027 times","damage_taken":0,"max_hp_gain":0,"max_hp_loss":0,"event_name":"Dead Adventurer","floor":11,"gold_loss":0},{"damage_healed":0,"gold_gain":99,"player_choice":"Stole From Cult","damage_taken":0,"max_hp_gain":0,"max_hp_loss":0,"event_name":"Nest","floor":20,"gold_loss":0},{"damage_healed":0,"gold_gain":0,"player_choice":"Got Potions","damage_taken":0,"max_hp_gain":0,"max_hp_loss":0,"event_name":"Lab","floor":21,"gold_loss":0},{"damage_healed":23,"gold_gain":0,"player_choice":"Heal","damage_taken":0,"max_hp_gain":0,"max_hp_loss":0,"event_name":"The Library","floor":22,"gold_loss":0}],"is_beta":false,"boss_relics":[{"not_picked":["Fusion Hammer","Snecko Eye"],"picked":"Black Star"}],"items_purged_floors":[],"is_endless":false,"potions_floor_spawned":[1,7,8,11],"killed_by":"Gremlin Leader","ascension_level":1}}