{"host":"qa029bqsloh3rj2z","time":1609986246,"event":{"mods":["AchievementEnabler","BaseMod","Colored Powertips","DeckTracker","Minty Spire (QoL Compilation)"],"gold_per_floor":[119,69,69,69,144,144,155,8,33,33,33,47,61,123,123,123,123],"floor_reached":16,"playtime":611,"items_purged":[],"score":88,"play_id":"9c2db598-d577-463b-a4f2-b747dcf8b266","local_time":"20210106212406","is_ascension_mode":false,"campfire_choices":[{"data":"Bash","floor":6,"key":"SMITH"},{"floor":15,"key":"REST"}],"circlet_count":0,"master_deck":["Strike_R","Strike_R","Strike_R","Strike_R","Defend_R","Defend_R","Defend_R","Bash+1","Shrug It Off"],"relics":["Burning Blood","Juzu Bracelet","Centennial Puzzle","Dream Catcher","Bag of Preparation"],"acts_visited":["Exordium"],"potions_floor_usage":[16,16],"damage_taken":[{"damage":3,"enemies":"2 Louse","floor":1,"turns":4},{"damage":0,"enemies":"Small Slimes","floor":7,"turns":3},{"damage":6,"enemies":"Jaw Worm","floor":12,"turns":3},{"damage":6,"enemies":"Looter","floor":13,"turns":4},{"damage":45,"enemies":"Lagavulin Event","floor":14,"turns":8},{"damage":58,"enemies":"The Guardian","floor":16,"turns":8}],"seed_played":"1677270369962279988","potions_obtained":[{"floor":1,"key":"Energy Potion"},{"floor":12,"key":"Energy Potion"},{"floor":13,"key":"SkillPotion"}],"is_trial":false,"path_per_floor":["M","?","$","?","?","R","M","$","T","?","?","M","M","?","R","B"],"character_chosen":"IRONCLAD","items_purchased":["Juzu Bracelet"],"campfire_rested":1,"item_purchase_floors":[8],"current_hp_per_floor":[80,80,80,85,74,74,80,80,80,73,70,70,70,31,56,0,0],"gold":123,"neow_bonus":"THREE_CARDS","is_daily":false,"chose_seed":false,"campfire_upgraded":1,"win_rate":0.0,"timestamp":1609986246,"path_taken":["M","?","$","?","?","R","M","$","T","?","?","M","M","?","R","BOSS"],"items_purchased_type":["Relic"],"build_version":"2020-12-22","purchased_purges":0,"victory":false,"max_hp_per_floor":[80,80,80,85,85,85,85,85,85,85,85,85,85,85,85,85,85],"card_choices":[{"not_picked":["Power Through","Armaments"],"picked":"Shrug It Off","floor":0},{"not_picked":["Feel No Pain","Carnage","Twin Strike"],"picked":"SKIP","floor":1},{"not_picked":["Feel No Pain","Intimidate","Burning Pact"],"picked":"SKIP","floor":7},{"not_picked":["Anger","Headbutt","Thunderclap"],"picked":"SKIP","floor":12},{"not_picked":["Heavy Blade","Iron Wave","Uppercut"],"picked":"SKIP","floor":13}],"player_experience":25091,"relics_obtained":[{"floor":9,"key":"Centennial Puzzle"},{"floor":14,"key":"Bag of Preparation"}],"event_choices":[{"cards_removed":["Defend_R"],"damage_healed":0,"gold_gain":0,"player_choice":"Card Removal","damage_taken":0,"max_hp_gain":0,"max_hp_loss":0,"event_name":"The Cleric","floor":2,"gold_loss":50},{"damage_healed":0,"gold_gain":0,"player_choice":"Donut","damage_taken":0,"max_hp_gain":5,"max_hp_loss":0,"event_name":"Big Fish","floor":4,"gold_loss":0},{"damage_healed":0,"gold_gain":75,"player_choice":"Gather Gold","damage_taken":11,"max_hp_gain":0,"max_hp_loss":0,"event_name":"World of Goop","floor":5,"gold_loss":0},{"cards_removed":["Strike_R"],"damage_healed":0,"gold_gain":0,"player_choice":"Card Removal","damage_taken":7,"max_hp_gain":0,"max_hp_loss":0,"event_name":"Golden Wing","floor":10,"gold_loss":0},{"damage_healed":0,"gold_gain":0,"player_choice":"Success","damage_taken":3,"relics_obtained":["Dream Catcher"],"max_hp_gain":0,"max_hp_loss":0,"event_name":"Scrap Ooze","floor":11,"gold_loss":0},{"damage_healed":0,"gold_gain":0,"player_choice":"Searched \u00271\u0027 times","damage_taken":0,"max_hp_gain":0,"max_hp_loss":0,"event_name":"Dead Adventurer","floor":14,"gold_loss":0}],"is_beta":false,"boss_relics":[],"items_purged_floors":[],"is_endless":false,"potions_floor_spawned":[1,12,13],"killed_by":"The Guardian","ascension_level":0}}