{"host":"1m3dfme8k5w8sg4k","time":1609979833,"event":{"mods":["AchievementEnabler","BaseMod","Colored Map","Colored Powertips","Minty Spire (QoL Compilation)","Random Character Button","Random Character Mod","Relic Stats","StSLib","everything is the same but u backflip on backflip"],"gold_per_floor":[114,114,133,152,171,209,209,247,272,291,291,291,310,348,348,473,473,492,517,517,536,555,593,593,543,543,590,609,359,359,378,378,512,512,531,550,119,138,157,157,195,195,195,195,55,93,412,431,431,431],"floor_reached":51,"playtime":1652,"items_purged":[],"score":1044,"play_id":"16449a31-9dd4-4e63-8d3c-8e21eff7c283","local_time":"20210106193713","daily_mods":["SealedDeck","Vintage","Lethality"],"is_ascension_mode":false,"campfire_choices":[{"data":"Conclude","floor":7,"key":"SMITH"},{"data":"MentalFortress","floor":11,"key":"SMITH"},{"data":"Consecrate","floor":15,"key":"SMITH"},{"data":"WheelKick","floor":24,"key":"SMITH"},{"data":"FlurryOfBlows","floor":32,"key":"SMITH"},{"data":"MentalFortress","floor":40,"key":"SMITH"},{"data":"TalkToTheHand","floor":42,"key":"SMITH"},{"data":"EmptyMind","floor":44,"key":"SMITH"},{"data":"Tantrum","floor":49,"key":"SMITH"}],"circlet_count":0,"master_deck":["WheelKick+1","Consecrate+1","Conclude+1","EmptyMind+1","BowlingBash+1","Crescendo","Crescendo","Adaptation+1","MentalFortress+1","FearNoEvil+1","Halt+1","DeusExMachina+1","FlurryOfBlows+1","Crescendo+1","Blasphemy+1","MentalFortress+1","TalkToTheHand+1","Tantrum+1"],"relics":["PureWater","TeardropLocket","Golden Idol","Shuriken","Bronze Scales","Matryoshka","Mercury Hourglass","Vajra","MealTicket","Potion Belt","Toxic Egg 2","Meat on the Bone","Incense Burner","Philosopher\u0027s Stone","Happy Flower","Red Mask","Mummified Hand","Anchor","Blood Vial","Smiling Mask","CeramicFish","Pen Nib","Question Card","Kunai","The Courier","HornCleat","VioletLotus","Lizard Tail","Whetstone","Medical Kit","Unceasing Top","Ornamental Fan","Bottled Tornado","Pear","Frozen Egg 2","Membership Card","Yang","Old Coin","Dream Catcher"],"acts_visited":["Exordium","TheCity","TheBeyond"],"potions_floor_usage":[14,50],"damage_taken":[{"damage":0,"enemies":"Jaw Worm","floor":1,"turns":1},{"damage":0,"enemies":"2 Louse","floor":3,"turns":1},{"damage":0,"enemies":"Cultist","floor":4,"turns":2},{"damage":0,"enemies":"Looter","floor":5,"turns":1},{"damage":9,"enemies":"Gremlin Nob","floor":6,"turns":3},{"damage":0,"enemies":"3 Sentries","floor":8,"turns":1},{"damage":0,"enemies":"Large Slime","floor":10,"turns":2},{"damage":0,"enemies":"Gremlin Gang","floor":13,"turns":1},{"damage":0,"enemies":"Gremlin Nob","floor":14,"turns":2},{"damage":12,"enemies":"Hexaghost","floor":16,"turns":4},{"damage":0,"enemies":"Chosen","floor":18,"turns":1},{"damage":0,"enemies":"Masked Bandits","floor":19,"turns":1},{"damage":0,"enemies":"Spheric Guardian","floor":21,"turns":1},{"damage":0,"enemies":"Centurion and Healer","floor":22,"turns":2},{"damage":0,"enemies":"Gremlin Leader","floor":23,"turns":2},{"damage":0,"enemies":"Slavers","floor":27,"turns":2},{"damage":0,"enemies":"Snecko","floor":28,"turns":2},{"damage":0,"enemies":"Sentry and Sphere","floor":31,"turns":2},{"damage":0,"enemies":"Automaton","floor":33,"turns":3},{"damage":0,"enemies":"Orb Walker","floor":35,"turns":1},{"damage":0,"enemies":"3 Darklings","floor":36,"turns":1},{"damage":0,"enemies":"Maw","floor":38,"turns":4},{"damage":0,"enemies":"4 Shapes","floor":39,"turns":2},{"damage":0,"enemies":"Reptomancer","floor":41,"turns":2},{"damage":2,"enemies":"Giant Head","floor":46,"turns":2},{"damage":0,"enemies":"Sphere and 2 Shapes","floor":47,"turns":1},{"damage":0,"enemies":"3 Darklings","floor":48,"turns":1},{"damage":1,"enemies":"Time Eater","floor":50,"turns":4}],"seed_played":"8350349167999303424","potions_obtained":[{"floor":3,"key":"BlessingOfTheForge"},{"floor":8,"key":"FearPotion"},{"floor":13,"key":"FairyPotion"},{"floor":16,"key":"DuplicationPotion"},{"floor":19,"key":"StancePotion"},{"floor":21,"key":"LiquidMemories"},{"floor":23,"key":"SkillPotion"},{"floor":27,"key":"SteroidPotion"}],"is_trial":false,"path_per_floor":["M","?","M","M","M","E","R","E","T","M","R","?","M","E","R","B",null,"M","?","?","M","M","E","R","$","T","E","M","$","T","M","R","B",null,"M","M","$","M","M","R","E","R","T","R","$","E","M","M","R","B",null],"character_chosen":"WATCHER","items_purchased":["FlurryOfBlows","Kunai","Medical Kit","MentalFortress","TalkToTheHand","Unceasing Top","Membership Card","Tantrum"],"campfire_rested":0,"item_purchase_floors":[25,29,37,37,37,37,45,45],"current_hp_per_floor":[72,54,54,54,54,45,45,45,45,45,45,45,45,45,45,45,72,72,72,72,72,72,72,72,72,72,72,72,72,72,72,72,72,72,72,72,72,72,72,72,82,82,82,82,82,80,82,82,82,81],"gold":431,"neow_bonus":"","is_daily":true,"chose_seed":false,"campfire_upgraded":9,"win_rate":0.0,"timestamp":1609979833,"path_taken":["M","?","M","M","M","E","R","E","T","M","R","?","M","E","R","BOSS","M","?","?","M","M","E","R","?","T","E","?","$","?","M","R","BOSS","M","M","$","M","M","R","E","R","T","R","$","E","M","M","R","BOSS"],"items_purchased_type":["Card","Relic","Relic","Card","Card","Relic","Relic","Card"],"build_version":"2020-12-22","purchased_purges":0,"victory":true,"max_hp_per_floor":[72,72,72,72,72,72,72,72,72,72,72,72,72,72,72,72,72,72,72,72,72,72,72,72,72,72,72,72,72,72,72,72,72,72,72,72,72,72,72,72,82,82,82,82,82,82,82,82,82,82],"relic_stats":{"Happy Flower":[11],"counters":[28,52],"Golden Idol":200,"CeramicFish":45,"Yang":[26],"Pen Nib":[8],"Whetstone":["FearNoEvil","BowlingBash"],"Smiling Mask":0,"Question Card":3,"Medical Kit":[1],"Mercury Hourglass":[218],"Blood Vial":2,"Lizard Tail":0,"Dream Catcher":0,"Shuriken":[28],"Mummified Hand":[32],"Ornamental Fan":[36],"Bronze Scales":[60],"MealTicket":0,"VioletLotus":[14],"Kunai":[17],"obtain_stats":[{"CeramicFish":26,"Vajra":8,"Yang":46,"Incense Burner":14,"TeardropLocket":1,"Whetstone":36,"Bottled Tornado":39,"Smiling Mask":26,"Old Coin":47,"Blood Vial":23,"Lizard Tail":35,"Dream Catcher":48,"Matryoshka":5,"HornCleat":31,"Mummified Hand":21,"MealTicket":9,"Philosopher\u0027s Stone":17,"VioletLotus":34,"Red Mask":19,"Kunai":29,"Toxic Egg 2":10,"Potion Belt":9,"Pear":41,"Happy Flower":18,"Golden Idol":2,"Pen Nib":27,"The Courier":30,"Frozen Egg 2":43,"Question Card":28,"Medical Kit":37,"Mercury Hourglass":6,"Anchor":22,"Shuriken":3,"Ornamental Fan":38,"Bronze Scales":4,"Membership Card":45,"PureWater":0,"Unceasing Top":37,"Meat on the Bone":13},{"CeramicFish":15,"Vajra":6,"Yang":25,"Incense Burner":9,"TeardropLocket":1,"Whetstone":21,"Bottled Tornado":23,"Smiling Mask":15,"Old Coin":26,"Blood Vial":15,"Lizard Tail":20,"Dream Catcher":27,"Matryoshka":4,"HornCleat":18,"Mummified Hand":13,"MealTicket":6,"Philosopher\u0027s Stone":10,"VioletLotus":19,"Red Mask":12,"Kunai":17,"Toxic Egg 2":7,"Potion Belt":6,"Pear":24,"Happy Flower":11,"Golden Idol":1,"Pen Nib":16,"The Courier":17,"Frozen Egg 2":24,"Question Card":17,"Medical Kit":21,"Mercury Hourglass":5,"Anchor":14,"Shuriken":2,"Ornamental Fan":22,"Bronze Scales":3,"Membership Card":24,"PureWater":0,"Unceasing Top":21,"Meat on the Bone":8},{"CeramicFish":25,"Vajra":9,"Yang":46,"Incense Burner":14,"TeardropLocket":1,"Whetstone":36,"Bottled Tornado":42,"Smiling Mask":25,"Old Coin":47,"Blood Vial":25,"Lizard Tail":35,"Dream Catcher":48,"Matryoshka":5,"HornCleat":31,"Mummified Hand":21,"MealTicket":9,"Philosopher\u0027s Stone":18,"VioletLotus":34,"Red Mask":20,"Kunai":29,"Toxic Egg 2":11,"Potion Belt":9,"Pear":44,"Happy Flower":19,"Golden Idol":1,"Pen Nib":27,"The Courier":29,"Frozen Egg 2":44,"Question Card":29,"Medical Kit":36,"Mercury Hourglass":8,"Anchor":23,"Shuriken":2,"Ornamental Fan":40,"Bronze Scales":4,"Membership Card":44,"PureWater":0,"Unceasing Top":36,"Meat on the Bone":12}],"Unceasing Top":[0],"Meat on the Bone":12},"card_choices":[{"not_picked":["CutThroughFate","EmptyFist","Adaptation"],"picked":"SKIP","floor":6},{"not_picked":["DeceiveReality","PathToVictory"],"picked":"FearNoEvil","floor":8},{"not_picked":["Swivel+1","EmptyBody+1"],"picked":"Halt+1","floor":14},{"not_picked":["Establishment","Alpha+1"],"picked":"DeusExMachina+1","floor":16},{"not_picked":["WindmillStrike+1","Collect+1","WaveOfTheHand+1"],"picked":"SKIP","floor":23},{"not_picked":["CutThroughFate+1","Wireheading"],"picked":"Crescendo+1","floor":27},{"not_picked":["DevaForm","Judgement+1","Brilliance"],"picked":"Blasphemy+1","floor":33},{"not_picked":["Crescendo+1","Conclude+1","Evaluate+1","EmptyBody+1"],"picked":"SKIP","floor":41},{"not_picked":["Crescendo+1","ReachHeaven","Wireheading+1","Swivel+1"],"picked":"SKIP","floor":46}],"player_experience":1597475,"relics_obtained":[{"floor":1,"key":"TeardropLocket"},{"floor":3,"key":"Shuriken"},{"floor":4,"key":"Bronze Scales"},{"floor":5,"key":"Matryoshka"},{"floor":6,"key":"Mercury Hourglass"},{"floor":8,"key":"Vajra"},{"floor":9,"key":"MealTicket"},{"floor":9,"key":"Potion Belt"},{"floor":10,"key":"Toxic Egg 2"},{"floor":13,"key":"Meat on the Bone"},{"floor":14,"key":"Incense Burner"},{"floor":18,"key":"Happy Flower"},{"floor":19,"key":"Red Mask"},{"floor":21,"key":"Mummified Hand"},{"floor":22,"key":"Anchor"},{"floor":23,"key":"Blood Vial"},{"floor":26,"key":"Smiling Mask"},{"floor":26,"key":"CeramicFish"},{"floor":27,"key":"Pen Nib"},{"floor":28,"key":"Question Card"},{"floor":30,"key":"The Courier"},{"floor":31,"key":"HornCleat"},{"floor":35,"key":"Lizard Tail"},{"floor":36,"key":"Whetstone"},{"floor":38,"key":"Ornamental Fan"},{"floor":39,"key":"Bottled Tornado"},{"floor":41,"key":"Pear"},{"floor":43,"key":"Frozen Egg 2"},{"floor":46,"key":"Yang"},{"floor":47,"key":"Old Coin"},{"floor":48,"key":"Dream Catcher"}],"event_choices":[{"damage_healed":0,"gold_gain":0,"player_choice":"Take Damage","damage_taken":18,"relics_obtained":["Golden Idol"],"max_hp_gain":0,"max_hp_loss":0,"event_name":"Golden Idol","floor":2,"gold_loss":0},{"damage_healed":0,"gold_gain":0,"player_choice":"Grow","damage_taken":0,"max_hp_gain":0,"max_hp_loss":0,"event_name":"Living Wall","floor":12,"gold_loss":0,"cards_upgraded":["Adaptation"]},{"damage_healed":0,"gold_gain":0,"player_choice":"Fought Bandits","damage_taken":0,"max_hp_gain":0,"max_hp_loss":0,"event_name":"Masked Bandits","floor":19,"gold_loss":0},{"cards_removed":["EmptyBody"],"damage_healed":0,"gold_gain":0,"player_choice":"Elegance","damage_taken":0,"max_hp_gain":0,"max_hp_loss":0,"event_name":"Back to Basics","floor":20,"gold_loss":0}],"is_beta":false,"boss_relics":[{"not_picked":["Busted Crown","Sozu"],"picked":"Philosopher\u0027s Stone"},{"not_picked":["SlaversCollar","Velvet Choker"],"picked":"VioletLotus"}],"items_purged_floors":[],"is_endless":false,"potions_floor_spawned":[3,8,13,16,19,21,23,27,38,39,46],"ascension_level":0}}