{"host":"wonp23fsqqcu31ie","time":1609984274,"event":{"mods":["2.2 Compatiblity","AchievementEnabler","Aspiration","BaseMod","Bestiary","Better Altar","Better Match","Better Sensory Stone","Better Skull","Better Third Choice","BetterRewards","Block Reminder","Colored Map","Colored Powertips","Conspire","Curses Come First","DeckTracker","Displayed Cursed Tome","Downfall","Evolution","Hermit","Highlight Path","Hubris","Marisa????????","Minty Spire (QoL Compilation)","Permanent Neow","Prisma Mod","Quick Restart","Rare Cards Sparkle","Relic Stats","Replay The Spire","Robot Space Explorer","Shade Mod","Shop Mod","StSLib","SuperFastMode","The Animator","The Bug Knight","The Construct","The Cursed","The Dragon Tamer","The Gatherer","The Marked","The Necromancer","The Runesmith","The Servant 0.9.4"],"gold_per_floor":[111,131,131,142,51,51,80,96,173,18,49,49,99,114,114,235,235,247,284,284,302,44,44,44,60,60,105,105,133,169,213,213,341,341,380,58,129,140,140,166,166,180,203,218,218,218,242,253,253,253,253,253,3,36,36,36],"floor_reached":55,"playtime":2047,"items_purged":[],"score":764,"play_id":"f60bb634-ab6b-4880-9760-bdb445f2a672","local_time":"20210107125114","is_ascension_mode":false,"campfire_choices":[{"data":"PrismaMod:MiyuUncommonPlate","floor":6,"key":"SMITH"},{"floor":12,"key":"RECALL"},{"data":"Time Bomb","floor":15,"key":"SMITH"},{"data":"PrismaMod:MiyuUncommonDexBuff","floor":28,"key":"SMITH"},{"floor":32,"key":"REST"},{"floor":41,"key":"REST"},{"data":"ReplayTheSpireMod:Trickstab","floor":49,"key":"SMITH"},{"data":"ReplayGash","floor":52,"key":"SMITH"}],"circlet_count":0,"master_deck":["PrismaMod:MiyuCommonDefend","PrismaMod:MiyuCommonDefend","PrismaMod:MiyuCommonDefend","PrismaMod:MiyuCommonDefend","PrismaMod:MiyuCommonDefend","PrismaMod:MiyuEvokeCheapAttack","PrismaMod:MiyuCommonAttack","PrismaMod:MiyuCommonAttack","PrismaMod:MiyuCommonAttack","PrismaMod:MiyuCommonAttack","PrismaMod:MiyuCheapChannelAttack+1","PrismaMod:MiyuCheapChannelDefend","PrismaMod:MiyuUncommonStrBuff","PrismaMod:MiyuCheapAttack2","PrismaMod:MiyuUncommonPlate+1","PrismaMod:MiyuCheapDefend1","PrismaMod:MiyuUberAttack","PrismaMod:MiyuUberAOEAttack","PrismaMod:MiyuUberAOEAttack","PrismaMod:MiyuEvokeBuffStr","Time Bomb+1","PrismaMod:MiyuOrbIncreasePerm","PrismaMod:MiyuCarnivalDefend+1","BootSequence","PrismaMod:MiyuCheapStrBuff+1","Redo+1","Delirium","PrismaMod:MiyuEvokeCheapAttack+1","PrismaMod:MiyuUncommonDexBuff+1","PrismaMod:MiyuDefenseAbsorbMinor+1","ReplayGash+1","PrismaMod:MiyuCommonAOEAttack","PrismaMod:MiyuEvokeAllDefend+1","Barrage","expansioncontent:DashGenerateEvil+1","PrismaMod:MiyuDefenseExplosion+1","Scrape","ReplayTheSpireMod:Trickstab+1","Replay:SS_forest_6","PrismaMod:MiyuCheapAttack1+1","PrismaMod:MiyuUberAOEAttack+1","PrismaMod:MiyuCommonAOEAttack+1","Madness","Madness","PrismaMod:MiyuUncommonDefend+1"],"relics":["PrismaMod:PrismaSapphire","EVO:Axolotl","ReplayTheSpireMod:Lightbulb","Oddly Smooth Stone","hubris:DisguiseKit","Golden Egg","aspiration:PoetsPen_weak","Snack Pack","Ring of Panic","Ring of Peace","Pear","conspire:TopHat","SlaversCollar","Regal Pillow","hubris:MedicalManual","Vajra","Boot","Iron Hammer","Replay:Rubber Ducky","aspiration:SeaSaltIceCream","Burning Blood"],"acts_visited":["Exordium","TheCity","TheBeyond","TheEnding"],"potions_floor_usage":[29,33,35,42,50,50,55,55],"damage_taken":[{"damage":0,"enemies":"Cultist","floor":1,"turns":3},{"damage":6,"enemies":"2 Louse","floor":2,"turns":2},{"damage":0,"enemies":"conspire:RoseBush","floor":4,"turns":4},{"damage":0,"enemies":"HollowMod:MossKnight","floor":7,"turns":7},{"damage":12,"enemies":"Lots of Slimes","floor":8,"turns":4},{"damage":8,"enemies":"Gremlin Nob","floor":11,"turns":4},{"damage":7,"enemies":"Lagavulin","floor":13,"turns":6},{"damage":9,"enemies":"Red Slaver","floor":14,"turns":3},{"damage":3,"enemies":"Slime Boss","floor":16,"turns":9},{"damage":8,"enemies":"conspire:FuzzyDice","floor":18,"turns":6},{"damage":1,"enemies":"3 Byrds","floor":19,"turns":4},{"damage":32,"enemies":"Shelled Parasite and Fungi","floor":21,"turns":5},{"damage":8,"enemies":"Snake Plant","floor":25,"turns":7},{"damage":7,"enemies":"Centurion and Healer","floor":27,"turns":5},{"damage":32,"enemies":"Gremlin Leader","floor":29,"turns":9},{"damage":15,"enemies":"Sentry and Sphere","floor":30,"turns":6},{"damage":9,"enemies":"Snecko","floor":31,"turns":5},{"damage":27,"enemies":"Collector","floor":33,"turns":10},{"damage":0,"enemies":"3 Darklings","floor":35,"turns":5},{"damage":51,"enemies":"2 Orb Walkers","floor":37,"turns":7},{"damage":0,"enemies":"Orb Walker","floor":38,"turns":4},{"damage":27,"enemies":"Giant Head","floor":40,"turns":9},{"damage":14,"enemies":"Sphere and 2 Shapes","floor":42,"turns":5},{"damage":0,"enemies":"Writhing Mass","floor":44,"turns":5},{"damage":13,"enemies":"Spire Growth","floor":48,"turns":5},{"damage":9,"enemies":"Donu and Deca","floor":50,"turns":7},{"damage":16,"enemies":"Shield and Spear","floor":54,"turns":6},{"damage":111,"enemies":"The Heart","floor":55,"turns":9}],"seed_played":"1389329464889580974","potions_obtained":[{"floor":1,"key":"Dexterity Potion"},{"floor":4,"key":"SneckoOil"},{"floor":11,"key":"SteroidPotion"},{"floor":13,"key":"Ancient Potion"},{"floor":21,"key":"CultistPotion"},{"floor":27,"key":"LiquidMemories"},{"floor":31,"key":"Dexterity Potion"},{"floor":33,"key":"DistilledChaos"},{"floor":35,"key":"FearPotion"},{"floor":37,"key":"Languid Potion"},{"floor":48,"key":"BlessingOfTheForge"},{"floor":54,"key":"Death Potion"}],"is_trial":false,"path_per_floor":["M","M","?","M","$","R","E","M","T","$","E","R","E","M","R","B",null,"M","M","?","M","$","?","?","M","T","M","R","E","M","M","R","B",null,"M","$","?","M","?","E","R","M","T","M","T","?","T","M","R","B",null,"R","$","E","B"],"character_chosen":"MIYU","items_purchased":["PrismaMod:MiyuCheapDefend1","PrismaMod:MiyuUberAttack","Oddly Smooth Stone","Snack Pack","expansioncontent:DashGenerateEvil","Regal Pillow","aspiration:SeaSaltIceCream"],"campfire_rested":2,"item_purchase_floors":[5,5,10,22,36,36,53],"current_hp_per_floor":[75,69,69,69,69,69,73,65,65,65,61,61,58,53,53,54,75,67,70,70,42,42,42,42,42,52,55,55,29,20,19,44,29,85,85,85,44,54,54,51,85,71,71,85,85,74,74,72,72,79,85,85,85,85,0,0],"gold":36,"neow_bonus":"RANDOM_EVENT","is_daily":false,"chose_seed":false,"campfire_upgraded":5,"win_rate":0.0,"timestamp":1609984274,"path_taken":["M","?","?","M","$","R","E","M","T","$","E","R","E","M","R","BOSS","M","M","?","?","$","?","?","M","T","?","R","E","M","M","R","BOSS","M","$","?","M","?","E","R","M","T","?","?","?","?","M","R","BOSS","R","$","E","BOSS"],"items_purchased_type":["Card","Card","Relic","Relic","Card","Relic","Relic"],"build_version":"2020-12-22","purchased_purges":0,"victory":false,"max_hp_per_floor":[75,75,75,75,75,75,75,75,75,75,75,75,75,75,75,75,75,75,75,75,75,75,75,75,75,85,85,85,85,85,85,85,85,85,85,85,85,85,85,85,85,85,85,85,85,85,85,85,85,85,85,85,85,85,85,85],"relic_stats":{"Regal Pillow":9,"counters":[78,404],"Boot":[14],"obtain_stats":[{"Ice Cream":0,"Golden Egg":13,"hermit:ClaspedLocket":17,"CeramicFish":29,"Vajra":40,"aspiration:PoetsPen_weak":17,"Boot":43,"aspiration:MobileForge":17,"DollysMirror":21,"Replay:Bronze Core":34,"Iron Hammer":45,"m_SnakeCloak":0,"Girya":19,"MerchantsRug":21,"Pear":26,"hubris:DuctTape":22,"aspiration:Nostalgia":0,"Counterbalance":23,"Oddly Smooth Stone":10,"Pen Nib":0,"aspiration:SeaSaltIceCream":53,"War Paint":39,"Akabeko":13,"SlaversCollar":34,"MutagenicStrength":20,"hubris:ToyBattleship":7,"StrikeDummy":26,"hermit:Momento":0,"ReplayFunnel":30,"Lantern":27,"Regal Pillow":36,"Singing Bowl":26,"Blue Doll":20,"hubris:EmptyBottle":11,"Smiling Mask":20,"conspire:TopHat":29,"Burning Blood":53,"Replay:Rubber Ducky":47,"Dream Catcher":26,"Replay:Bandana":20,"hubris:Icosahedron":13,"Ring of Peace":23,"Ring of Panic":23,"hubris:DisguiseKit":11,"construct:ClawGrip":34,"Guide Book":22,"PreservedInsect":7,"hubris:MedicalManual":0,"Omamori":21,"PrismaMod:PrismaSapphireUpgrade":17,"Anchor":39,"Art of War":25,"Garlic":9,"Snack Pack":22,"hexamod:BolsterEngine":6,"ReplayTheSpireMod:Lightbulb":7},{"Ice Cream":36,"Golden Egg":57,"hermit:ClaspedLocket":26,"CeramicFish":32,"Vajra":72,"aspiration:PoetsPen_weak":59,"Boot":73,"aspiration:MobileForge":7,"DollysMirror":8,"Replay:Bronze Core":14,"Iron Hammer":74,"m_SnakeCloak":0,"Girya":8,"MerchantsRug":8,"Pear":63,"hubris:DuctTape":28,"aspiration:Nostalgia":0,"Counterbalance":29,"Oddly Smooth Stone":55,"Pen Nib":19,"aspiration:SeaSaltIceCream":76,"War Paint":17,"Akabeko":42,"SlaversCollar":68,"MutagenicStrength":8,"hubris:ToyBattleship":4,"StrikeDummy":47,"hermit:Momento":0,"ReplayFunnel":13,"Lantern":11,"Regal Pillow":69,"Singing Bowl":30,"Blue Doll":45,"hubris:EmptyBottle":24,"Smiling Mask":45,"conspire:TopHat":65,"Burning Blood":76,"Replay:Rubber Ducky":74,"Dream Catcher":10,"Replay:Bandana":45,"hubris:Icosahedron":6,"Ring of Peace":62,"Ring of Panic":62,"hubris:DisguiseKit":56,"construct:ClawGrip":34,"Guide Book":28,"PreservedInsect":23,"hubris:MedicalManual":36,"Omamori":28,"PrismaMod:PrismaSapphireUpgrade":44,"Anchor":17,"Art of War":10,"Garlic":23,"Snack Pack":62,"hexamod:BolsterEngine":40,"ReplayTheSpireMod:Lightbulb":54},{"Ice Cream":151,"Golden Egg":273,"hermit:ClaspedLocket":112,"CeramicFish":131,"Vajra":367,"aspiration:PoetsPen_weak":285,"Boot":372,"aspiration:MobileForge":29,"DollysMirror":34,"Replay:Bronze Core":64,"Iron Hammer":377,"m_SnakeCloak":0,"Girya":34,"MerchantsRug":34,"Pear":307,"hubris:DuctTape":119,"aspiration:Nostalgia":0,"Counterbalance":123,"Oddly Smooth Stone":263,"Pen Nib":87,"aspiration:SeaSaltIceCream":389,"War Paint":75,"Akabeko":180,"SlaversCollar":342,"MutagenicStrength":34,"hubris:ToyBattleship":12,"StrikeDummy":212,"hermit:Momento":0,"ReplayFunnel":53,"Lantern":48,"Regal Pillow":347,"Singing Bowl":126,"Blue Doll":200,"hubris:EmptyBottle":99,"Smiling Mask":200,"conspire:TopHat":321,"Burning Blood":389,"Replay:Rubber Ducky":377,"Dream Catcher":41,"Replay:Bandana":200,"hubris:Icosahedron":18,"Ring of Peace":300,"Ring of Panic":300,"hubris:DisguiseKit":267,"construct:ClawGrip":141,"Guide Book":119,"PreservedInsect":96,"hubris:MedicalManual":151,"Omamori":119,"PrismaMod:PrismaSapphireUpgrade":196,"Anchor":75,"Art of War":41,"Garlic":96,"Snack Pack":300,"hexamod:BolsterEngine":171,"ReplayTheSpireMod:Lightbulb":259}],"Burning Blood":6},"card_choices":[{"not_picked":["PrismaMod:MiyuUncommonDefend","PrismaMod:MiyuOrbIncreasePerm"],"picked":"PrismaMod:MiyuUncommonStrBuff","floor":1},{"not_picked":["PrismaMod:MiyuEvokeBuffStr","PrismaMod:MiyuEvokeAll"],"picked":"PrismaMod:MiyuCheapAttack2","floor":2},{"not_picked":["PrismaMod:MiyuOrbIncreasePerm","PrismaMod:MiyuDefenseExplosion"],"picked":"PrismaMod:MiyuUncommonPlate","floor":4},{"not_picked":["PrismaMod:MiyuUncommonAttack","PrismaMod:MiyuCheapAttack2"],"picked":"PrismaMod:MiyuUberAOEAttack","floor":7},{"not_picked":["PrismaMod:MiyuUncommonStrBuff","PrismaMod:MiyuMaid"],"picked":"PrismaMod:MiyuUberAOEAttack","floor":8},{"not_picked":["PrismaMod:MiyuUberAttack","PrismaMod:MiyuBride"],"picked":"PrismaMod:MiyuEvokeBuffStr","floor":11},{"not_picked":["PrismaMod:MiyuUncommonDexBuff","PrismaMod:MiyuEvokeAll","PrismaMod:MiyuUncommonAOEAttack"],"picked":"Time Bomb","floor":13},{"not_picked":["PrismaMod:MiyuEvokeBuffStr","PrismaMod:MiyuDefenseRemoval","Turbo"],"picked":"PrismaMod:MiyuOrbIncreasePerm","floor":14},{"not_picked":["PrismaMod:MiyuBride","PrismaMod:MiyuEvokeAllDefend","Echo Form"],"picked":"PrismaMod:MiyuCarnivalDefend","floor":16},{"not_picked":["PrismaMod:MiyuCommonAOEAttack","PrismaMod:MiyuCheapChannelDefend","PrismaMod:MiyuCheapChannelVul+1"],"picked":"BootSequence","floor":18},{"not_picked":["PrismaMod:MiyuEvokeBuffDex","PrismaMod:MiyuChristmas","aspiration:Polymerization"],"picked":"PrismaMod:MiyuCheapStrBuff+1","floor":19},{"not_picked":["PrismaMod:MiyuCheapChannelVul","PrismaMod:MiyuUberAttack","PrismaMod:MiyuAttackChannelWeak"],"picked":"Redo","floor":21},{"not_picked":["PrismaMod:MiyuAttackChannelVul","PrismaMod:MiyuCheapEvoke","Biased Cognition"],"picked":"PrismaMod:MiyuEvokeCheapAttack+1","floor":25},{"not_picked":["PrismaMod:MiyuCommonAOEAttack","PrismaMod:MiyuCheapAttack1","Ball Lightning"],"picked":"PrismaMod:MiyuUncommonDexBuff","floor":27},{"not_picked":["PrismaMod:MiyuDevil+1","PrismaMod:MiyuAttackChannelVul","Stack"],"picked":"PrismaMod:MiyuDefenseAbsorbMinor","floor":29},{"not_picked":["PrismaMod:MiyuDefenseExplosion","PrismaMod:MiyuUncommonAttack+1","PrismaMod:MiyuMaid"],"picked":"ReplayGash","floor":30},{"not_picked":["PrismaMod:MiyuUberAttack","PrismaMod:MiyuUncommonPlate","Loop"],"picked":"PrismaMod:MiyuCommonAOEAttack","floor":31},{"not_picked":["PrismaMod:MiyuDefendChannelDefend","PrismaMod:MiyuBride","All For One"],"picked":"PrismaMod:MiyuEvokeAllDefend","floor":33},{"not_picked":["PrismaMod:MiyuUncommonStrBuff+1","PrismaMod:MiyuAttackChannelAttack+1","PrismaMod:MiyuCheapChannelRandom"],"picked":"Barrage","floor":35},{"not_picked":["PrismaMod:MiyuCheapChannelRandom","PrismaMod:MiyuAttackChannelAttack","Auto Shields"],"picked":"PrismaMod:MiyuDefenseExplosion+1","floor":37},{"not_picked":["PrismaMod:MiyuCheapChannelVul","PrismaMod:MiyuCheapAttack1+1","PrismaMod:MiyuEvokeCheapDefend"],"picked":"Scrape","floor":38},{"not_picked":["Thinking Ahead","Violence"],"picked":"ReplayTheSpireMod:Trickstab","floor":39},{"not_picked":["Trip","Dark Shackles"],"picked":"Replay:SS_forest_6","floor":39},{"not_picked":["PrismaMod:MiyuMaid","PrismaMod:MiyuUberAttack","Conserve Battery"],"picked":"PrismaMod:MiyuCheapAttack1+1","floor":40},{"not_picked":["PrismaMod:MiyuCheapDefend1","PrismaMod:MiyuCheapEvoke+1","Redo"],"picked":"PrismaMod:MiyuUberAOEAttack+1","floor":42},{"not_picked":["PrismaMod:MiyuUberAttack","PrismaMod:MiyuCheapEvoke","ReplayTheSpireMod:Dual Polarity"],"picked":"PrismaMod:MiyuCommonAOEAttack+1","floor":44},{"not_picked":["PrismaMod:MiyuChristmas+1","PrismaMod:MiyuCheapAttack1","Streamline"],"picked":"PrismaMod:MiyuUncommonDefend+1","floor":48},{"not_picked":["PrismaMod:MiyuEvokeCheapAttack+1","PrismaMod:MiyuCheapEvoke+1","PrismaMod:MiyuUncommonAOEAttack+1","Sweeping Beam"],"picked":"SKIP","floor":54}],"player_experience":475016,"relics_obtained":[{"floor":7,"key":"ReplayTheSpireMod:Lightbulb"},{"floor":11,"key":"hubris:DisguiseKit"},{"floor":13,"key":"Golden Egg"},{"floor":23,"key":"Ring of Panic"},{"floor":23,"key":"Ring of Peace"},{"floor":26,"key":"Pear"},{"floor":29,"key":"conspire:TopHat"},{"floor":37,"key":"hubris:MedicalManual"},{"floor":40,"key":"Vajra"},{"floor":43,"key":"Boot"},{"floor":45,"key":"Iron Hammer"},{"floor":47,"key":"Replay:Rubber Ducky"}],"event_choices":[{"damage_healed":0,"gold_gain":0,"player_choice":"Ignored","damage_taken":0,"max_hp_gain":0,"max_hp_loss":0,"event_name":"Golden Wing","floor":3,"gold_loss":0},{"damage_healed":0,"gold_gain":0,"player_choice":"Ignored","damage_taken":0,"max_hp_gain":0,"max_hp_loss":0,"event_name":"Transmorgrifier","floor":20,"gold_loss":0},{"damage_healed":0,"gold_gain":0,"player_choice":"Upgraded","damage_taken":0,"max_hp_gain":0,"max_hp_loss":0,"event_name":"Upgrade Shrine","floor":24,"gold_loss":0,"cards_upgraded":["Redo"]},{"damage_healed":0,"gold_gain":0,"player_choice":"Fight","damage_taken":0,"max_hp_gain":0,"max_hp_loss":0,"event_name":"Mysterious Sphere","floor":37,"gold_loss":0},{"damage_healed":0,"gold_gain":0,"player_choice":"Random: Blue","damage_taken":0,"max_hp_gain":0,"max_hp_loss":0,"event_name":"betterThird:BetterPortal","floor":39,"gold_loss":0},{"damage_healed":0,"gold_gain":3,"player_choice":"1","damage_taken":0,"max_hp_gain":0,"max_hp_loss":0,"event_name":"betterStone:BetterStone","floor":39,"gold_loss":0},{"damage_healed":0,"gold_gain":0,"player_choice":"Embrace Madness","damage_taken":11,"max_hp_gain":0,"max_hp_loss":0,"event_name":"Winding Halls","floor":46,"gold_loss":0,"cards_obtained":["Madness","Madness"]}],"is_beta":false,"boss_relics":[{"not_picked":["Astrolabe","Black Star"],"picked":"aspiration:PoetsPen_weak"},{"not_picked":["conspire:SeveredTorchhead","Replay:Wanted Poster"],"picked":"SlaversCollar"}],"items_purged_floors":[],"is_endless":false,"potions_floor_spawned":[1,4,11,13,19,21,27,31,33,35,37,48,54],"killed_by":"The Heart","ascension_level":0}}