{"host":"e4hse1vg61zltgzv","time":1609979154,"event":{"mods":["AchievementEnabler","BaseMod","Block Reminder","Colored Map","DeckTracker","GifTheSpireLib","Minty Spire (QoL Compilation)","Rare Cards Sparkle","StSLib","SuperFastMode","everything is the same but u backflip on backflip"],"gold_per_floor":[116,132,57,68,83,112,37,37,92,127,127,150,150,175,175,271,271,290,305,205,220,95,128,128,149,149,187,187,205,238,238,238,328,328,343,343,343],"floor_reached":36,"playtime":918,"items_purged":["Slice","Crippling Poison","Backstab"],"score":1418,"play_id":"33235c65-01c6-4112-8ca7-6f70f644aa57","local_time":"20210107092554","is_ascension_mode":true,"campfire_choices":[{"data":"Tactician","floor":15,"key":"SMITH"},{"data":"Acrobatics","floor":24,"key":"SMITH"},{"data":"Eviscerate","floor":28,"key":"SMITH"},{"floor":32,"key":"RECALL"}],"circlet_count":0,"master_deck":["AscendersBane","Survivor","Neutralize","Backflip","Eviscerate+1","Acrobatics+1","Tactician+1"],"relics":["Ring of the Snake","Akabeko","Frozen Egg 2","Golden Idol","Bronze Scales","Anchor","SacredBark","Dream Catcher","Gremlin Horn","Nunchaku","WristBlade","Ancient Tea Set","SlaversCollar"],"acts_visited":["Exordium","TheCity","TheBeyond"],"potions_floor_usage":[10,16],"damage_taken":[{"damage":0,"enemies":"Cultist","floor":1,"turns":2},{"damage":4,"enemies":"Small Slimes","floor":2,"turns":2},{"damage":0,"enemies":"Jaw Worm","floor":4,"turns":1},{"damage":0,"enemies":"Exordium Thugs","floor":5,"turns":1},{"damage":0,"enemies":"Lagavulin","floor":6,"turns":2},{"damage":0,"enemies":"Gremlin Nob","floor":10,"turns":2},{"damage":0,"enemies":"Blue Slaver","floor":12,"turns":2},{"damage":0,"enemies":"Lots of Slimes","floor":14,"turns":1},{"damage":0,"enemies":"The Guardian","floor":16,"turns":2},{"damage":0,"enemies":"Shell Parasite","floor":18,"turns":1},{"damage":0,"enemies":"Chosen","floor":19,"turns":1},{"damage":0,"enemies":"Snake Plant","floor":21,"turns":1},{"damage":0,"enemies":"Book of Stabbing","floor":23,"turns":1},{"damage":0,"enemies":"Snecko","floor":25,"turns":1},{"damage":0,"enemies":"Slavers","floor":27,"turns":1},{"damage":0,"enemies":"Sentry and Sphere","floor":29,"turns":1},{"damage":0,"enemies":"Book of Stabbing","floor":30,"turns":1},{"damage":0,"enemies":"Automaton","floor":33,"turns":1},{"damage":0,"enemies":"3 Shapes","floor":35,"turns":1},{"damage":0,"enemies":"Mind Bloom Boss Battle","floor":36,"turns":1}],"seed_played":"-7597511041753334754","potions_obtained":[{"floor":1,"key":"Fire Potion"},{"floor":6,"key":"Block Potion"},{"floor":14,"key":"SteroidPotion"},{"floor":16,"key":"LiquidBronze"},{"floor":21,"key":"GhostInAJar"}],"is_trial":false,"path_per_floor":["M","M","$","M","M","E","?","?","T","E","?","M","?","M","R","B",null,"M","M","$","M","$","E","R","M","T","E","R","M","E","?","R","B",null,"M","?"],"character_chosen":"THE_SILENT","items_purchased":[],"campfire_rested":0,"item_purchase_floors":[],"current_hp_per_floor":[59,55,76,76,76,76,76,50,50,50,43,43,43,43,43,43,68,68,68,86,86,96,96,96,96,96,96,96,96,96,67,67,67,93,93,93,93],"gold":343,"neow_bonus":"RANDOM_COMMON_RELIC","is_daily":false,"chose_seed":false,"campfire_upgraded":3,"win_rate":0.0,"timestamp":1609979154,"path_taken":["M","M","$","M","M","E","?","?","T","E","?","?","?","M","R","BOSS","M","M","$","M","?","E","R","M","T","E","R","M","E","?","R","BOSS","M","?"],"items_purchased_type":[],"build_version":"2020-12-22","purchased_purges":3,"victory":false,"max_hp_per_floor":[66,66,76,76,76,76,76,76,76,76,76,76,76,76,76,76,76,76,76,86,86,96,96,96,96,96,96,96,96,96,101,101,101,101,101,101,101],"card_choices":[{"not_picked":["Caltrops","Acrobatics","Blur"],"picked":"SKIP","floor":1},{"not_picked":["Eviscerate","Dagger Spray","Leg Sweep"],"picked":"SKIP","floor":2},{"not_picked":["Backflip","Deadly Poison"],"picked":"Acrobatics","floor":4},{"not_picked":["Masterful Stab","PiercingWail","Bane"],"picked":"SKIP","floor":5},{"not_picked":["Leg Sweep","Dagger Spray"],"picked":"Tactician","floor":6},{"not_picked":["Die Die Die","Prepared","Tactician"],"picked":"SKIP","floor":10},{"not_picked":["Dagger Throw","Crippling Poison","Deadly Poison"],"picked":"SKIP","floor":12},{"not_picked":["PiercingWail","Quick Slash","Backflip"],"picked":"SKIP","floor":14},{"not_picked":["Tactician","Quick Slash","Concentrate"],"picked":"SKIP","floor":18},{"not_picked":["Sucker Punch","Outmaneuver+1","Tactician"],"picked":"SKIP","floor":19},{"not_picked":["Flying Knee+1","Concentrate","Heel Hook"],"picked":"SKIP","floor":21},{"not_picked":["Cloak And Dagger","Prepared","Noxious Fumes+1"],"picked":"SKIP","floor":23},{"not_picked":["Predator","Flying Knee","Deadly Poison"],"picked":"SKIP","floor":25},{"not_picked":["Night Terror","Deadly Poison","PiercingWail"],"picked":"SKIP","floor":27},{"not_picked":["Finisher","PiercingWail","Dodge and Roll"],"picked":"SKIP","floor":29},{"not_picked":["Bane","Deflect+1","PiercingWail"],"picked":"SKIP","floor":30},{"not_picked":["Slice","PiercingWail+1","Deflect"],"picked":"SKIP","floor":35}],"player_experience":777698,"relics_obtained":[{"floor":6,"key":"Frozen Egg 2"},{"floor":9,"key":"Bronze Scales"},{"floor":10,"key":"Anchor"},{"floor":23,"key":"Dream Catcher"},{"floor":26,"key":"Gremlin Horn"},{"floor":27,"key":"Nunchaku"},{"floor":30,"key":"Ancient Tea Set"}],"event_choices":[{"cards_removed":["Corpse Explosion"],"damage_healed":11,"gold_gain":0,"player_choice":"Offered Rare","damage_taken":0,"max_hp_gain":10,"max_hp_loss":0,"event_name":"Bonfire Elementals","floor":3,"gold_loss":0},{"cards_removed":["Concentrate"],"damage_healed":0,"gold_gain":0,"player_choice":"Card Removal","damage_taken":0,"max_hp_gain":0,"max_hp_loss":0,"event_name":"The Cleric","floor":7,"gold_loss":75},{"damage_healed":0,"gold_gain":0,"player_choice":"Take Damage","damage_taken":26,"relics_obtained":["Golden Idol"],"max_hp_gain":0,"max_hp_loss":0,"event_name":"Golden Idol","floor":8,"gold_loss":0},{"cards_removed":["Expertise"],"damage_healed":0,"gold_gain":0,"player_choice":"Card Removal","damage_taken":7,"max_hp_gain":0,"max_hp_loss":0,"event_name":"Golden Wing","floor":11,"gold_loss":0},{"damage_healed":0,"gold_gain":0,"cards_transformed":["Deflect"],"player_choice":"Transformed","damage_taken":0,"max_hp_gain":0,"max_hp_loss":0,"event_name":"Transmorgrifier","floor":13,"gold_loss":0,"cards_obtained":["A Thousand Cuts"]},{"cards_removed":["Corpse Explosion"],"damage_healed":8,"gold_gain":0,"player_choice":"Offered Rare","damage_taken":0,"max_hp_gain":10,"max_hp_loss":0,"event_name":"Bonfire Elementals","floor":20,"gold_loss":0},{"cards_removed":["A Thousand Cuts"],"damage_healed":0,"gold_gain":0,"player_choice":"Offered Rare","damage_taken":0,"max_hp_gain":10,"max_hp_loss":0,"event_name":"Bonfire Elementals","floor":22,"gold_loss":0},{"damage_healed":0,"gold_gain":0,"player_choice":"Shed Blood","damage_taken":34,"max_hp_gain":5,"max_hp_loss":0,"event_name":"Forgotten Altar","floor":31,"gold_loss":0},{"damage_healed":0,"gold_gain":0,"player_choice":"Fight","damage_taken":0,"max_hp_gain":0,"max_hp_loss":0,"event_name":"MindBloom","floor":36,"gold_loss":0}],"is_beta":false,"boss_relics":[{"not_picked":["Velvet Choker","Ring of the Serpent"],"picked":"SacredBark"},{"not_picked":["Calling Bell","Sozu"],"picked":"SlaversCollar"}],"items_purged_floors":[3,20,22],"is_endless":false,"potions_floor_spawned":[1,6,14,16,21,27,29,35],"killed_by":"Mind Bloom Boss Battle","ascension_level":20}}