{"host":"acczert1kscx59ut","time":1609994154,"event":{"mods":["AchievementEnabler","Act Like it!","Aspiration","Astrologer","BaseMod","Beaked The Cultist","Bestiary","BetterRewards","Conspire","Decade(???)","Dio Mod","Downfall","Duelist Mod","Elementarium","Gensokyo","GifTheSpireLib","Glutton Mod","Gold Saver","Gremlin Mod","GungeonMod","Hallownest","Hermit","Hero for Fun","Hubris","Infinite Spire","Jorbs\u0027s Wanderer Trilogy","Koishi","Lobotomy","LobotomyExtend","Magitek Elite","Melee Mod","Minty Spire (QoL Compilation)","Quick Restart","Replay The Spire","Robot Space Explorer","Shade Mod","Shedinja","Shop Mod","Somnambulant","Spicy Shops","StSLib","Stuff the Spire","SuperFastMode","Td1madao Mod","The Animator","The Blackbeard","The Bug Knight","The Clintock","The Construct","The Cursed","The Disciple","The Dragon Tamer","The Exalted","The Factory","The Forsaken","The Gatherer","The Hayseed","The Hierophant","The Jungle","The Kombatant","The Necromancer","The Problem Sleuth","The Runesmith","The Showman","The Valiant","The Vixen","The Wild Card","TheFirefly","thorton","vexMod"],"gold_per_floor":[115,115,129,141,153,172,198,209,233,246,246,265,292,304,304,401,401,418,388,388],"floor_reached":19,"playtime":2036,"items_purged":[],"score":285,"play_id":"dbc7a2a9-5ac8-4210-a324-f958b23256a4","local_time":"20210106233554","is_ascension_mode":false,"campfire_choices":[{"data":"Shedinja:Agility","floor":15,"key":"SMITH"}],"circlet_count":0,"master_deck":["Shedinja:Scratch","Shedinja:Scratch","Shedinja:Scratch","Shedinja:Scratch","Shedinja:Scratch","Shedinja:Endure","Shedinja:Endure","Shedinja:Endure","Shedinja:Endure","Shedinja:Endure","Shedinja:FocusSash","Shedinja:FocusSash","ShyLook","Shedinja:StruggleBug","MHz","Shedinja:StruggleBug","VoidDream","Shedinja:Agility+1","SpiderBud","Shedinja:MetalClaw","OldLady","Shedinja:Round","OSAHOGD","Shedinja:GigaDrain","Shedinja:Substitute+1","Shedinja:StruggleBug","Shedinja:LumBerry+1","Shedinja:Round","Shedinja:Rest+1","FieryBird","Shedinja:DoubleTeam+1","Shedinja:Absorb"],"relics":["Shedinja:WonderGuard","CogitoBucket","DemoMod:GlassGuonStoneRelic","LetterFromLob","Golden Egg","BackwardClock","Dream Catcher","Omamori","Replay:Fungal Core"],"acts_visited":["Exordium","TheCity"],"potions_floor_usage":[5,7,18,18],"damage_taken":[{"damage":0,"enemies":"Small Slimes","floor":1,"turns":5},{"damage":0,"enemies":"Cultist","floor":3,"turns":6},{"damage":0,"enemies":"Jaw Worm","floor":4,"turns":4},{"damage":0,"enemies":"Gremlin Gang","floor":5,"turns":5},{"damage":0,"enemies":"Looter","floor":6,"turns":5},{"damage":0,"enemies":"Lagavulin","floor":7,"turns":10},{"damage":0,"enemies":"2 Fungi Beasts","floor":8,"turns":6},{"damage":0,"enemies":"Exordium Thugs","floor":10,"turns":7},{"damage":0,"enemies":"Gremlin Gang","floor":12,"turns":6},{"damage":0,"enemies":"3 Sentries","floor":13,"turns":10},{"damage":0,"enemies":"Blue Slaver","floor":14,"turns":5},{"damage":0,"enemies":"Slime Boss","floor":16,"turns":20},{"damage":0,"enemies":"3 Byrds","floor":18,"turns":8},{"damage":10,"enemies":"2 Thieves","floor":19,"turns":1}],"seed_played":"1385019223055349553","potions_obtained":[{"floor":1,"key":"Milkshake"},{"floor":3,"key":"Explosive Potion"},{"floor":4,"key":"BlessingOfTheForge"},{"floor":12,"key":"PowerPotion"},{"floor":13,"key":"ColorlessPotion"}],"is_trial":false,"path_per_floor":["M","?","M","M","M","M","E","M","T","M","?","M","E","M","R","B",null,"M","M"],"character_chosen":"THE_DEFAULT","items_purchased":[],"campfire_rested":0,"item_purchase_floors":[],"current_hp_per_floor":[1,1,1,1,1,1,1,1,1,1,1,1,1,1,1,1,1,1,0,0],"gold":388,"neow_bonus":"","is_daily":false,"chose_seed":false,"campfire_upgraded":1,"win_rate":0.0,"timestamp":1609994154,"path_taken":["M","?","M","M","?","M","E","M","T","M","?","M","E","?","R","BOSS","M","M"],"items_purchased_type":[],"build_version":"2020-12-22","purchased_purges":0,"victory":false,"max_hp_per_floor":[1,1,1,1,1,1,1,1,1,1,1,1,1,1,1,1,1,1,1,1],"card_choices":[{"not_picked":["Murderer","GalaxyChild"],"picked":"ShyLook","floor":1},{"not_picked":["Shedinja:Mimic","Shedinja:ArtifactCard"],"picked":"Shedinja:StruggleBug","floor":1},{"not_picked":["BeautyBeast","RedShoes","Scorched"],"picked":"Singing Bowl","floor":3},{"not_picked":["CherryBlossoms","HappyTeddy"],"picked":"MHz","floor":3},{"not_picked":["Shedinja:GigaDrain","Shedinja:PowerBelt"],"picked":"Shedinja:StruggleBug","floor":3},{"not_picked":["BeautyBeast","SingingMachine"],"picked":"VoidDream","floor":4},{"not_picked":["Shedinja:Elixir","Shedinja:RockyHelmet"],"picked":"Shedinja:Agility","floor":4},{"not_picked":["BeautyBeast","UniverseFragment"],"picked":"SpiderBud","floor":5},{"not_picked":["Shedinja:Absorb","Shedinja:Mimic"],"picked":"Shedinja:MetalClaw","floor":5},{"not_picked":["Bloodbath","WhitesApple"],"picked":"OldLady","floor":6},{"not_picked":["Shedinja:SuckerPunch","Shedinja:GigaDrain"],"picked":"Shedinja:Round","floor":6},{"not_picked":["Bloodbath","WallGazer","BeautyBeast"],"picked":"Singing Bowl","floor":7},{"not_picked":["Bloodbath","PunishingBird"],"picked":"OSAHOGD","floor":7},{"not_picked":["Shedinja:Facade","Shedinja:Mimic"],"picked":"Shedinja:GigaDrain","floor":7},{"not_picked":["UniverseFragment","WallGazer","GalaxyChild"],"picked":"Singing Bowl","floor":8},{"not_picked":["Shedinja:ShadowBall","Shedinja:PowerBracer"],"picked":"Shedinja:Substitute","floor":8},{"not_picked":["Scorched","HeroicMonk","Mercenary"],"picked":"Singing Bowl","floor":10},{"not_picked":["Shedinja:RockyHelmet","Shedinja:PowerBracer"],"picked":"Shedinja:StruggleBug","floor":10},{"not_picked":["WallGazer","PunishingBird","Rudolta"],"picked":"Singing Bowl","floor":12},{"not_picked":["Shedinja:Facade","Shedinja:Round"],"picked":"Shedinja:LumBerry","floor":12},{"not_picked":["Laetitia","BeautyBeast","Scarecrow"],"picked":"Singing Bowl","floor":13},{"not_picked":["Shedinja:ArtifactCard","Shedinja:ShadowBall"],"picked":"Shedinja:Round","floor":13},{"not_picked":["BigBird","RedShoes","Bloodbath"],"picked":"Singing Bowl","floor":14},{"not_picked":["Shedinja:Mimic","Shedinja:ShadowBall"],"picked":"Shedinja:Rest","floor":14},{"not_picked":["HappyTeddy","DreamingCurrent","BigBird"],"picked":"Singing Bowl","floor":16},{"not_picked":["Wellcheers","Freischutz"],"picked":"FieryBird","floor":16},{"not_picked":["Shedinja:Substitute","Shedinja:PokeBall"],"picked":"Shedinja:DoubleTeam","floor":16},{"not_picked":["WhitesApple","Laetitia","UniverseFragment"],"picked":"Singing Bowl","floor":18},{"not_picked":["Shedinja:Facade","Shedinja:Thief"],"picked":"Shedinja:Absorb","floor":18}],"player_experience":197132,"relics_obtained":[{"floor":1,"key":"LetterFromLob"},{"floor":7,"key":"Golden Egg"},{"floor":9,"key":"Dream Catcher"},{"floor":13,"key":"Omamori"}],"event_choices":[{"damage_healed":0,"gold_gain":0,"player_choice":"Cursed","damage_taken":0,"max_hp_gain":0,"max_hp_loss":0,"event_name":"Wheel of Change","floor":2,"gold_loss":0,"cards_obtained":["Decay"]},{"cards_removed":["Decay"],"damage_healed":0,"gold_gain":0,"player_choice":"Purged","damage_taken":0,"max_hp_gain":0,"max_hp_loss":0,"event_name":"Purifier","floor":11,"gold_loss":0}],"is_beta":false,"boss_relics":[{"not_picked":["SlaversCollar","hubris:BlackHole"],"picked":"Replay:Fungal Core"}],"items_purged_floors":[],"is_endless":false,"potions_floor_spawned":[1,3,4,12,13,16],"killed_by":"2 Thieves","ascension_level":0}}