{"host":"mydft8i2zzydgggw","time":1609982121,"event":{"mods":["AchievementEnabler","BaseMod","BetterRewards","Colored Map","Colored Powertips","DeckTracker","Keyboard Shortcuts","Minty Spire (QoL Compilation)","Quick Restart","Rare Cards Sparkle","StSLib","SuperFastMode","The Poker Player","everything is the same but u backflip on backflip"],"gold_per_floor":[113,127,145,95,105,105,135,135,135,163,183,183,183,193,193,294,294,309,85,97,22,22,57,0,35,35,35,62,62,87,102,102,201,201,217,230,275,325,325,356,356,383,459,459,471,471,273,286,286,286],"floor_reached":51,"playtime":2585,"items_purged":["Strike_B","Defend_B"],"score":1133,"play_id":"34f2dad7-756f-48f3-90b4-54933d57fb62","local_time":"20210107101521","is_ascension_mode":true,"campfire_choices":[{"data":"Go for the Eyes","floor":6.0,"key":"SMITH"},{"floor":12.0,"key":"REST"},{"data":"Buffer","floor":15.0,"key":"SMITH"},{"floor":27,"key":"REST"},{"floor":29,"key":"REST"},{"data":"Creative AI","floor":32,"key":"SMITH"},{"floor":46,"key":"DIG"},{"floor":49,"key":"DIG"}],"circlet_count":0,"master_deck":["Defend_B","Zap","Dualcast+1","Creative AI+1","Leap","Compile Driver","Go for the Eyes+1","Darkness","Defragment+1","Streamline","Buffer+1","Turbo","Reboot","Glacier+1","Turbo","Barrage","Conserve Battery+1","Force Field","Electrodynamics","Sweeping Beam","Defragment","Multi-Cast","Steam+1","FTL","FTL","Madness","Madness","Fusion+1","Reinforced Body+1","Dark Shackles"],"relics":["Cracked Core","White Beast Statue","Letter Opener","Regal Pillow","Inserter","Toolbox","Sundial","Dream Catcher","Darkstone Periapt","Thread and Needle","Blood Vial","Philosopher\u0027s Stone","Calipers","Girya","Nunchaku","Shovel","Meat on the Bone","PreservedInsect","Boot"],"acts_visited":["Exordium","TheCity","TheBeyond"],"potions_floor_usage":[20,23,23,25,28,28,30,31,33,35,37,40,40,40,42,48,50],"damage_taken":[{"damage":4.0,"enemies":"Small Slimes","floor":1.0,"turns":3.0},{"damage":0.0,"enemies":"2 Louse","floor":2.0,"turns":2.0},{"damage":0.0,"enemies":"Cultist","floor":3.0,"turns":4.0},{"damage":12.0,"enemies":"Blue Slaver","floor":5.0,"turns":4.0},{"damage":1.0,"enemies":"3 Sentries","floor":7.0,"turns":4.0},{"damage":20.0,"enemies":"Lagavulin","floor":10.0,"turns":7.0},{"damage":6.0,"enemies":"Looter","floor":11.0,"turns":3.0},{"damage":0.0,"enemies":"3 Louse","floor":14.0,"turns":2.0},{"damage":0.0,"enemies":"Slime Boss","floor":16.0,"turns":6.0},{"damage":24.0,"enemies":"Chosen","floor":18.0,"turns":6.0},{"damage":10,"enemies":"3 Byrds","floor":20,"turns":4},{"damage":27,"enemies":"Slavers","floor":23,"turns":5},{"damage":4,"enemies":"Gremlin Leader","floor":25,"turns":10},{"damage":0,"enemies":"Book of Stabbing","floor":28,"turns":8},{"damage":0,"enemies":"Gremlin Leader","floor":30,"turns":5},{"damage":10,"enemies":"Centurion and Healer","floor":31,"turns":5},{"damage":2,"enemies":"Automaton","floor":33,"turns":7},{"damage":0,"enemies":"3 Darklings","floor":35,"turns":3},{"damage":13,"enemies":"Orb Walker","floor":36,"turns":4},{"damage":19,"enemies":"2 Orb Walkers","floor":37,"turns":3},{"damage":10,"enemies":"Mind Bloom Boss Battle","floor":38,"turns":7},{"damage":0,"enemies":"Reptomancer","floor":40,"turns":5},{"damage":18,"enemies":"Giant Head","floor":42,"turns":10},{"damage":0,"enemies":"Spire Growth","floor":45,"turns":6},{"damage":0,"enemies":"Writhing Mass","floor":48,"turns":8},{"damage":21,"enemies":"Donu and Deca","floor":50,"turns":11}],"seed_played":"-2007067258133092610","potions_obtained":[{"floor":1.0,"key":"PowerPotion"},{"floor":5.0,"key":"EntropicBrew"},{"floor":7.0,"key":"Swift Potion"},{"floor":10.0,"key":"Dexterity Potion"},{"floor":11.0,"key":"BlessingOfTheForge"},{"floor":14.0,"key":"Explosive Potion"},{"floor":16.0,"key":"GamblersBrew"},{"floor":18.0,"key":"PowerPotion"},{"floor":20,"key":"Block Potion"},{"floor":23,"key":"Weak Potion"},{"floor":25,"key":"DuplicationPotion"},{"floor":28,"key":"Explosive Potion"},{"floor":30,"key":"PotionOfCapacity"},{"floor":31,"key":"PowerPotion"},{"floor":33,"key":"PowerPotion"},{"floor":35,"key":"DuplicationPotion"},{"floor":36,"key":"GamblersBrew"},{"floor":37,"key":"Strength Potion"},{"floor":38,"key":"CultistPotion"},{"floor":40,"key":"Fruit Juice"},{"floor":42,"key":"Block Potion"},{"floor":45,"key":"Ancient Potion"},{"floor":48,"key":"BlessingOfTheForge"}],"is_trial":false,"path_per_floor":["M","M","M","?","M","R","E","?","T","E","M","R","?","M","R","B",null,"M","$","M","?","?","E","?","E","T","R","E","R","E","M","R","B",null,"M","M","?","?","?","E","?","E","T","T","M","R","$","M","R","B",null],"character_chosen":"DEFECT","items_purchased":["Toolbox","Dark Shackles"],"campfire_rested":3,"item_purchase_floors":[19,47],"current_hp_per_floor":[71,71,71,71,59,59,58,43,43,23,17,54,54,54,54,54,70,46,46,36,36,36,9,9,5,5,42,42,75,75,65,65,65,73,75,62,45,37,66,71,62,46,46,46,48,48,48,50,50,43],"gold":286,"neow_bonus":"ONE_RANDOM_RARE_CARD","is_daily":false,"chose_seed":false,"campfire_upgraded":3,"win_rate":0.0,"timestamp":1609982121,"path_taken":["M","M","M","?","M","R","E","?","T","E","M","R","?","?","R","BOSS","M","$","M","?","?","E","?","E","T","R","E","R","E","M","R","BOSS","M","M","?","?","?","E","?","E","T","?","M","R","$","M","R","BOSS"],"items_purchased_type":["Relic","Card"],"build_version":"2020-12-22","purchased_purges":2,"victory":true,"max_hp_per_floor":[75,75,75,75,75,75,75,75,75,75,75,75,75,75,75,75,75,75,75,75,75,75,75,75,75,75,75,75,75,75,75,75,75,75,75,75,75,75,66,71,71,71,71,71,71,71,71,71,71,71],"card_choices":[{"not_picked":["FTL","Reprogram"],"picked":"Leap","floor":1.0},{"not_picked":["Auto Shields","Capacitor"],"picked":"Compile Driver","floor":2.0},{"not_picked":["Hologram","Storm"],"picked":"Go for the Eyes","floor":3.0},{"not_picked":["Steam","Barrage"],"picked":"Darkness","floor":5.0},{"not_picked":["Reinforced Body","Recycle"],"picked":"Defragment","floor":7.0},{"not_picked":["Redo","Cold Snap"],"picked":"Streamline","floor":10.0},{"not_picked":["Cold Snap","Loop"],"picked":"Buffer","floor":11.0},{"not_picked":["Streamline","Redo"],"picked":"Turbo","floor":14.0},{"not_picked":["Biased Cognition","Hyperbeam"],"picked":"Reboot","floor":16.0},{"not_picked":["Ball Lightning","Sweeping Beam+1"],"picked":"Glacier+1","floor":18.0},{"not_picked":["Leap","Chill","Beam Cell"],"picked":"SKIP","floor":20},{"not_picked":["Darkness","Hologram","Rip and Tear"],"picked":"SKIP","floor":23},{"not_picked":["Beam Cell","Ball Lightning"],"picked":"Conserve Battery+1","floor":25},{"not_picked":["Reprogram","Steam"],"picked":"Force Field","floor":27},{"not_picked":["BootSequence","Hologram","Compile Driver"],"picked":"SKIP","floor":28},{"not_picked":["Consume","Rip and Tear"],"picked":"Electrodynamics","floor":29},{"not_picked":["Hologram+1","Stack"],"picked":"Sweeping Beam","floor":30},{"not_picked":["Gash+1","Steam"],"picked":"Defragment","floor":31},{"not_picked":["Buffer","Biased Cognition"],"picked":"Multi-Cast","floor":33},{"not_picked":["Compile Driver+1","Redo"],"picked":"Steam+1","floor":35},{"not_picked":["Blizzard","Force Field+1","Rebound"],"picked":"SKIP","floor":36},{"not_picked":["Reprogram+1","Stack"],"picked":"FTL","floor":37},{"not_picked":["Cold Snap+1","Turbo"],"picked":"FTL","floor":38},{"not_picked":["Scrape","Lockon+1","Multi-Cast"],"picked":"SKIP","floor":40},{"not_picked":["Hologram+1","Turbo+1"],"picked":"Fusion+1","floor":42},{"not_picked":["Beam Cell+1","Cold Snap+1"],"picked":"Reinforced Body+1","floor":45},{"not_picked":["Compile Driver+1","White Noise","Gash+1"],"picked":"SKIP","floor":48}],"player_experience":123939,"relics_obtained":[{"floor":7.0,"key":"White Beast Statue"},{"floor":9.0,"key":"Letter Opener"},{"floor":10.0,"key":"Regal Pillow"},{"floor":23,"key":"Sundial"},{"floor":25,"key":"Dream Catcher"},{"floor":26,"key":"Darkstone Periapt"},{"floor":28,"key":"Thread and Needle"},{"floor":30,"key":"Blood Vial"},{"floor":37,"key":"Calipers"},{"floor":38,"key":"Girya"},{"floor":40,"key":"Nunchaku"},{"floor":42,"key":"Shovel"},{"floor":44,"key":"Meat on the Bone"},{"floor":46,"key":"PreservedInsect"},{"floor":49,"key":"Boot"}],"event_choices":[{"cards_removed":["Strike_B"],"damage_healed":0.0,"max_hp_gain":0.0,"max_hp_loss":0.0,"gold_gain":0.0,"event_name":"The Cleric","player_choice":"Card Removal","floor":4.0,"gold_loss":50.0,"damage_taken":0.0},{"damage_healed":0.0,"max_hp_gain":0.0,"max_hp_loss":0.0,"gold_gain":0.0,"event_name":"Shining Light","player_choice":"Entered Light","floor":8.0,"gold_loss":0.0,"damage_taken":15.0,"cards_upgraded":["Dualcast","Defragment"]},{"cards_removed":["Strike_B"],"damage_healed":0.0,"max_hp_gain":0.0,"max_hp_loss":0.0,"gold_gain":0.0,"event_name":"Purifier","player_choice":"Purged","floor":13.0,"gold_loss":0.0,"damage_taken":0.0},{"cards_removed":["Strike_B"],"damage_healed":0,"gold_gain":0,"player_choice":"Gave Gold","damage_taken":0,"max_hp_gain":0,"max_hp_loss":0,"event_name":"Beggar","floor":21,"gold_loss":75},{"damage_healed":0,"gold_gain":0,"cards_transformed":["Defend_B","Defend_B"],"player_choice":"Became Test Subject","damage_taken":0,"max_hp_gain":0,"max_hp_loss":0,"event_name":"Drug Dealer","floor":22,"gold_loss":0,"cards_obtained":["Turbo","Barrage"]},{"damage_healed":0,"gold_gain":0,"player_choice":"Paid Fearfully","damage_taken":0,"max_hp_gain":0,"max_hp_loss":0,"event_name":"Masked Bandits","floor":24,"gold_loss":57},{"damage_healed":0,"gold_gain":0,"player_choice":"Fight","damage_taken":0,"max_hp_gain":0,"max_hp_loss":0,"event_name":"Mysterious Sphere","floor":37,"gold_loss":0},{"damage_healed":0,"gold_gain":0,"player_choice":"Fight","damage_taken":0,"max_hp_gain":0,"max_hp_loss":0,"event_name":"MindBloom","floor":38,"gold_loss":0},{"damage_healed":66,"gold_gain":0,"player_choice":"Heal","damage_taken":0,"max_hp_gain":0,"max_hp_loss":9,"event_name":"The Moai Head","floor":39,"gold_loss":0},{"damage_healed":0,"gold_gain":0,"player_choice":"Embrace Madness","damage_taken":9,"max_hp_gain":0,"max_hp_loss":0,"event_name":"Winding Halls","floor":41,"gold_loss":0,"cards_obtained":["Madness","Madness"]}],"is_beta":false,"boss_relics":[{"not_picked":["Busted Crown","FrozenCore"],"picked":"Inserter"},{"not_picked":["Sozu","Coffee Dripper"],"picked":"Philosopher\u0027s Stone"}],"items_purged_floors":[19,47],"is_endless":false,"potions_floor_spawned":[1,5,7,10,11,14,16,18,20,23,25,28,30,31,33,35,36,37,38,40,42,45,48],"ascension_level":5}}