{"host":"pzxn1nb1tlmimivy","time":1609992726,"event":{"mods":["BaseMod","CapriCore","Infinite Spire","Lobotomy","LobotomyExtend","Minty Spire (QoL Compilation)","Quick Restart","Replay The Spire","StSLib","TestMod","The Immortal","TheWitcher"],"gold_per_floor":[114,39,59,59,59,90,100,500,582,582,595,608,608,783,783,883,883,901,901,816,716,729,729,762,762,789,814,597,597,329,345,345,447,447,460,460,473,473,486,512,525,535,584,599,344,359,376,409,409,409,409,409],"floor_reached":50,"playtime":4056,"items_purged":["Regret","Doubt","MokouMod:Defend"],"score":717,"play_id":"68ae23da-861a-41d4-bc45-059ce89c70e4","local_time":"20210107121206","is_ascension_mode":false,"campfire_choices":[{"data":"MokouMod:SearingShot","floor":10.0,"key":"SMITH"},{"data":"MokouMod:TemporalFireSeal","floor":15.0,"key":"SMITH"},{"data":"MokouMod:Extinguish","floor":23.0,"key":"SMITH"},{"data":"MokouMod:ControlledCombustion","floor":25.0,"key":"SMITH"},{"data":"MokouMod:Defend","floor":32.0,"key":"PURGE"},{"data":"MokouMod:PhoenixForm","floor":49,"key":"SMITH"}],"circlet_count":0,"master_deck":["MokouMod:Strike","MokouMod:Strike","MokouMod:Strike","MokouMod:Strike","MokouMod:Defend","MokouMod:Defend","MokouMod:HeatSpark","MokouMod:TemporalFireSeal+1","MokouMod:SearingShot+1","MokouMod:IgneousBlow","MokouMod:Extinguish+1","MokouMod:ControlledCombustion+1","MokouMod:Refresh","Replay:Dark Deal+1","MokouMod:PhoenixForm+1","MokouMod:TemporalFireSeal+1","MokouMod:TemporalFireSeal+1","MokouMod:Firecracker","Pot Of Greed","Pot Of Greed","MokouMod:Burn+1","testmod-Wormhole"],"relics":["MokouMod:PhoenixFeather","Nunchaku","testmod-ObsoleteBoomerang","LetterFromLob","ReplayFunnel","Question Card","testmod-Recursion","Lantern","testmod-InjuryResistance","Calipers","testmod-RealStoneCalender","testmod-CasingShield","Toy Ornithopter","Turnip","Blue Doll","Membership Card","InkBottle","testmod-Charity","Vajra","Du-Vu Doll","Black Star","Girya","Incense Burner","Ginger","Bronze Scales","Grinning Jar","Replay:Mystery Machine","MealTicket","testmod-CrystalShield","Pet Ghost","testmod-IndustrialRevolution"],"acts_visited":["Exordium","TheCity","TheBeyond"],"potions_floor_usage":[],"damage_taken":[{"damage":3.0,"enemies":"Cultist","floor":1.0,"turns":3.0},{"damage":5.0,"enemies":"Jaw Worm","floor":3.0,"turns":3.0},{"damage":16.0,"enemies":"3 Sentries","floor":6.0,"turns":4.0},{"damage":0.0,"enemies":"Small Slimes","floor":7.0,"turns":1.0},{"damage":6.0,"enemies":"2 Fungi Beasts","floor":11.0,"turns":2.0},{"damage":6.0,"enemies":"Exordium Wildlife","floor":12.0,"turns":2.0},{"damage":32.0,"enemies":"Hexaghost","floor":16.0,"turns":11.0},{"damage":19.0,"enemies":"Chosen","floor":18.0,"turns":5.0},{"damage":0.0,"enemies":"Spheric Guardian","floor":22.0,"turns":1.0},{"damage":0.0,"enemies":"Gremlin Leader","floor":24.0,"turns":1.0},{"damage":0.0,"enemies":"Slavers","floor":27.0,"turns":1.0},{"damage":9.0,"enemies":"Snake Plant","floor":31.0,"turns":2.0},{"damage":0.0,"enemies":"Automaton","floor":33.0,"turns":2.0},{"damage":11.0,"enemies":"3 Darklings","floor":35.0,"turns":2.0},{"damage":10.0,"enemies":"3 Shapes","floor":37.0,"turns":2.0},{"damage":5.0,"enemies":"Jaw Worm Horde","floor":39.0,"turns":3.0},{"damage":42,"enemies":"Nightmare","floor":40,"turns":7},{"damage":20,"enemies":"4 Shapes","floor":41,"turns":4},{"damage":0,"enemies":"3 Darklings","floor":42,"turns":4},{"damage":15,"enemies":"Jaw Worm Horde","floor":44,"turns":4},{"damage":17,"enemies":"Spire Growth","floor":46,"turns":4},{"damage":13,"enemies":"Writhing Mass","floor":47,"turns":2},{"damage":23,"enemies":"Giant Head","floor":48,"turns":6},{"damage":33,"enemies":"LordOfAnnihilation","floor":50,"turns":1}],"seed_played":"4796961169166375426","potions_obtained":[{"floor":3.0,"key":"Explosive Potion"},{"floor":6.0,"key":"Adrenaline Potion"},{"floor":11.0,"key":"Languid Potion"},{"floor":27.0,"key":"AttackPotion"},{"floor":35.0,"key":"CultistPotion"},{"floor":44,"key":"Fire Potion"}],"is_trial":false,"path_per_floor":["M","$","M","$","?","E","M","?","T","R","M","M","M","?","R","B",null,"M","?","?","$","M","R","E","R","T","E","$","?","$","M","R","B",null,"M","AVR","M","?","M","NM","M","M","T","M","$","M","M","E","R","B"],"character_chosen":"MKU","items_purchased":["Membership Card","Replay:Dark Deal+1","InkBottle","testmod-Charity","Vajra","MealTicket","testmod-Wormhole","Swift Potion"],"campfire_rested":0,"item_purchase_floors":[28,28,30,30,30,45,45,45],"current_hp_per_floor":[72,72,67,67,67,51,51,51,51,51,45,39,39,39,39,7,75,56,56,56,56,56,56,56,56,56,56,56,56,56,53,53,54,77,67,67,58,58,54,13,16,27,28,14,14,22,10,22,22,0,0,0],"gold":409,"neow_bonus":"RANDOM_EVENT","is_daily":false,"chose_seed":false,"campfire_upgraded":5,"win_rate":0.0,"timestamp":1609992726,"path_taken":["M","$","M","$","?","E","?","?","T","R","M","M","M","?","R","BOSS","M","?","?","?","M","R","E","R","T","E","$","?","$","M","R","BOSS","M","AVR","M","?","M","NM","M","M","T","M","?","?","M","E","R","BOSS"],"items_purchased_type":["Relic","Card","Relic","Relic","Relic","Relic","Card","Potion"],"build_version":"2020-12-22","purchased_purges":3,"victory":false,"max_hp_per_floor":[75,75,75,75,75,75,75,75,75,75,75,75,75,75,75,75,75,75,75,75,75,75,75,75,75,75,75,75,75,75,76,76,77,77,78,78,79,79,80,81,82,83,84,85,85,86,87,88,88,88,88,88],"card_choices":[{"not_picked":["MokouMod:ScorchingColumn","MokouMod:HeatCyclone"],"picked":"MokouMod:TemporalFireSeal","floor":1.0},{"not_picked":["MokouMod:BlazingComet","MokouMod:Sear"],"picked":"MokouMod:SearingShot","floor":3.0},{"not_picked":["MokouMod:Ember","MokouMod:TemporalFireSeal","MokouMod:UncontrollableSolarReaction"],"picked":"SKIP","floor":6.0},{"not_picked":["MokouMod:IndiscriminateIgnition","MokouMod:SpontaneousHumanCombustion","MokouMod:FlareStarter"],"picked":"SKIP","floor":7.0},{"not_picked":["MokouMod:ScorchingColumn","MokouMod:IgneousBlow","MokouMod:RoaringFlare","MokouMod:EternalBurstReactor"],"picked":"SKIP","floor":11.0},{"not_picked":["MokouMod:HeatCyclone","MokouMod:TemporalFireSeal","MokouMod:Fireball","MokouMod:EternalBurstReactor"],"picked":"SKIP","floor":12.0},{"not_picked":["MokouMod:Geothermal","MokouMod:ResonatingAura","MokouMod:SpontaneousHumanCombustion"],"picked":"MokouMod:Extinguish","floor":16.0},{"not_picked":["MokouMod:Ember+1","MokouMod:Refresh","MokouMod:ScorchingColumn"],"picked":"MokouMod:ControlledCombustion","floor":18.0},{"not_picked":["MokouMod:HeartofFire+1","MokouMod:HeatFactory","MokouMod:Stoke+1"],"picked":"MokouMod:Refresh","floor":22.0},{"not_picked":["MokouMod:AdaptivePyromancy","MokouMod:SearingShot","MokouMod:RoaringFlare+1","MokouMod:UncontrollableSolarReaction"],"picked":"SKIP","floor":24.0},{"not_picked":["MokouMod:Singe","MokouMod:GuidingSmoke+1","MokouMod:IgneousBlow","MokouMod:InfernalWave"],"picked":"SKIP","floor":27.0},{"not_picked":["MokouMod:Firecracker","MokouMod:IgnitionBlast","MokouMod:UncontrollableSolarReaction","MokouMod:IndiscriminateIgnition"],"picked":"SKIP","floor":31.0},{"not_picked":["MokouMod:SpontaneousHumanCombustion","MokouMod:Geothermal","MokouMod:Extinguish"],"picked":"MokouMod:PhoenixForm","floor":33.0},{"not_picked":["MokouMod:Cataclysm+1","MokouMod:Overheat+1","MokouMod:FlareStarter+1","MokouMod:FusionFlare"],"picked":"SKIP","floor":35.0},{"not_picked":["MokouMod:ThermalPressure+1","MokouMod:BlazingComet","MokouMod:IcarusDive"],"picked":"MokouMod:TemporalFireSeal+1","floor":37.0},{"not_picked":["MokouMod:FusionFlare+1","MokouMod:IndiscriminateIgnition","MokouMod:Overheat+1","MokouMod:RisingSunBarrier"],"picked":"SKIP","floor":39.0},{"not_picked":["MokouMod:RisingSunBarrier","MokouMod:InfernalWave+1","MokouMod:Fireball"],"picked":"MokouMod:Firecracker","floor":40},{"not_picked":["MokouMod:Overheat+1","MokouMod:Sear+1","MokouMod:ShiftIgnition","MokouMod:ResoluteFlare"],"picked":"SKIP","floor":41},{"not_picked":["MokouMod:Singe","MokouMod:TemporalFireSeal+1","MokouMod:Geothermal"],"picked":"MokouMod:Burn+1","floor":42},{"not_picked":["MokouMod:Overheat+1","MokouMod:InfernalWave+1","MokouMod:HeatCyclone+1","MokouMod:Stoke+1"],"picked":"SKIP","floor":44},{"not_picked":["MokouMod:BurningDraft","MokouMod:ResoluteFlare+1","MokouMod:IgneousBlow","MokouMod:ScorchingColumn"],"picked":"SKIP","floor":46},{"not_picked":["MokouMod:Overheat+1","MokouMod:Extinguish","MokouMod:HeartofFire+1","MokouMod:CrimsonFlare+1"],"picked":"SKIP","floor":47},{"not_picked":["MokouMod:IllusoryBattlefield+1","MokouMod:GuidingSmoke","MokouMod:FujiyamaVolcano+1","MokouMod:FusionFlare"],"picked":"SKIP","floor":48}],"player_experience":1341982,"relics_obtained":[{"floor":1.0,"key":"LetterFromLob"},{"floor":6.0,"key":"ReplayFunnel"},{"floor":9.0,"key":"Question Card"},{"floor":22.0,"key":"Calipers"},{"floor":24.0,"key":"testmod-RealStoneCalender"},{"floor":24.0,"key":"testmod-CasingShield"},{"floor":26.0,"key":"Toy Ornithopter"},{"floor":27.0,"key":"Turnip"},{"floor":27.0,"key":"Blue Doll"},{"floor":33.0,"key":"Du-Vu Doll"},{"floor":35.0,"key":"Girya"},{"floor":39.0,"key":"Ginger"},{"floor":40,"key":"Bronze Scales"},{"floor":40,"key":"Grinning Jar"},{"floor":43,"key":"Replay:Mystery Machine"},{"floor":48,"key":"testmod-CrystalShield"},{"floor":48,"key":"Pet Ghost"},{"floor":48,"key":"testmod-IndustrialRevolution"}],"event_choices":[{"damage_healed":0.0,"max_hp_gain":0.0,"max_hp_loss":0.0,"gold_gain":0.0,"event_name":"Big Fish","player_choice":"Box","floor":0.0,"gold_loss":0.0,"damage_taken":0.0,"relics_obtained":["Nunchaku"],"cards_obtained":["Regret"]},{"damage_healed":0.0,"max_hp_gain":0.0,"max_hp_loss":0.0,"gold_gain":0.0,"cards_transformed":["MokouMod:Strike"],"event_name":"Transmorgrifier","player_choice":"Transformed","floor":5.0,"gold_loss":0.0,"damage_taken":0.0,"cards_obtained":["MokouMod:IgneousBlow"]},{"damage_healed":0.0,"max_hp_gain":0.0,"max_hp_loss":0.0,"gold_gain":400.0,"event_name":"¶÷ÂåË¹µÄÅÌ×Ó","player_choice":"Sell","floor":8.0,"relics_lost":["testmod-TestBox"],"gold_loss":0.0,"damage_taken":0.0},{"damage_healed":0.0,"max_hp_gain":0.0,"max_hp_loss":0.0,"gold_gain":175.0,"event_name":"Liars Game","player_choice":"AGREE","floor":14.0,"gold_loss":0.0,"damage_taken":0.0,"cards_obtained":["Doubt"]},{"damage_healed":0.0,"max_hp_gain":0.0,"max_hp_loss":0.0,"gold_gain":0.0,"event_name":"The Mausoleum","player_choice":"Opened","floor":19.0,"gold_loss":0.0,"damage_taken":0.0,"relics_obtained":["Lantern"]},{"damage_healed":0.0,"max_hp_gain":0.0,"max_hp_loss":0.0,"gold_gain":0.0,"event_name":"Addict","player_choice":"Obtained Relic","floor":20.0,"gold_loss":85.0,"damage_taken":0.0,"relics_obtained":["testmod-InjuryResistance"]},{"damage_healed":0.0,"max_hp_gain":0.0,"max_hp_loss":0.0,"gold_gain":0.0,"event_name":"Duplicator","player_choice":"Copied","floor":38.0,"gold_loss":0.0,"damage_taken":0.0,"cards_obtained":["MokouMod:TemporalFireSeal"]}],"is_beta":false,"boss_relics":[{"not_picked":["Replay:Drink Me","testmod-StringDisintegrator"],"picked":"testmod-Recursion"},{"not_picked":["Replay:Ancient Bell","Replay:Wanted Poster"],"picked":"Black Star"}],"items_purged_floors":[2,21,45],"is_endless":true,"potions_floor_spawned":[3,6,11,27,35,44,46,47],"killed_by":"LordOfAnnihilation","ascension_level":0}}