{"host":"pvf7uj918he10jir","time":1609996378,"event":{"mods":["AchievementEnabler","BaseMod","Colored Map","Colored Powertips","Highlight Path","Minty Spire (QoL Compilation)","Relic Stats","Slay the Relics Exporter","everything is the same but u backflip on backflip"],"gold_per_floor":[20,39,58,75,6,6,36,53,53,88,100,139,162,192,204,318,330,358,65,78,78,0,29,29,63,86,100,131,131,231,265,265,265,265],"floor_reached":33,"playtime":2219,"items_purged":[],"score":444,"play_id":"289d88af-6cae-4d4c-8175-fec66531a2e7","local_time":"20210107001258","is_ascension_mode":true,"campfire_choices":[{"data":"Bash","floor":6,"key":"SMITH"},{"data":"Armaments","floor":15,"key":"SMITH"},{"data":"Hemokinesis","floor":24,"key":"SMITH"},{"data":"Offering","floor":29,"key":"SMITH"},{"data":"Ghostly Armor","floor":32,"key":"SMITH"}],"circlet_count":0,"master_deck":["Strike_R","Strike_R","Strike_R","Strike_R","Strike_R","Defend_R","Defend_R","Defend_R","Defend_R","Bash+1","Cleave","Armaments+1","Hemokinesis+1","Body Slam+1","Fiend Fire+1","Iron Wave+1","Juggernaut+1","Immolate+1","Ghostly Armor+1","Shrug It Off+1","Offering+1","Body Slam+1"],"relics":["Burning Blood","Torii","Molten Egg 2","Frozen Egg 2","MawBank","FaceOfCleric","StoneCalendar","Coffee Dripper","PreservedInsect","Blood Vial","Orichalcum","Paper Frog","Omamori","HornCleat","WingedGreaves","The Courier","Happy Flower"],"acts_visited":["Exordium","TheCity"],"potions_floor_usage":[4,14,18,30,33,33],"damage_taken":[{"damage":2,"enemies":"Cultist","floor":1,"turns":5},{"damage":8,"enemies":"2 Louse","floor":2,"turns":2},{"damage":0,"enemies":"Small Slimes","floor":3,"turns":4},{"damage":2,"enemies":"Exordium Wildlife","floor":4,"turns":5},{"damage":16,"enemies":"3 Sentries","floor":7,"turns":8},{"damage":11,"enemies":"Large Slime","floor":8,"turns":7},{"damage":34,"enemies":"Lagavulin","floor":10,"turns":4},{"damage":25,"enemies":"3 Sentries","floor":12,"turns":8},{"damage":2,"enemies":"2 Fungi Beasts","floor":13,"turns":2},{"damage":0,"enemies":"Exordium Wildlife","floor":14,"turns":3},{"damage":6,"enemies":"Hexaghost","floor":16,"turns":8},{"damage":0,"enemies":"Spheric Guardian","floor":18,"turns":2},{"damage":8,"enemies":"3 Byrds","floor":20,"turns":4},{"damage":36,"enemies":"Book of Stabbing","floor":23,"turns":5},{"damage":20,"enemies":"Gremlin Leader","floor":25,"turns":5},{"damage":18,"enemies":"Centurion and Healer","floor":27,"turns":5},{"damage":17,"enemies":"Slavers","floor":28,"turns":3},{"damage":20,"enemies":"Colosseum Slavers","floor":30,"turns":2},{"damage":2,"enemies":"Colosseum Nobs","floor":30,"turns":3},{"damage":6,"enemies":"Gremlin Leader","floor":31,"turns":3},{"damage":73,"enemies":"Champ","floor":33,"turns":6}],"seed_played":"5682357630396540133","potions_obtained":[{"floor":2,"key":"SneckoOil"},{"floor":8,"key":"Dexterity Potion"},{"floor":12,"key":"Ancient Potion"},{"floor":13,"key":"Explosive Potion"},{"floor":16,"key":"Explosive Potion"},{"floor":20,"key":"Fire Potion"},{"floor":27,"key":"BloodPotion"},{"floor":30,"key":"FearPotion"}],"is_trial":false,"path_per_floor":["M","M","M","M","$","R","E","M","T","E","?","E","M","M","R","B",null,"M","$","M","?","?","E","R","E","T","M","E","R","?","E","R","B"],"character_chosen":"IRONCLAD","items_purchased":["Hemokinesis","PreservedInsect","Blood Vial"],"campfire_rested":0,"item_purchase_floors":[5,19,19],"current_hp_per_floor":[80,78,80,80,80,80,70,65,65,37,37,19,24,31,31,32,84,85,85,84,84,84,57,57,46,46,37,29,29,25,28,28,0,0],"gold":265,"neow_bonus":"ONE_RARE_RELIC","is_daily":false,"chose_seed":false,"campfire_upgraded":5,"win_rate":0.0,"timestamp":1609996378,"path_taken":["M","M","?","M","?","R","E","M","T","E","?","E","M","M","R","BOSS","M","$","?","?","?","E","R","E","T","?","E","R","?","E","R","BOSS"],"items_purchased_type":["Card","Relic","Relic"],"build_version":"2020-12-22","purchased_purges":0,"victory":false,"max_hp_per_floor":[80,80,80,80,80,80,80,80,80,80,80,81,82,83,83,84,84,85,85,86,86,86,87,87,88,88,89,90,90,92,93,93,93,93],"relic_stats":{"Blood Vial":16,"Torii":20,"FaceOfCleric":13,"Happy Flower":[2],"counters":[21,94],"StoneCalendar":[52],"PreservedInsect":208,"Orichalcum":[6],"MawBank":108,"obtain_stats":[{"Torii":0,"Happy Flower":31,"StoneCalendar":12,"PreservedInsect":19,"The Courier":30,"Omamori":26,"Frozen Egg 2":9,"Orichalcum":23,"MawBank":10,"Burning Blood":0,"Blood Vial":19,"HornCleat":28,"FaceOfCleric":11,"Molten Egg 2":7,"WingedGreaves":30,"Coffee Dripper":17,"Paper Frog":25},{"Torii":0,"Happy Flower":20,"StoneCalendar":8,"PreservedInsect":12,"The Courier":19,"Omamori":15,"Frozen Egg 2":6,"Orichalcum":14,"MawBank":7,"Burning Blood":0,"Blood Vial":12,"HornCleat":17,"FaceOfCleric":7,"Molten Egg 2":5,"WingedGreaves":19,"Coffee Dripper":11,"Paper Frog":15},{"Torii":0,"Happy Flower":88,"StoneCalendar":43,"PreservedInsect":58,"The Courier":85,"Omamori":72,"Frozen Egg 2":31,"Orichalcum":67,"MawBank":35,"Burning Blood":0,"Blood Vial":58,"HornCleat":80,"FaceOfCleric":35,"Molten Egg 2":24,"WingedGreaves":85,"Coffee Dripper":56,"Paper Frog":72}],"Burning Blood":102},"card_choices":[{"not_picked":["Clothesline","Iron Wave"],"picked":"Cleave","floor":1},{"not_picked":["Searing Blow","Heavy Blade"],"picked":"Armaments","floor":2},{"not_picked":["Uppercut","True Grit","Flex"],"picked":"SKIP","floor":3},{"not_picked":["Perfected Strike","Flex","Body Slam"],"picked":"SKIP","floor":4},{"not_picked":["Sentinel","Anger+1"],"picked":"Body Slam+1","floor":7},{"not_picked":["Feel No Pain","Thunderclap+1"],"picked":"Fiend Fire+1","floor":8},{"not_picked":["Shrug It Off","Pommel Strike+1","Clash+1"],"picked":"SKIP","floor":10},{"not_picked":["Warcry","Sever Soul+1"],"picked":"Iron Wave+1","floor":12},{"not_picked":["Uppercut+1","Clothesline+1"],"picked":"Juggernaut+1","floor":13},{"not_picked":["Shockwave","Havoc","Perfected Strike+1"],"picked":"SKIP","floor":14},{"not_picked":["Exhume","Impervious"],"picked":"Immolate+1","floor":16},{"not_picked":["Perfected Strike+1","Bloodletting+1"],"picked":"Ghostly Armor","floor":18},{"not_picked":["Anger+1","Thunderclap+1"],"picked":"Shrug It Off+1","floor":20},{"not_picked":["Anger+1","Clothesline+1","Carnage+1"],"picked":"SKIP","floor":23},{"not_picked":["Second Wind+1","Headbutt+1","Anger+1"],"picked":"SKIP","floor":25},{"not_picked":["Anger+1","Pommel Strike+1"],"picked":"Offering","floor":27},{"not_picked":["Armaments","Disarm"],"picked":"Body Slam+1","floor":28},{"not_picked":["Feed+1","Flex","Inflame+1"],"picked":"SKIP","floor":31}],"player_experience":125447,"relics_obtained":[{"floor":7,"key":"Molten Egg 2"},{"floor":9,"key":"Frozen Egg 2"},{"floor":10,"key":"MawBank"},{"floor":12,"key":"StoneCalendar"},{"floor":23,"key":"Orichalcum"},{"floor":25,"key":"Paper Frog"},{"floor":26,"key":"Omamori"},{"floor":28,"key":"HornCleat"},{"floor":30,"key":"WingedGreaves"},{"floor":30,"key":"The Courier"},{"floor":31,"key":"Happy Flower"}],"event_choices":[{"damage_healed":0,"gold_gain":0,"player_choice":"Trade","damage_taken":0,"relics_obtained":["FaceOfCleric"],"max_hp_gain":0,"max_hp_loss":0,"event_name":"FaceTrader","floor":11,"gold_loss":0},{"damage_healed":0,"gold_gain":0,"player_choice":"Paid Fearfully","damage_taken":0,"max_hp_gain":0,"max_hp_loss":0,"event_name":"Masked Bandits","floor":22,"gold_loss":78},{"damage_healed":0,"gold_gain":0,"player_choice":"Fight","damage_taken":0,"max_hp_gain":0,"max_hp_loss":0,"event_name":"Colosseum","floor":30,"gold_loss":0},{"damage_healed":0,"gold_gain":0,"player_choice":"Fought Nobs","damage_taken":0,"max_hp_gain":0,"max_hp_loss":0,"event_name":"Colosseum","floor":30,"gold_loss":0}],"is_beta":false,"boss_relics":[{"not_picked":["Black Star","Mark of Pain"],"picked":"Coffee Dripper"}],"items_purged_floors":[],"is_endless":false,"potions_floor_spawned":[2,8,12,13,16,20,27,28,30,31],"killed_by":"Champ","ascension_level":4}}