{"host":"u7lm8z2rvb4dg2oo","time":1609995086,"event":{"mods":["AchievementEnabler","BaseMod","Colored Map","Colored Powertips","Curses Come First","Googly Eyes","Highlight Path","Minty Spire (QoL Compilation)","Quick Restart","StSLib"],"gold_per_floor":[118,129,140,152,167,199,199,231,258,258,333,333,27,41,41,136,136,152,152,164,164,164],"floor_reached":21,"playtime":1229,"items_purged":["Strike_P"],"score":296,"play_id":"5128f25e-3260-44bb-ac66-057c4787fe09","local_time":"20210106235126","is_ascension_mode":true,"campfire_choices":[{"data":"Eruption","floor":7.0,"key":"SMITH"},{"floor":10.0,"key":"REST"},{"data":"TalkToTheHand","floor":12.0,"key":"SMITH"},{"data":"TalkToTheHand","floor":15.0,"key":"SMITH"}],"circlet_count":0,"master_deck":["AscendersBane","Strike_P","Strike_P","Defend_P","Defend_P","Defend_P","Defend_P","Eruption+1","Vigilance","Wireheading","Wallop","ReachHeaven","Protect","TalkToTheHand+1","ReachHeaven","TalkToTheHand+1","Scrawl","WindmillStrike+1"],"relics":["PureWater","Bottled Lightning","Bronze Scales","Orichalcum","Potion Belt","Black Star"],"acts_visited":["Exordium","TheCity"],"potions_floor_usage":[20,21],"damage_taken":[{"damage":8.0,"enemies":"2 Louse","floor":1.0,"turns":3.0},{"damage":0.0,"enemies":"Cultist","floor":2.0,"turns":4.0},{"damage":0.0,"enemies":"Small Slimes","floor":3.0,"turns":4.0},{"damage":0.0,"enemies":"Exordium Wildlife","floor":4.0,"turns":3.0},{"damage":9.0,"enemies":"2 Fungi Beasts","floor":5.0,"turns":3.0},{"damage":24.0,"enemies":"Gremlin Nob","floor":6.0,"turns":3.0},{"damage":9.0,"enemies":"Lagavulin","floor":8.0,"turns":5.0},{"damage":0.0,"enemies":"Blue Slaver","floor":14.0,"turns":4.0},{"damage":8.0,"enemies":"Hexaghost","floor":16.0,"turns":8.0},{"damage":31.0,"enemies":"Spheric Guardian","floor":18.0,"turns":6.0},{"damage":23,"enemies":"Shell Parasite","floor":20,"turns":7},{"damage":17,"enemies":"Shelled Parasite and Fungi","floor":21,"turns":3}],"seed_played":"-4617904075017300128","potions_obtained":[{"floor":3.0,"key":"SteroidPotion"},{"floor":5.0,"key":"SpeedPotion"},{"floor":6.0,"key":"Swift Potion"},{"floor":14.0,"key":"Fruit Juice"},{"floor":18.0,"key":"SkillPotion"},{"floor":20,"key":"Block Potion"}],"is_trial":false,"path_per_floor":["M","M","M","M","M","E","R","E","T","R","?","R","$","M","R","B",null,"M","?","M","M"],"character_chosen":"WATCHER","items_purchased":["TalkToTheHand","Potion Belt"],"campfire_rested":1,"item_purchase_floors":[13,13],"current_hp_per_floor":[57,57,57,57,48,24,24,15,15,36,29,29,29,34,34,26,64,33,33,10,0,0],"gold":164,"neow_bonus":"TRANSFORM_CARD","is_daily":false,"chose_seed":false,"campfire_upgraded":3,"win_rate":0.0,"timestamp":1609995086,"path_taken":["M","M","M","M","M","E","R","E","T","R","?","R","?","M","R","BOSS","M","?","M","M"],"items_purchased_type":["Card","Relic"],"build_version":"2020-12-22","purchased_purges":1,"victory":false,"max_hp_per_floor":[72,72,72,72,72,72,72,72,72,72,72,72,72,77,77,77,77,77,77,77,77,77],"card_choices":[{"not_picked":["FlyingSleeves","EmptyBody","Worship"],"picked":"SKIP","floor":1.0},{"not_picked":["JustLucky","WheelKick"],"picked":"Wallop","floor":2.0},{"not_picked":["CrushJoints","FlurryOfBlows","WheelKick"],"picked":"SKIP","floor":3.0},{"not_picked":["FearNoEvil","EmptyFist"],"picked":"ReachHeaven","floor":4.0},{"not_picked":["Study","SignatureMove"],"picked":"Protect","floor":5.0},{"not_picked":["Fasting2","BattleHymn"],"picked":"TalkToTheHand","floor":6.0},{"not_picked":["Protect","Alpha"],"picked":"ReachHeaven","floor":8.0},{"not_picked":["FlyingSleeves","FlurryOfBlows","Prostrate"],"picked":"SKIP","floor":14.0},{"not_picked":["DeusExMachina","ConjureBlade"],"picked":"Scrawl","floor":16.0},{"not_picked":["ThirdEye+1","Crescendo+1","EmptyFist"],"picked":"SKIP","floor":18.0},{"not_picked":["Consecrate+1","PathToVictory+1"],"picked":"WindmillStrike+1","floor":20}],"player_experience":1104067,"relics_obtained":[{"floor":6.0,"key":"Bottled Lightning"},{"floor":8.0,"key":"Bronze Scales"},{"floor":9.0,"key":"Orichalcum"}],"event_choices":[{"damage_healed":0.0,"max_hp_gain":0.0,"max_hp_loss":0.0,"gold_gain":75.0,"event_name":"FaceTrader","player_choice":"Touch","floor":11.0,"gold_loss":0.0,"damage_taken":7.0},{"damage_healed":0,"gold_gain":0,"player_choice":"Ignored","damage_taken":0,"max_hp_gain":0,"max_hp_loss":0,"event_name":"The Mausoleum","floor":19,"gold_loss":0}],"is_beta":false,"boss_relics":[{"not_picked":["Empty Cage","VioletLotus"],"picked":"Black Star"}],"items_purged_floors":[13],"is_endless":false,"potions_floor_spawned":[3,5,6,14,18,20],"killed_by":"Shelled Parasite and Fungi","ascension_level":11}}