{"host":"i9h64q9gphvrup4n","time":1609979430,"event":{"mods":["2.2 Compatiblity","AchievementEnabler","Aspiration","Astrologer","Bard","BaseMod","Beaked The Cultist","BetterRewards","Colored Powertips","Conspire","Downfall","Gremlin Mod","Hermit","Hubris","Infinite Spire","Jorbs\u0027s Wanderer Trilogy","Minty Spire (QoL Compilation)","Replay The Spire","Shop Mod","StSLib","SuperFastMode","The Blackbeard","The Bladedancer","The Bug Knight","The Construct","The Cursed","The Disciple","The Hierophant","The Jungle","The Necromancer","The Runesmith","The Wild Card","slay the spire mod where everything is the same but ironclad has a cowboy hat","vexMod"],"gold_per_floor":[119,119,1,1,18,46,65,80,129,156,156,191,109,135,135,236,236,254,56,70,70,80,115,115,115],"floor_reached":24,"playtime":1211,"items_purged":[],"score":334,"play_id":"5539ee63-7ef3-4edc-87f6-232c55e6d4af","local_time":"20210106183030","is_ascension_mode":true,"campfire_choices":[{"data":"beaked:Hexing","floor":11,"key":"SMITH"},{"floor":15,"key":"RECALL"}],"circlet_count":0,"master_deck":["beaked:Strike_Y","beaked:Strike_Y","beaked:Strike_Y","beaked:Strike_Y","beaked:Strike_Y","beaked:Strike_Y","beaked:Defend_Y","beaked:Defend_Y","beaked:Defend_Y","beaked:Defend_Y","beaked:Ceremony","beaked:Ceremony","beaked:Ceremony","beaked:Evade","beaked:Roost","beaked:Hexing+1","beaked:Windmill","beaked:Windmill","beaked:VigorBurst","beaked:Tweet","beaked:DigDeep","beaked:BarbedWire","beaked:BounceBack","beaked:Sacrifice","Discovery","beaked:Brace","beaked:MachineEssence","beaked:BraceForImpact","beaked:Windmill","beaked:TuckingFeathers","expansioncontent:SuperHexaguard","beaked:ShadowFade","beaked:BarbedWire","beaked:MachineEssence"],"relics":["beaked:MendingPlumage","NeowsBlessing","Calipers","Nunchaku","ReplayTheSpireMod:Lightbulb","aspiration:TomeofQuesting","Incense Burner","beaked:FlawlessSticks","vexMod:FocusSash","conspire:Boomerang"],"acts_visited":["Exordium","TheCity"],"potions_floor_usage":[12,22,23,23,24],"damage_taken":[{"damage":0,"enemies":"Small Slimes","floor":1,"turns":1},{"damage":0,"enemies":"Jaw Worm","floor":5,"turns":1},{"damage":0,"enemies":"3 Sentries","floor":6,"turns":2},{"damage":6,"enemies":"Cultist","floor":7,"turns":4},{"damage":10,"enemies":"2 Fungi Beasts","floor":8,"turns":5},{"damage":33,"enemies":"Lagavulin","floor":10,"turns":8},{"damage":35,"enemies":"3 Sentries","floor":12,"turns":9},{"damage":0,"enemies":"Lagavulin","floor":14,"turns":8},{"damage":15,"enemies":"Hexaghost","floor":16,"turns":10},{"damage":26,"enemies":"Chosen","floor":18,"turns":7},{"damage":39,"enemies":"3 Byrds","floor":20,"turns":5},{"damage":60,"enemies":"Sentry and Sphere","floor":22,"turns":9},{"damage":105,"enemies":"Slavers","floor":23,"turns":11},{"damage":69,"enemies":"3 Cultists","floor":24,"turns":5}],"seed_played":"-7024351933496890417","potions_obtained":[{"floor":4,"key":"Venom Potion"},{"floor":4,"key":"Regen Potion"},{"floor":4,"key":"Venom Potion"},{"floor":6,"key":"Fire Potion"},{"floor":10,"key":"hexamod:EctoCoolerPotion"},{"floor":12,"key":"Fire Potion"},{"floor":23,"key":"Block Potion"}],"is_trial":false,"path_per_floor":["M","?","$","?","M","E","M","M","T","E","R","E","$","E","R","B",null,"M","$","M","?","M","E","M"],"character_chosen":"BEAKED_THE_CULTIST","items_purchased":["beaked:Hexing","beaked:Windmill","Discovery","vexMod:FocusSash","beaked:Windmill"],"campfire_rested":0,"item_purchase_floors":[3,3,13,19,19],"current_hp_per_floor":[50,50,50,50,55,55,55,55,55,44,44,47,47,58,58,58,58,58,58,42,42,61,31,0,0],"gold":115,"neow_bonus":"THREE_ENEMY_KILL","is_daily":false,"chose_seed":false,"campfire_upgraded":1,"win_rate":0.0,"timestamp":1609979430,"path_taken":["M","?","$","?","M","E","M","?","T","E","R","E","$","E","R","BOSS","M","$","M","?","?","E","?"],"items_purchased_type":["Card","Card","Card","Relic","Card"],"build_version":"2020-12-22","purchased_purges":0,"victory":false,"max_hp_per_floor":[50,50,50,50,55,55,55,55,55,55,55,55,55,58,58,58,58,58,58,61,61,64,67,67,67],"card_choices":[{"not_picked":["beaked:Redirect","beaked:Mantra"],"picked":"beaked:Evade","floor":1},{"not_picked":["beaked:SacrificialDive","beaked:TuckingFeathers"],"picked":"beaked:VigorBurst","floor":5},{"not_picked":["beaked:SurvivalInstinct","beaked:Brace"],"picked":"beaked:Tweet","floor":6},{"not_picked":["beaked:DigDeeper","beaked:Flinch"],"picked":"beaked:DigDeep","floor":7},{"not_picked":["beaked:SacrificialAttack","beaked:SurvivalInstinct"],"picked":"beaked:BarbedWire","floor":8},{"not_picked":["beaked:Resilience","beaked:Pecker"],"picked":"beaked:BounceBack","floor":10},{"not_picked":["beaked:BloodRitual","beaked:Replenish"],"picked":"beaked:Sacrifice","floor":12},{"not_picked":["beaked:Cower","beaked:WarriorEssence"],"picked":"beaked:Brace","floor":14},{"not_picked":["beaked:Caw","ReplayTheSpireMod:Owlgaze"],"picked":"beaked:MachineEssence","floor":16},{"not_picked":["beaked:Tweet","beaked:Evade"],"picked":"beaked:BraceForImpact","floor":18},{"not_picked":["beaked:Evade","beaked:Redirect"],"picked":"beaked:TuckingFeathers","floor":20},{"not_picked":["beaked:Overexert","beaked:Mantra"],"picked":"beaked:BarbedWire","floor":22},{"not_picked":["beaked:Replenish","beaked:BraceForImpact"],"picked":"beaked:MachineEssence","floor":23}],"player_experience":676583,"relics_obtained":[{"floor":6,"key":"Calipers"},{"floor":9,"key":"Nunchaku"},{"floor":10,"key":"ReplayTheSpireMod:Lightbulb"},{"floor":12,"key":"aspiration:TomeofQuesting"},{"floor":14,"key":"Incense Burner"},{"floor":23,"key":"conspire:Boomerang"}],"event_choices":[{"damage_healed":0,"gold_gain":0,"player_choice":"Got Potions","damage_taken":0,"max_hp_gain":0,"max_hp_loss":0,"event_name":"Lab","floor":4,"gold_loss":0},{"damage_healed":0,"gold_gain":0,"player_choice":"2 cards matched","damage_taken":0,"max_hp_gain":0,"max_hp_loss":0,"event_name":"Match and Keep!","floor":21,"gold_loss":0,"cards_obtained":["expansioncontent:SuperHexaguard","beaked:ShadowFade"]}],"is_beta":false,"boss_relics":[{"not_picked":["conspire:SlowCooker","hubris:GrandSneckoEye"],"picked":"beaked:FlawlessSticks"}],"items_purged_floors":[],"is_endless":false,"potions_floor_spawned":[6,10,12,14,18,23],"killed_by":"3 Cultists","ascension_level":1}}