{"host":"cbabs5wvj1yqiyjm","time":1609977799,"event":{"mods":["AchievementEnabler","Act Like it!","Bartender","BaseMod","Bestiary","Better Third Choice","BetterRewards","Colored Powertips","Downfall","Friendly Minions","Hallownest","Hermit","Infinite Spire","Marisa????????","Minty Spire (QoL Compilation)","Rare Cards Sparkle","Replay The Spire","SOS???????","Spicy Shops","StSLib","Td1madao Mod","The Bladedancer","The Bug Knight","The Cursed","The Disciple","The Forsaken","The Marked","The Necromancer","The Servant 0.9.4","Wandering Minibosses","???Mod??????Boss"],"gold_per_floor":[213,224,243,243,243,243,253,253,253,253,263,283,82,93,93,196,196,208,208,208,221,235,235,252,252,252,252,264,264,276,288,288,383,383,423,423,423,423,423],"floor_reached":38,"playtime":1854,"items_purged":[],"score":520,"play_id":"18ca2af1-ea2d-4eae-a746-aee83cf7d4e4","local_time":"20210106190319","is_ascension_mode":false,"campfire_choices":[{"data":"Step_Of_The_Wind","floor":6,"key":"SMITH"},{"data":"Center_Self","floor":8,"key":"SMITH"},{"data":"With_A_Twist","floor":10,"key":"SMITH"},{"floor":15,"key":"REST"},{"floor":23,"key":"REST"},{"data":"On_The_House","floor":25,"key":"SMITH"},{"data":"On_The_Rocks","floor":27,"key":"SMITH"},{"floor":32,"key":"REST"}],"circlet_count":0,"master_deck":["Strike_Bartender","Strike_Bartender+1","Strike_Bartender","Strike_Bartender","Defend_Bartender","Defend_Bartender","Defend_Bartender","Defend_Bartender","Somersault+1","Center_Self+1","Elbow_Slash+1","Step_Of_The_Wind+1","With_A_Twist+1","On_The_Rocks+1","Momentum+1","Fading_Blow","Bitters","Top_Shelf","Power_Up_Punch+1","On_The_House+1","Power_Up_Punch+1","Raptor_Form+1","Torment+1","Dragonkick","On_The_Rocks+1","Dolphin_Blow","Perfect_Balance+1","Madness","Madness"],"relics":["Sneakers","ReplayTheSpireMod:Lightbulb","Guide Book","SacredBark","Replay:WaspNest","infinitespire:EvilPickle","Ring of Chaos","Whetstone"],"acts_visited":["Exordium","TheCity","TheBeyond"],"potions_floor_usage":[16,22,31,31,31,33],"damage_taken":[{"damage":1,"enemies":"Cultist","floor":1,"turns":4},{"damage":0,"enemies":"2 Louse","floor":2,"turns":4},{"damage":1,"enemies":"Jaw Worm","floor":3,"turns":4},{"damage":0,"enemies":"Large Slime","floor":7,"turns":10},{"damage":0,"enemies":"Looter","floor":11,"turns":4},{"damage":8,"enemies":"Lots of Slimes","floor":12,"turns":4},{"damage":4,"enemies":"Red Slaver","floor":14,"turns":3},{"damage":14,"enemies":"The Guardian","floor":16,"turns":14},{"damage":1,"enemies":"3 Byrds","floor":18,"turns":5},{"damage":0,"enemies":"Shell Parasite","floor":21,"turns":5},{"damage":3,"enemies":"Cultist and Chosen","floor":22,"turns":5},{"damage":2,"enemies":"Snecko","floor":24,"turns":5},{"damage":24,"enemies":"Snake Plant","floor":28,"turns":4},{"damage":19,"enemies":"3 Cultists","floor":30,"turns":5},{"damage":19,"enemies":"Sentry and Sphere","floor":31,"turns":3},{"damage":25,"enemies":"Pondfish","floor":33,"turns":8},{"damage":37,"enemies":"3 Shapes","floor":35,"turns":4},{"damage":26,"enemies":"3 Darklings","floor":38,"turns":2}],"seed_played":"-6307941800111365886","potions_obtained":[{"floor":1,"key":"Regen Potion"},{"floor":3,"key":"Dexterity Potion"},{"floor":11,"key":"LifebloodPotion"},{"floor":16,"key":"SkillPotion"},{"floor":22,"key":"BlessingOfTheForge"},{"floor":30,"key":"Death Potion"},{"floor":31,"key":"Block Potion"},{"floor":33,"key":"SteroidPotion"}],"is_trial":false,"path_per_floor":["M","M","M","?","?","R","M","R","T","R","M","M","$","M","R","B",null,"M","?","?","M","M","R","M","R","T","R","M","?","M","M","R","B",null,"M","?","AVR","M"],"character_chosen":"BARTENDER","items_purchased":["Fading_Blow","Guide Book"],"campfire_rested":3,"item_purchase_floors":[13,13],"current_hp_per_floor":[69,69,68,68,68,68,68,68,68,68,68,60,60,56,70,56,70,69,53,53,53,50,70,68,68,68,68,44,44,25,25,46,21,70,33,24,24,0,0],"gold":423,"neow_bonus":"HUNDRED_GOLD","is_daily":false,"chose_seed":false,"campfire_upgraded":5,"win_rate":0.0,"timestamp":1609977799,"path_taken":["M","M","?","?","?","R","M","R","T","R","?","?","$","M","R","BOSS","M","?","?","M","M","R","M","R","T","R","M","?","M","?","R","BOSS","M","?","AVR","M"],"items_purchased_type":["Card","Relic"],"build_version":"2020-12-22","purchased_purges":0,"victory":false,"max_hp_per_floor":[70,70,70,70,70,70,70,70,70,70,70,70,70,70,70,70,70,70,70,70,70,70,70,70,70,70,70,70,70,70,70,70,70,70,70,70,70,70,70],"card_choices":[{"not_picked":["Greased_Lightning","Step_Of_The_Wind"],"picked":"Center_Self","floor":1},{"not_picked":["Greased_Lightning","Bouncer"],"picked":"Elbow_Slash","floor":2},{"not_picked":["Tornado_Kick","Insight_B"],"picked":"Step_Of_The_Wind","floor":3},{"not_picked":["Surge","Press_Forward"],"picked":"With_A_Twist","floor":7},{"not_picked":["Ripple","Well_Drinks"],"picked":"On_The_Rocks","floor":11},{"not_picked":["Raptor_Form","Glare"],"picked":"Momentum","floor":12},{"not_picked":["Cross","Dragonkick"],"picked":"Bitters","floor":14},{"not_picked":["Windup","Cold_Blooded"],"picked":"Top_Shelf","floor":16},{"not_picked":["Sucker_Punch","Vortex+"],"picked":"Power_Up_Punch+1","floor":18},{"not_picked":["Cross","ThreeSidedStar"],"picked":"On_The_House","floor":21},{"not_picked":["Meteodrive","ThreeSidedStar"],"picked":"Power_Up_Punch+1","floor":22},{"not_picked":["Greased_Lightning","Stick_and_Move"],"picked":"Raptor_Form+1","floor":24},{"not_picked":["Free_Pour","Hook+1"],"picked":"Torment","floor":28},{"not_picked":["Elbow_Slash","Bouncer+1"],"picked":"Dragonkick","floor":30},{"not_picked":["Stick_and_Move","Sucker_Punch"],"picked":"On_The_Rocks+1","floor":31},{"not_picked":["Beat_Rush","High_Tide"],"picked":"Dolphin_Blow","floor":33},{"not_picked":["Ball_Of_Ice","Stick_and_Move+1"],"picked":"Perfect_Balance+1","floor":35}],"player_experience":34639,"relics_obtained":[{"floor":9,"key":"ReplayTheSpireMod:Lightbulb"},{"floor":26,"key":"Replay:WaspNest"}],"event_choices":[{"damage_healed":0,"gold_gain":0,"player_choice":"Ignored","damage_taken":0,"max_hp_gain":0,"max_hp_loss":0,"event_name":"Golden Wing","floor":4,"gold_loss":0},{"damage_healed":0,"gold_gain":0,"player_choice":"Ignored","damage_taken":0,"max_hp_gain":0,"max_hp_loss":0,"event_name":"Purifier","floor":5,"gold_loss":0},{"damage_healed":0,"gold_gain":0,"player_choice":"Obtained Book","damage_taken":16,"max_hp_gain":0,"max_hp_loss":0,"event_name":"Cursed Tome","floor":19,"gold_loss":0},{"damage_healed":0,"gold_gain":0,"player_choice":"Ignored","damage_taken":0,"max_hp_gain":0,"max_hp_loss":0,"event_name":"Vampires","floor":20,"gold_loss":0},{"damage_healed":0,"gold_gain":0,"player_choice":"Upgraded","damage_taken":0,"max_hp_gain":0,"max_hp_loss":0,"event_name":"Upgrade Shrine","floor":29,"gold_loss":0,"cards_upgraded":["Torment"]},{"damage_healed":0,"gold_gain":0,"player_choice":"Embrace Madness","damage_taken":9,"max_hp_gain":0,"max_hp_loss":0,"event_name":"Winding Halls","floor":36,"gold_loss":0,"cards_obtained":["Madness","Madness"]}],"is_beta":false,"boss_relics":[{"not_picked":["Empty Cage","ChewingGum"],"picked":"SacredBark"},{"not_picked":["ReplayTheSpireMod:SealedPack","Snecko Eye"],"picked":"Ring of Chaos"}],"items_purged_floors":[],"is_endless":false,"potions_floor_spawned":[1,3,11,16,22,30,31,33],"killed_by":"3 Darklings","ascension_level":0}}