{"host":"yb8bkkdvr1qiclnk","time":1609996845,"event":{"mods":["BaseMod","Colored Map","Colored Powertips","DeckTracker","Faster Ascension Climbing","Highlight Path","Minty Spire (QoL Compilation)","Quick Restart","Relic Stats","UnlockEverythingMod"],"gold_per_floor":[109,121,46,46,61,61,76,96,96,96,96],"floor_reached":10,"playtime":448,"items_purged":["Doubt"],"score":120,"play_id":"e6b5ea06-f4ed-4f4b-b72e-946ed5f0dc72","local_time":"20210107002045","is_ascension_mode":true,"campfire_choices":[{"data":"Zap","floor":6,"key":"SMITH"}],"circlet_count":0,"master_deck":["AscendersBane","Strike_B","Strike_B","Strike_B","Defend_B","Defend_B","Defend_B","Defend_B","Zap+1","Dualcast","Seek","Ball Lightning","FTL","Conserve Battery","All For One"],"relics":["Cracked Core","White Beast Statue"],"acts_visited":[],"potions_floor_usage":[10],"damage_taken":[{"damage":3,"enemies":"2 Louse","floor":1,"turns":4},{"damage":12,"enemies":"Small Slimes","floor":2,"turns":3},{"damage":1,"enemies":"Cultist","floor":5,"turns":3},{"damage":2,"enemies":"2 Fungi Beasts","floor":7,"turns":3},{"damage":1,"enemies":"Looter","floor":8,"turns":2},{"damage":53,"enemies":"Gremlin Nob","floor":10,"turns":3}],"seed_played":"1542702670883745925","potions_obtained":[{"floor":1,"key":"Energy Potion"},{"floor":8,"key":"Ancient Potion"}],"is_trial":false,"path_per_floor":["M","M","$","?","M","R","M","M","T","E"],"character_chosen":"DEFECT","items_purchased":[],"campfire_rested":0,"item_purchase_floors":[],"current_hp_per_floor":[61,49,49,42,41,41,39,38,38,0,0],"gold":96,"neow_bonus":"THREE_RARE_CARDS","is_daily":false,"chose_seed":false,"campfire_upgraded":1,"win_rate":0.0,"timestamp":1609996845,"path_taken":["M","M","$","?","M","R","M","M","T","E"],"items_purchased_type":[],"build_version":"2020-12-22","purchased_purges":1,"victory":false,"max_hp_per_floor":[71,71,71,71,71,71,71,71,71,71,71],"relic_stats":{"counters":[6,18],"obtain_stats":[{"Cracked Core":0,"White Beast Statue":9},{"Cracked Core":0,"White Beast Statue":5},{"Cracked Core":0,"White Beast Statue":15}]},"card_choices":[{"not_picked":["Buffer","Meteor Strike"],"picked":"Seek","floor":0},{"not_picked":["Conserve Battery","Glacier"],"picked":"Ball Lightning","floor":1},{"not_picked":["Steam","Darkness"],"picked":"FTL","floor":2},{"not_picked":["Chaos","Streamline"],"picked":"Conserve Battery","floor":5},{"not_picked":["BootSequence","Turbo"],"picked":"All For One","floor":7},{"not_picked":["Static Discharge","Go for the Eyes","Chaos"],"picked":"SKIP","floor":8}],"player_experience":44242,"relics_obtained":[{"floor":9,"key":"White Beast Statue"}],"event_choices":[{"cards_removed":["Strike_B"],"damage_healed":0,"gold_gain":0,"player_choice":"Card Removal","damage_taken":7,"max_hp_gain":0,"max_hp_loss":0,"event_name":"Golden Wing","floor":4,"gold_loss":0}],"is_beta":false,"boss_relics":[],"items_purged_floors":[3],"is_endless":false,"potions_floor_spawned":[1,8],"killed_by":"Gremlin Nob","ascension_level":20}}