{"host":"ig7tc0uedzltt2sr","time":1609991987,"event":{"mods":["BaseMod","Better Twitch Integration","Block Reminder","Colored Map","Colored Powertips","Communication Mod","Current Relic Mod","GifTheSpireLib","HexUI Lib","Minty Spire (QoL Compilation)","Quick Restart","Random Character Button","Rare Cards Sparkle","Relic Sorter","Relic Stats","Slay the Relics Exporter","StSLib","SuperFastMode","Synergy Search","Twitch Decklist","Twitch Utils","everything is the same but u backflip on backflip","slay the spire mod where everything is the same but ironclad has a cowboy hat"],"gold_per_floor":[119,119,129,197,208,208,208,208],"floor_reached":7,"playtime":61,"items_purged":[],"score":41,"play_id":"abc8dd22-6ca1-4796-b3f3-418b0134fe3c","local_time":"20210106195947","is_ascension_mode":false,"campfire_choices":[{"data":"Strike_R","floor":6,"key":"SMITH"}],"circlet_count":0,"master_deck":["Strike_R+1","Strike_R","Strike_R","Strike_R","Strike_R","Defend_R","Defend_R","Defend_R","Defend_R","Bash","Dropkick","Regret"],"relics":["Burning Blood","Singing Bowl","White Beast Statue"],"acts_visited":["Exordium"],"potions_floor_usage":[],"damage_taken":[{"damage":20,"enemies":"Jaw Worm","floor":1,"turns":9},{"damage":2,"enemies":"Cultist","floor":3,"turns":4},{"damage":19,"enemies":"Small Slimes","floor":5,"turns":7},{"damage":70,"enemies":"3 Sentries","floor":7,"turns":8}],"seed_played":"5496064816337017870","potions_obtained":[{"floor":1,"key":"Fire Potion"},{"floor":3,"key":"Strength Potion"},{"floor":5,"key":"Block Potion"}],"is_trial":false,"path_per_floor":["M","?","M","T","M","R","E"],"character_chosen":"IRONCLAD","items_purchased":[],"campfire_rested":0,"item_purchase_floors":[],"current_hp_per_floor":[74,74,80,80,69,69,0,0],"gold":208,"neow_bonus":"TEN_PERCENT_HP_BONUS","is_daily":false,"chose_seed":false,"campfire_upgraded":1,"win_rate":0.0,"timestamp":1609991987,"path_taken":["M","?","M","?","?","R","E"],"items_purchased_type":[],"build_version":"2020-12-22","purchased_purges":0,"victory":false,"max_hp_per_floor":[88,88,90,90,92,92,92,92],"relic_stats":{"Singing Bowl":4,"counters":[4,28],"obtain_stats":[{"Singing Bowl":2,"Burning Blood":0,"White Beast Statue":4},{"Singing Bowl":1,"Burning Blood":0,"White Beast Statue":2},{"Singing Bowl":9,"Burning Blood":0,"White Beast Statue":13}],"Burning Blood":18},"card_choices":[{"not_picked":["Iron Wave","Spot Weakness"],"picked":"Dropkick","floor":1},{"not_picked":["Wild Strike","Spot Weakness","Pommel Strike"],"picked":"Singing Bowl","floor":3},{"not_picked":["Bloodletting","Cleave","Shrug It Off"],"picked":"Singing Bowl","floor":5}],"player_experience":1444484,"relics_obtained":[{"floor":4,"key":"White Beast Statue"}],"event_choices":[{"damage_healed":0,"gold_gain":0,"player_choice":"Box","damage_taken":0,"relics_obtained":["Singing Bowl"],"max_hp_gain":0,"max_hp_loss":0,"event_name":"Big Fish","floor":2,"gold_loss":0,"cards_obtained":["Regret"]}],"is_beta":false,"boss_relics":[],"items_purged_floors":[],"is_endless":false,"potions_floor_spawned":[1,3,5],"killed_by":"3 Sentries","ascension_level":0}}