{"host":"xu0zbcebhy6w9mdv","time":1609981672,"event":{"mods":["AchievementEnabler","Act Like it!","Aspiration","BaseMod","Better Match","Better Third Choice","BetterRewards","Colored Powertips","Downfall","Duelist Mod","Friendly Minions","Gensokyo","Hallownest","Hubris","Infinite Spire","Marisa????????","Minty Spire (QoL Compilation)","Potionbrewer","Quick Restart","READ ME - Guardian Mod","READ ME - Snecko Mod","Rare Cards Sparkle","Replay The Spire","Shop Mod","StSLib","The Animator","The Blackbeard","The Bug Knight","The Cursed","The Hierophant","The Necromancer","The Runesmith","The Servant 0.9.4"],"gold_per_floor":[139,154,119,119,69,69,97,97,97,97,107,127,93,93,93,171,171,190,190,65,65,88,116,127,127,152,171,128,158,158,258,258,337,337,349,362,205,220,220,220,205,205,260,55,80,80,96,111,111,111],"floor_reached":51,"playtime":6919,"items_purged":[],"score":1479,"play_id":"65f16768-b4d8-4f08-9edc-e1c850d43fda","local_time":"20210106200752","is_ascension_mode":true,"campfire_choices":[{"data":"theDuelist:Metronome","floor":6,"key":"SMITH"},{"floor":8,"key":"REST"},{"data":"theDuelist:Metronome","floor":10,"key":"SMITH"},{"floor":15,"key":"REST"},{"data":"theDuelist:Nameless:War:AssaultArmor","floor":25,"key":"SMITH"},{"data":"theDuelist:OrbMetronome","floor":30,"key":"SMITH"},{"data":"theDuelist:RareAttackMetronome","floor":32,"key":"SMITH"},{"floor":40,"key":"REST"},{"data":"theDuelist:OrbMetronome","floor":46,"key":"SMITH"},{"floor":49,"key":"REST"}],"circlet_count":0,"master_deck":["theDuelist:FieldMetronome+1","theDuelist:AttackMetronome+1","theDuelist:Metronome+1","theDuelist:PowerMetronome+1","theDuelist:AttackMetronome+1","theDuelist:SkillMetronome+1","theDuelist:OrbMetronome+1","theDuelist:BlockMetronome+1","AscendersBane","theDuelist:TrapMetronome+1","theDuelist:AttackMetronome+1","theDuelist:BlockMetronome+1","theDuelist:RareMonsterMetronome+1","theDuelist:AttackMetronome+1","theDuelist:RareAttackMetronome+1","theDuelist:BlockMetronome+1","theDuelist:BlockMetronome+1","theDuelist:SkillMetronome+1","theDuelist:Nameless:War:AssaultArmor+1","theDuelist:UncommonAttackMetronome+1","theDuelist:Metronome+1","theDuelist:OrbMetronome+1"],"relics":["theDuelist:MillenniumPuzzle","theDuelist:CardPoolRelic","theDuelist:CardPoolBasicRelic","theDuelist:BoosterPackPoolRelic","theDuelist:CardPoolAddRelic","theDuelist:CardPoolMinusRelic","theDuelist:CardPoolSaveRelic","theDuelist:CardPoolOptionsRelic","CaptainsWheel","Iron Hammer","theDuelist:NamelessPowerRelicA","theDuelist:MonsterEggRelic","theDuelist:MetronomeRelicA","theDuelist:RouletteWheel","hubris:Icosahedron","Happy Flower","Bronze Scales","infinitespire:Freezer","NeowsBlessing","Bag of Marbles","theDuelist:BoosterPackMonsterEgg","aspiration:DSix","Black Star","Blood Vial","aspiration:Lifesprig","hubris:64BitClover","Pen Nib","theDuelist:DuelistOrichalcum","MerchantsRug","Blue Doll","HollowMod:PaleOreRelic","Vajra"],"acts_visited":["Exordium","Exordium","TheBeyond"],"potions_floor_usage":[7,23,45,50,50],"damage_taken":[{"damage":0,"enemies":"Small Slimes","floor":1,"turns":4},{"damage":0,"enemies":"Jaw Worm","floor":2,"turns":1},{"damage":29,"enemies":"Gremlin Nob","floor":7,"turns":4},{"damage":0,"enemies":"2 Louse","floor":11,"turns":2},{"damage":0,"enemies":"Large Slime","floor":12,"turns":1},{"damage":0,"enemies":"Fading Forest","floor":16,"turns":11},{"damage":0,"enemies":"Gensokyo:Chomper","floor":18,"turns":3},{"damage":0,"enemies":"Gensokyo:Koishi","floor":23,"turns":2},{"damage":0,"enemies":"Gensokyo:AngelMirror","floor":24,"turns":2},{"damage":9,"enemies":"Gensokyo:Wraith","floor":27,"turns":4},{"damage":0,"enemies":"Gensokyo:Tenshi","floor":29,"turns":1},{"damage":0,"enemies":"Gensokyo:Tenshi","floor":31,"turns":1},{"damage":0,"enemies":"Gensokyo:Eternal_Rivals","floor":33,"turns":1},{"damage":7,"enemies":"3 Shapes","floor":35,"turns":1},{"damage":0,"enemies":"3 Darklings","floor":36,"turns":3},{"damage":21,"enemies":"Spire Growth","floor":38,"turns":3},{"damage":3,"enemies":"Giant Head","floor":41,"turns":5},{"damage":0,"enemies":"HollowMod:StalkingDevout","floor":45,"turns":4},{"damage":0,"enemies":"Jaw Worm Horde","floor":47,"turns":2},{"damage":10,"enemies":"Sphere and 2 Shapes","floor":48,"turns":4},{"damage":9,"enemies":"Awakened One","floor":50,"turns":6}],"seed_played":"-3977045648513759527","potions_obtained":[{"floor":1,"key":"potionbrewer:MidasPotion"},{"floor":11,"key":"potionbrewer:BarricadePotion"},{"floor":12,"key":"Explosive Potion"},{"floor":27,"key":"potionbrewer:EndurancePotion"},{"floor":33,"key":"theDuelist:MillenniumElixir"},{"floor":45,"key":"theDuelist:ExtraOrbsBottle"}],"is_trial":false,"path_per_floor":["M","M","?","$","?","R","E","R","T","R","M","M","?","?","R","B",null,"M","AVR","?","?","T","E","M","R","T","M","COS","E","R","?","R","B",null,"M","M","$","M","?","R","E","?","T","$","E","R","M","M","R","B",null],"character_chosen":"THE_DUELIST","items_purchased":["Blood Vial","theDuelist:UncommonAttackMetronome","MerchantsRug"],"campfire_rested":4,"item_purchase_floors":[37,44,44],"current_hp_per_floor":[63,63,70,70,70,70,41,62,62,62,62,62,62,54,70,70,70,70,70,70,70,70,70,70,70,70,61,61,61,61,61,61,61,68,61,61,61,42,42,63,62,62,62,62,64,64,66,58,70,61],"gold":111,"neow_bonus":"THREE_ENEMY_KILL","is_daily":false,"chose_seed":false,"campfire_upgraded":6,"win_rate":0.0,"timestamp":1609981672,"path_taken":["M","M","?","$","?","R","E","R","T","R","M","?","?","?","R","BOSS","M","AVR","?","?","?","E","?","R","T","?","COS","E","R","?","R","BOSS","M","M","$","M","?","R","E","?","T","$","E","R","?","M","R","BOSS"],"items_purchased_type":["Relic","Card","Relic"],"build_version":"2020-12-22","purchased_purges":0,"victory":true,"max_hp_per_floor":[70,70,70,70,70,70,70,70,70,70,70,70,70,70,70,70,70,70,70,70,70,70,70,70,70,70,70,70,70,70,70,70,70,70,70,70,70,70,70,70,70,70,70,70,70,70,70,70,70,70],"card_choices":[{"not_picked":["theDuelist:BigFire","theDuelist:GauntletWarrior","theDuelist:WormWarlord","theDuelist:BattleOx","theDuelist:GaiaMidNightSun"],"picked":"SKIP","floor":1},{"not_picked":["theDuelist:RoseMetronome","theDuelist:NaturiaMetronome","theDuelist:MayakashiMetronome","theDuelist:CyberMetronome","theDuelist:BugMetronome"],"picked":"SKIP","floor":2},{"not_picked":["theDuelist:SuperheavyMetronome","theDuelist:PlantMetronome","theDuelist:PelagicMetronome","theDuelist:MegatypeMetronome"],"picked":"theDuelist:FieldMetronome","floor":7},{"not_picked":["theDuelist:EarthquakeGiant","theDuelist:GaiaMidNightSun","theDuelist:EarthEffigy","theDuelist:ScrapFactory","theDuelist:MagicalStone"],"picked":"SKIP","floor":11},{"not_picked":["theDuelist:BigFire","theDuelist:GaiaMidNightSun","theDuelist:GauntletWarrior","theDuelist:FuryFire","theDuelist:WormWarlord"],"picked":"SKIP","floor":12},{"not_picked":["theDuelist:DestroyerGolem","theDuelist:Sangan","theDuelist:PowerWall","theDuelist:WormBarses","theDuelist:BlackPendant"],"picked":"SKIP","floor":18},{"not_picked":["theDuelist:UncommonSpireMetronome","theDuelist:MetalRaidersMetronome","theDuelist:MachineMonsterMetronome","theDuelist:InsectMetronome"],"picked":"theDuelist:OrbMetronome","floor":23},{"not_picked":["theDuelist:EvilswarmHeliotrope","theDuelist:GaiaMidNightSun","theDuelist:GauntletWarrior","theDuelist:DestroyerGolem","theDuelist:Sangan"],"picked":"SKIP","floor":24},{"not_picked":["theDuelist:FuryFire","theDuelist:GreenGraveOni","theDuelist:ClearKuriboh","theDuelist:MagicalStone","theDuelist:EarthEffigy"],"picked":"SKIP","floor":27},{"not_picked":["theDuelist:TrapMetronome","theDuelist:RareMetronome","theDuelist:PredaplantMetronome","theDuelist:MachineMonsterMetronome"],"picked":"theDuelist:RareAttackMetronome","floor":29},{"not_picked":["theDuelist:DestroyerGolem+1","theDuelist:GauntletWarrior+1","theDuelist:FuryFire+1","theDuelist:BattleguardKing+1","theDuelist:EvilswarmHeliotrope+1"],"picked":"SKIP","floor":35},{"not_picked":["theDuelist:MillenniumGolem+1","theDuelist:ClearKuriboh+1","theDuelist:GemElephant+1","theDuelist:ScrapFactory","theDuelist:ImperialOrder+1"],"picked":"SKIP","floor":36},{"not_picked":["theDuelist:DestroyerGolem+1","theDuelist:GaiaMidNightSun+1","theDuelist:ClearKuriboh+1","theDuelist:BigFire+1","theDuelist:EvilswarmHeliotrope+1"],"picked":"SKIP","floor":38},{"not_picked":["theDuelist:RareMetronome","theDuelist:NaturiaMetronome+1","theDuelist:DragonMetronome","theDuelist:AncientMetronome"],"picked":"theDuelist:RareMonsterMetronome+1","floor":39},{"not_picked":["theDuelist:DestroyerGolem+1","theDuelist:ClearKuriboh+1","theDuelist:PowerWall","theDuelist:TimeSeal","theDuelist:GaiaMidNightSun+1"],"picked":"SKIP","floor":41},{"not_picked":["theDuelist:StampedingMetronome","theDuelist:SpellcasterMetronome","theDuelist:LegendBlueEyesMetronome","theDuelist:DeskbotMetronome"],"picked":"theDuelist:OrbMetronome","floor":45},{"not_picked":["theDuelist:SuperheavyMetronome","theDuelist:PotMetronome+1","theDuelist:MachineMetronome+1","theDuelist:CommonSpireMetronome","theDuelist:ArcaneMonsterMetronome"],"picked":"SKIP","floor":47},{"not_picked":["theDuelist:EarthquakeGiant+1","theDuelist:FuryFire+2","theDuelist:WormKing+1","theDuelist:Blockman+1","theDuelist:MillenniumGolem+1"],"picked":"SKIP","floor":48}],"player_experience":571301,"relics_obtained":[{"floor":7,"key":"CaptainsWheel"},{"floor":9,"key":"Iron Hammer"},{"floor":22,"key":"Happy Flower"},{"floor":23,"key":"Bronze Scales"},{"floor":26,"key":"infinitespire:Freezer"},{"floor":29,"key":"Bag of Marbles"},{"floor":31,"key":"theDuelist:BoosterPackMonsterEgg"},{"floor":31,"key":"aspiration:DSix"},{"floor":41,"key":"hubris:64BitClover"},{"floor":41,"key":"Pen Nib"},{"floor":43,"key":"theDuelist:DuelistOrichalcum"},{"floor":45,"key":"Blue Doll"},{"floor":45,"key":"HollowMod:PaleOreRelic"}],"event_choices":[{"damage_healed":17,"gold_gain":0,"player_choice":"Healed","damage_taken":0,"max_hp_gain":0,"max_hp_loss":0,"event_name":"The Cleric","floor":3,"gold_loss":35},{"damage_healed":0,"gold_gain":0,"player_choice":"Left","damage_taken":0,"max_hp_gain":0,"max_hp_loss":0,"event_name":"betterThird:BetterGoop","floor":5,"gold_loss":50},{"power_reward":2,"total_magic_score":68,"gold_gain":0,"duelist":true,"damage_taken":0,"relics_obtained":["theDuelist:NamelessPowerRelicA"],"points":6,"war_reward":4,"max_hp_gain":0,"max_hp_loss":0,"spent_points":{"magic":0,"greed":0,"war":4,"power":2,"hunger":0},"event_name":"Nameless Tomb","floor":13,"gold_loss":34,"cards_obtained":["theDuelist:Nameless:War:AssaultArmor"]},{"damage_healed":0,"gold_gain":0,"player_choice":"Dig - random Duelist relic","duelist":true,"damage_taken":0,"max_hp_gain":0,"max_hp_loss":0,"event_name":"Aknamkanon\u0027s Tomb","floor":14,"gold_loss":0},{"damage_healed":0,"gold_gain":0,"player_choice":"3","damage_taken":0,"max_hp_gain":0,"max_hp_loss":0,"event_name":"betterMatch:BetterMatch","floor":20,"gold_loss":0,"cards_obtained":[]},{"damage_healed":0,"gold_gain":0,"player_choice":"Memory 1","damage_taken":0,"max_hp_gain":0,"max_hp_loss":0,"event_name":"SensoryStone","floor":39,"gold_loss":0},{"damage_healed":0,"gold_gain":0,"player_choice":"Ignored","damage_taken":0,"max_hp_gain":0,"max_hp_loss":0,"event_name":"Upgrade Shrine","floor":42,"gold_loss":0}],"is_beta":false,"boss_relics":[{"not_picked":["ChewingGum","hubris:ScarierMask"],"picked":"theDuelist:MetronomeRelicA"},{"not_picked":["hubris:CrackedHourglass","Astrolabe"],"picked":"Black Star"}],"items_purged_floors":[],"is_endless":false,"potions_floor_spawned":[1,11,12,18,27,31,33,35,45],"ascension_level":17}}