{"host":"llpusn9usp8rznkj","time":1609993662,"event":{"mods":["2.2 Compatiblity","Aspiration","BaseMod","Colored Map","Colored Powertips","Conspire","Hubris","Minty Spire (QoL Compilation)","Quick Restart","Rare Cards Sparkle","Replay The Spire","StSLib","The Cursed"],"gold_per_floor":[110,110,10,27,27,27,53,68,68,87,87,99,159,169,169,243,243,263,282,282,282,207,207,207],"floor_reached":23,"playtime":989,"items_purged":[],"score":432,"play_id":"a47117f8-5600-4c91-a30f-71d169544f50","local_time":"20210106232742","is_ascension_mode":true,"campfire_choices":[{"data":"Ghostly","floor":6,"key":"SMITH"},{"data":"Terror","floor":11,"key":"SMITH"}],"circlet_count":0,"master_deck":["AscendersBane","Strike_R","Strike_R","Defend_R","Defend_R","Defend_R","Bash","Finisher","Terror+1","Ghostly+1","Disarm","Dropkick+1","Disarm","Dropkick+1","Flex","Berserk","Bludgeon","Body Slam+1","Headbutt"],"relics":["Burning Blood","NeowsBlessing","hubris:IronBody","Calipers","Replay:Bottled Eggs","conspire:SeveredTorchhead","hubris:Icosahedron"],"acts_visited":["Exordium","TheCity"],"potions_floor_usage":[10,10,13,16],"damage_taken":[{"damage":0,"enemies":"Small Slimes","floor":1,"turns":1},{"damage":0,"enemies":"2 Louse","floor":4,"turns":1},{"damage":0,"enemies":"Gremlin Nob","floor":7,"turns":1},{"damage":9,"enemies":"Cultist","floor":8,"turns":4},{"damage":9,"enemies":"Large Slime","floor":10,"turns":6},{"damage":2,"enemies":"Exordium Wildlife","floor":12,"turns":3},{"damage":12,"enemies":"Gremlin Nob","floor":13,"turns":4},{"damage":13,"enemies":"3 Louse","floor":14,"turns":3},{"damage":68,"enemies":"Fading Forest","floor":16,"turns":13},{"damage":20,"enemies":"2 Thieves","floor":18,"turns":4},{"damage":0,"enemies":"Chosen","floor":19,"turns":3},{"damage":2,"enemies":"Book of Stabbing","floor":23,"turns":2}],"seed_played":"6419458188208028225","potions_obtained":[{"floor":4,"key":"Swift Potion"},{"floor":8,"key":"DistilledChaos"},{"floor":12,"key":"ColorlessPotion"},{"floor":13,"key":"DuplicationPotion"},{"floor":18,"key":"Death Potion"}],"is_trial":false,"path_per_floor":["M","?","?","M","?","R","E","M","T","M","R","M","?","M","R_BF","B",null,"M","M","?","?","?","E"],"character_chosen":"IRONCLAD","items_purchased":[],"campfire_rested":0,"item_purchase_floors":[],"current_hp_per_floor":[74,74,74,75,75,75,75,72,72,69,69,73,67,60,60,30,64,50,56,56,56,56,54,54],"gold":207,"neow_bonus":"THREE_ENEMY_KILL","is_daily":false,"chose_seed":false,"campfire_upgraded":2,"win_rate":0.0,"timestamp":1609993662,"path_taken":["M","?","?","M","?","R","E","M","T","M","R","?","?","M","R_BF","BOSS","M","M","?","?","?","E"],"items_purchased_type":[],"build_version":"2020-12-22","purchased_purges":0,"victory":false,"max_hp_per_floor":[75,75,75,75,75,75,75,75,75,75,75,75,75,75,75,75,75,75,75,75,75,75,75,75],"card_choices":[{"not_picked":["True Grit","Combust"],"picked":"Replay:Undeath\u0027s Touch","floor":1},{"not_picked":["Clash","Reckless Charge"],"picked":"Disarm","floor":4},{"not_picked":["Evolve","Body Slam"],"picked":"Dropkick","floor":7},{"not_picked":["Heavy Blade","Sword Boomerang"],"picked":"Disarm","floor":8},{"not_picked":["Searing Blow","Battle Trance"],"picked":"Dropkick","floor":10},{"not_picked":["Anger","Armaments","hubris:ReadiedAction"],"picked":"SKIP","floor":12},{"not_picked":["Warcry","Juggernaut"],"picked":"Flex","floor":13},{"not_picked":["Clothesline","Clash","Flex"],"picked":"SKIP","floor":14},{"not_picked":["Fiend Fire","Brutality"],"picked":"Bludgeon","floor":16},{"not_picked":["Rampage","Wild Strike"],"picked":"Body Slam+1","floor":18},{"not_picked":["Pommel Strike","Intimidate"],"picked":"Abandon","floor":19}],"player_experience":1127963,"relics_obtained":[{"floor":7,"key":"hubris:IronBody"},{"floor":9,"key":"Calipers"}],"event_choices":[{"damage_healed":0,"gold_gain":0,"player_choice":"Argue","damage_taken":0,"max_hp_gain":0,"max_hp_loss":0,"event_name":"conspire:LoneGhost","floor":3,"gold_loss":0},{"cards_removed":["Strike_G"],"damage_healed":0,"gold_gain":0,"player_choice":"Purged","damage_taken":0,"max_hp_gain":0,"max_hp_loss":0,"event_name":"Purifier","floor":5,"gold_loss":0},{"damage_healed":0,"gold_gain":0,"player_choice":"Searched \u00272\u0027 times","damage_taken":0,"relics_obtained":["Replay:Bottled Eggs"],"max_hp_gain":0,"max_hp_loss":0,"event_name":"Dead Adventurer","floor":13,"gold_loss":0},{"damage_healed":0,"gold_gain":0,"cards_transformed":["Abandon","Strike_R"],"player_choice":"Became Test Subject","damage_taken":0,"max_hp_gain":0,"max_hp_loss":0,"event_name":"Drug Dealer","floor":20,"gold_loss":0,"cards_obtained":["True Grit","Headbutt"]},{"cards_removed":["True Grit"],"damage_healed":0,"gold_gain":0,"player_choice":"Gave Gold","damage_taken":0,"max_hp_gain":0,"max_hp_loss":0,"event_name":"Beggar","floor":22,"gold_loss":75}],"is_beta":false,"boss_relics":[{"not_picked":["aspiration:RitualDagger","Ectoplasm"],"picked":"conspire:SeveredTorchhead"}],"items_purged_floors":[],"is_endless":false,"potions_floor_spawned":[4,8,12,13,18],"killed_by":"Book of Stabbing","ascension_level":20}}