{"host":"pzxn1nb1tlmimivy","time":1609988481,"event":{"mods":["BaseMod","CapriCore","Infinite Spire","Lobotomy","LobotomyExtend","Minty Spire (QoL Compilation)","Quick Restart","Replay The Spire","StSLib","TestMod","The Immortal","TheWitcher"],"gold_per_floor":[111,36,54,54,71,101,101,127,127,127,146,146,161,192,192,295,295,295,312,125,140,140,168,168,168,168,168],"floor_reached":25,"playtime":1654,"items_purged":["MokouMod:Strike","MokouMod:Strike"],"score":239,"play_id":"6eb82165-2e9d-47be-b25a-2d4d2ebe6443","local_time":"20210107110121","is_ascension_mode":false,"campfire_choices":[{"data":"MokouMod:Sear","floor":7,"key":"SMITH"},{"data":"testmod-HeadAttack","floor":10,"key":"SMITH"},{"data":"MokouMod:SearingShot","floor":15,"key":"SMITH"},{"data":"MokouMod:Burn","floor":24,"key":"SMITH"}],"circlet_count":0,"master_deck":["MokouMod:Strike","MokouMod:Strike","MokouMod:Strike","MokouMod:Defend","MokouMod:Defend","MokouMod:Defend","MokouMod:Defend","MokouMod:HeatSpark","testmod-HeadAttack+1","MokouMod:Burn+1","MokouMod:SearingShot+1","MokouMod:Sear+1","MokouMod:PhoenixFeathers","MokouMod:Meltdown+1","MokouMod:Rebirth+1","MokouMod:Ventilation","Purity","Looming Evil"],"relics":["MokouMod:PhoenixFeather","testmod-TestBox","testmod-ObsoleteBoomerang","LetterFromLob","Gremlin Horn","Frozen Egg 2","Ornamental Fan","testmod-Antiphasic","Sozu","ReplayTheSpireMod:Ring of Exchange","Ring of Hypnosis","infinitespire:Eraser"],"acts_visited":["Exordium","TheCity"],"potions_floor_usage":[14,16,21],"damage_taken":[{"damage":0,"enemies":"2 Louse","floor":1,"turns":2},{"damage":15,"enemies":"Small Slimes","floor":3,"turns":3},{"damage":1,"enemies":"Cultist","floor":5,"turns":4},{"damage":30,"enemies":"3 Sentries","floor":6,"turns":6},{"damage":13,"enemies":"Replay:BlueRogue","floor":8,"turns":4},{"damage":9,"enemies":"Exordium Wildlife","floor":11,"turns":2},{"damage":1,"enemies":"3 Louse","floor":13,"turns":2},{"damage":13,"enemies":"Gremlin Nob","floor":14,"turns":4},{"damage":21,"enemies":"Fading Forest","floor":16,"turns":11},{"damage":0,"enemies":"3 Byrds","floor":19,"turns":3},{"damage":27,"enemies":"2 Thieves","floor":21,"turns":5},{"damage":50,"enemies":"Slavers","floor":23,"turns":5},{"damage":51,"enemies":"Replay:Snechameleon","floor":25,"turns":5}],"seed_played":"-430437065413253859","potions_obtained":[{"floor":3,"key":"Swift Potion"},{"floor":6,"key":"Weak Potion"},{"floor":13,"key":"AttackPotion"},{"floor":16,"key":"Weak Potion"}],"is_trial":false,"path_per_floor":["M","$","M","?","M","E","R","E","T","R","M","?","M","E","R","B",null,"M","M","$","M","?","E","R","E"],"character_chosen":"MKU","items_purchased":["Purity"],"campfire_rested":0,"item_purchase_floors":[20],"current_hp_per_floor":[75,75,60,60,59,29,29,16,16,16,7,7,6,11,11,18,75,75,75,75,48,48,18,18,20,20,20],"gold":168,"neow_bonus":"RANDOM_COLORLESS","is_daily":false,"chose_seed":false,"campfire_upgraded":4,"win_rate":0.0,"timestamp":1609988481,"path_taken":["M","$","M","?","M","E","R","E","T","R","M","?","M","E","R","BOSS","M","?","$","M","?","E","R","E"],"items_purchased_type":["Card"],"build_version":"2020-12-22","purchased_purges":2,"victory":false,"max_hp_per_floor":[75,75,75,75,75,75,75,75,75,75,75,75,75,75,75,75,75,75,75,75,75,75,75,75,80,80,80],"card_choices":[{"not_picked":["Good Instincts","testmod-LifeRuler"],"picked":"testmod-HeadAttack","floor":0},{"not_picked":["MokouMod:ScorchingColumn","MokouMod:InfernalWave"],"picked":"MokouMod:Burn","floor":1},{"not_picked":["MokouMod:ExplosiveFlame","MokouMod:Stoke","MokouMod:SearingShot"],"picked":"SKIP","floor":3},{"not_picked":["MokouMod:ExplosiveFlame","MokouMod:Stoke"],"picked":"MokouMod:SearingShot","floor":3},{"not_picked":["MokouMod:HeatTransfer","MokouMod:ScorchingColumn"],"picked":"MokouMod:Sear","floor":5},{"not_picked":["MokouMod:AdaptivePyromancy","MokouMod:SearingShot","MokouMod:Sear"],"picked":"SKIP","floor":6},{"not_picked":["MokouMod:IgnitionBarrier","MokouMod:ScorchingColumn","MokouMod:GuidingSmoke"],"picked":"SKIP","floor":8},{"not_picked":["MokouMod:Trailblazer","MokouMod:ScorchingColumn"],"picked":"MokouMod:PhoenixFeathers","floor":11},{"not_picked":["MokouMod:FujiyamaVolcano","MokouMod:BlazingComet"],"picked":"MokouMod:Meltdown+1","floor":13},{"not_picked":["MokouMod:FlareStarter","MokouMod:RoaringFlare"],"picked":"MokouMod:Rebirth+1","floor":14},{"not_picked":["MokouMod:Rebirth+1","MokouMod:SpontaneousHumanCombustion"],"picked":"MokouMod:Ventilation","floor":16},{"not_picked":["MokouMod:Fireball","MokouMod:TemporalFireSeal","MokouMod:RoaringFlare"],"picked":"SKIP","floor":19},{"not_picked":["MokouMod:SearingShot+1","MokouMod:IllusoryBattlefield","MokouMod:Trailblazer"],"picked":"SKIP","floor":21},{"not_picked":["MokouMod:DanceofFlames","MokouMod:ResonatingAura+1","MokouMod:FlareStarter+1"],"picked":"SKIP","floor":23}],"player_experience":1341982,"relics_obtained":[{"floor":1,"key":"LetterFromLob"},{"floor":6,"key":"Gremlin Horn"},{"floor":8,"key":"Frozen Egg 2"},{"floor":14,"key":"testmod-Antiphasic"},{"floor":22,"key":"ReplayTheSpireMod:Ring of Exchange"},{"floor":22,"key":"Ring of Hypnosis"},{"floor":23,"key":"infinitespire:Eraser"}],"event_choices":[{"damage_healed":0,"gold_gain":0,"player_choice":"Gave Potion","damage_taken":0,"relics_obtained":["Ornamental Fan"],"max_hp_gain":0,"max_hp_loss":0,"event_name":"WeMeetAgain","floor":12,"gold_loss":0}],"is_beta":false,"boss_relics":[{"not_picked":["ReplayTheSpireMod:SealedPack","ReplayTheSpireMod:DimensionalGlitch"],"picked":"Sozu"}],"items_purged_floors":[2,20],"is_endless":false,"potions_floor_spawned":[3,6,13,16,19,23],"killed_by":"Replay:Snechameleon","ascension_level":0}}