{"host":"dcj2yvrgcvh5dl2s","time":1609989897,"event":{"mods":["BaseMod","Better Note","Block Reminder","Colored Powertips","DeckTracker","Minty Spire (QoL Compilation)","Quick Restart","Rare Cards Sparkle","Relic Stats","StSLib"],"gold_per_floor":[116,2,2,2,13,40,55,55,55,73,73,105,120,69,69,171,171,188,199,52,64,64,64,96,26,52,52,83,96,115,126,126,226,226,236,97,0,15,15,15,41,41,66,92,104,154,154,154,154,154,154],"floor_reached":50,"playtime":2925,"items_purged":["Shame","Doubt"],"score":798,"play_id":"fecdbe97-bb21-4fb2-a442-90e528b0a970","local_time":"20210107132457","is_ascension_mode":true,"campfire_choices":[{"floor":8,"key":"REST"},{"floor":15,"key":"REST"},{"data":"Neutralize","floor":23,"key":"SMITH"},{"floor":27,"key":"REST"},{"floor":32,"key":"REST"},{"data":"1","floor":40,"key":"LIFT"},{"data":"2","floor":42,"key":"LIFT"},{"floor":47,"key":"REST"},{"floor":49,"key":"REST"}],"circlet_count":0,"master_deck":["Strike_G","Strike_G","Strike_G","Strike_G","Defend_G","Defend_G","Defend_G","Defend_G","Defend_G","Survivor","Neutralize+1","Terror","Noxious Fumes","Quick Slash","After Image","Choke","Blade Dance","Malaise","Catalyst","Backflip","Bullet Time","Setup","Catalyst+1","Cloak And Dagger","Riddle With Holes","Prepared","Deflect","Backstab","Accuracy","Backflip","Wraith Form v2","Infinite Blades","Night Terror","Noxious Fumes","Cloak And Dagger","Escape Plan+1","Clumsy","Backflip+1","Dagger Spray+1"],"relics":["Ring of the Snake","Mercury Hourglass","Ornamental Fan","White Beast Statue","Cursed Key","Girya","Toy Ornithopter","Calipers","WristBlade","Red Mask","Toxic Egg 2","PreservedInsect","Kunai","Mango"],"acts_visited":["TheCity","TheBeyond"],"potions_floor_usage":[12,24,30,41,41,41,50,50,50],"damage_taken":[{"damage":5,"enemies":"Small Slimes","floor":1,"turns":5},{"damage":1,"enemies":"Cultist","floor":5,"turns":3},{"damage":29,"enemies":"3 Sentries","floor":6,"turns":8},{"damage":3,"enemies":"Jaw Worm","floor":7,"turns":5},{"damage":15,"enemies":"Large Slime","floor":10,"turns":5},{"damage":0,"enemies":"Lagavulin","floor":12,"turns":6},{"damage":0,"enemies":"3 Louse","floor":13,"turns":2},{"damage":9,"enemies":"The Guardian","floor":16,"turns":11},{"damage":7,"enemies":"Chosen","floor":18,"turns":6},{"damage":14,"enemies":"Shell Parasite","floor":19,"turns":6},{"damage":6,"enemies":"Snecko","floor":21,"turns":5},{"damage":21,"enemies":"Slavers","floor":24,"turns":5},{"damage":32,"enemies":"Gremlin Leader","floor":28,"turns":9},{"damage":5,"enemies":"Snake Plant","floor":29,"turns":5},{"damage":0,"enemies":"Chosen and Byrds","floor":30,"turns":7},{"damage":16,"enemies":"Snecko","floor":31,"turns":5},{"damage":119,"enemies":"Automaton","floor":33,"turns":13},{"damage":7,"enemies":"Orb Walker","floor":35,"turns":2},{"damage":13,"enemies":"3 Darklings","floor":38,"turns":6},{"damage":15,"enemies":"Giant Head","floor":41,"turns":8},{"damage":29,"enemies":"Nemesis","floor":44,"turns":5},{"damage":9,"enemies":"Jaw Worm Horde","floor":45,"turns":5},{"damage":4,"enemies":"Mind Bloom Boss Battle","floor":46,"turns":7},{"damage":98,"enemies":"Awakened One","floor":50,"turns":5}],"seed_played":"-6144372533976245707","potions_obtained":[{"floor":10,"key":"PowerPotion"},{"floor":11,"key":"SpeedPotion"},{"floor":11,"key":"CunningPotion"},{"floor":12,"key":"Poison Potion"},{"floor":13,"key":"FairyPotion"},{"floor":16,"key":"Strength Potion"},{"floor":19,"key":"FairyPotion"},{"floor":24,"key":"SpeedPotion"},{"floor":28,"key":"ColorlessPotion"},{"floor":29,"key":"SkillPotion"},{"floor":30,"key":"FearPotion"},{"floor":33,"key":"EntropicBrew"},{"floor":35,"key":"Swift Potion"},{"floor":38,"key":"Regen Potion"},{"floor":41,"key":"DistilledChaos"},{"floor":44,"key":"EssenceOfSteel"},{"floor":45,"key":"BlessingOfTheForge"}],"is_trial":false,"path_per_floor":["M","$","?","?","M","E","M","R","T","M","?","E","M","$","R","B",null,"M","M","$","M","$","R","E","$","T","R","E","M","M","M","R","B",null,"M","$","?","M","$","R","E","R","T","E","M","?","R","?","R","B"],"character_chosen":"THE_SILENT","items_purchased":["Noxious Fumes","Backflip","Cloak And Dagger","Riddle With Holes","Prepared","Accuracy","Noxious Fumes"],"campfire_rested":6,"item_purchase_floors":[2,14,20,20,20,25,36],"current_hp_per_floor":[79,79,72,64,63,34,31,56,56,41,41,41,41,41,66,57,77,70,56,56,50,50,50,29,29,29,54,22,17,22,6,31,25,69,62,62,62,49,49,49,64,64,64,35,26,36,65,65,94,0,0],"gold":154,"neow_bonus":"TWENTY_PERCENT_HP_BONUS","is_daily":false,"chose_seed":false,"campfire_upgraded":1,"win_rate":0.0,"timestamp":1609989897,"path_taken":["M","$","?","?","?","E","M","R","T","?","?","E","M","$","R","BOSS","M","M","$","M","$","R","E","?","T","R","E","M","M","M","R","BOSS","M","$","?","M","$","R","E","R","T","E","M","?","R","?","R","BOSS"],"items_purchased_type":["Card","Card","Card","Card","Card","Card","Card"],"build_version":"2020-12-22","purchased_purges":2,"victory":false,"max_hp_per_floor":[84,84,84,84,84,84,84,84,84,84,84,84,84,84,84,84,84,84,84,84,84,84,84,84,84,84,84,84,84,84,84,84,84,84,84,84,84,84,84,84,84,84,84,84,84,98,98,98,98,98,98],"relic_stats":{"counters":[24,143],"Ornamental Fan":[176],"PreservedInsect":47,"Kunai":[9],"Cursed Key":2,"obtain_stats":[{"Girya":24,"Calipers":28,"Mango":46,"PreservedInsect":43,"Cursed Key":17,"White Beast Statue":12,"Mercury Hourglass":6,"WristBlade":34,"Ornamental Fan":9,"Red Mask":37,"Kunai":44,"Toxic Egg 2":41,"Toy Ornithopter":26,"Ring of the Snake":0},{"Girya":12,"Calipers":13,"Mango":23,"PreservedInsect":20,"Cursed Key":8,"White Beast Statue":6,"Mercury Hourglass":3,"WristBlade":17,"Ornamental Fan":4,"Red Mask":18,"Kunai":21,"Toxic Egg 2":20,"Toy Ornithopter":12,"Ring of the Snake":0},{"Girya":66,"Calipers":75,"Mango":138,"PreservedInsect":121,"Cursed Key":44,"White Beast Statue":31,"Mercury Hourglass":16,"WristBlade":105,"Ornamental Fan":21,"Red Mask":107,"Kunai":126,"Toxic Egg 2":121,"Toy Ornithopter":66,"Ring of the Snake":0}],"Toy Ornithopter":24,"Ring of the Snake":[48],"Mercury Hourglass":[448]},"card_choices":[{"not_picked":["Slice","Underhanded Strike"],"picked":"Terror","floor":1},{"not_picked":["Prepared","Sucker Punch"],"picked":"Quick Slash","floor":5},{"not_picked":["Setup","Distraction"],"picked":"After Image","floor":6},{"not_picked":["Underhanded Strike","Deadly Poison"],"picked":"Choke","floor":7},{"not_picked":["Acrobatics","Outmaneuver"],"picked":"Blade Dance","floor":10},{"not_picked":["Deadly Poison","Riddle With Holes"],"picked":"Malaise","floor":12},{"not_picked":["Noxious Fumes","Eviscerate"],"picked":"Catalyst","floor":13},{"not_picked":["Tools of the Trade","Die Die Die"],"picked":"Bullet Time","floor":16},{"not_picked":["PiercingWail","Cloak And Dagger+1"],"picked":"Setup","floor":18},{"not_picked":["Quick Slash","Acrobatics"],"picked":"Catalyst+1","floor":19},{"not_picked":["Infinite Blades","Dagger Spray+1"],"picked":"Deflect","floor":21},{"not_picked":["Infinite Blades","PiercingWail"],"picked":"Backstab","floor":24},{"not_picked":["Eviscerate","Dodge and Roll"],"picked":"Backflip","floor":28},{"not_picked":["Acrobatics","Backflip"],"picked":"Wraith Form v2","floor":29},{"not_picked":["Deadly Poison","Acrobatics"],"picked":"Infinite Blades","floor":30},{"not_picked":["Endless Agony","Prepared","Quick Slash"],"picked":"SKIP","floor":31},{"not_picked":["Tools of the Trade","Bullet Time"],"picked":"Night Terror","floor":33},{"not_picked":["Bane","Skewer+1","Flying Knee"],"picked":"SKIP","floor":35},{"not_picked":["Eviscerate+1","Dagger Throw+1"],"picked":"Cloak And Dagger","floor":38},{"not_picked":["Bane+1","Underhanded Strike"],"picked":"Escape Plan+1","floor":41},{"not_picked":["Acrobatics+1","Dagger Spray"],"picked":"Backflip+1","floor":44},{"not_picked":["Poisoned Stab","Deadly Poison+1"],"picked":"Dagger Spray+1","floor":45},{"not_picked":["Skewer+1","Heel Hook"],"picked":"Terror+1","floor":46}],"player_experience":2219331,"relics_obtained":[{"floor":6,"key":"Mercury Hourglass"},{"floor":9,"key":"Ornamental Fan"},{"floor":12,"key":"White Beast Statue"},{"floor":24,"key":"Girya"},{"floor":26,"key":"Toy Ornithopter"},{"floor":28,"key":"Calipers"},{"floor":41,"key":"Toxic Egg 2"},{"floor":43,"key":"PreservedInsect"},{"floor":44,"key":"Kunai"},{"floor":46,"key":"Mango"}],"event_choices":[{"cards_removed":["Strike_G"],"damage_healed":0,"gold_gain":0,"player_choice":"Card Removal","damage_taken":7,"max_hp_gain":0,"max_hp_loss":0,"event_name":"Golden Wing","floor":3,"gold_loss":0},{"damage_healed":0,"gold_gain":0,"player_choice":"Damaged","damage_taken":8,"max_hp_gain":0,"max_hp_loss":0,"event_name":"Wheel of Change","floor":4,"gold_loss":0},{"damage_healed":0,"gold_gain":0,"player_choice":"Got Potions","damage_taken":0,"max_hp_gain":0,"max_hp_loss":0,"event_name":"Lab","floor":11,"gold_loss":0},{"damage_healed":0,"gold_gain":0,"player_choice":"Paid","damage_taken":0,"relics_obtained":["Red Mask"],"max_hp_gain":0,"max_hp_loss":0,"event_name":"Tomb of Lord Red Mask","floor":37,"gold_loss":97},{"damage_healed":0,"gold_gain":0,"player_choice":"Fight","damage_taken":0,"max_hp_gain":0,"max_hp_loss":0,"event_name":"MindBloom","floor":46,"gold_loss":0},{"cards_removed":["Terror"],"damage_healed":0,"gold_gain":0,"player_choice":"Removed Skill","damage_taken":0,"max_hp_gain":0,"max_hp_loss":0,"event_name":"Falling","floor":48,"gold_loss":0}],"is_beta":false,"boss_relics":[{"not_picked":["Runic Dome","SlaversCollar"],"picked":"Cursed Key"},{"not_picked":["Sozu","Empty Cage"],"picked":"WristBlade"}],"items_purged_floors":[2,36],"is_endless":false,"potions_floor_spawned":[10,12,13,16,18,19,21,24,28,29,30,31,33,35,38,41,44,45,46],"killed_by":"Awakened One","ascension_level":5}}