{"host":"o6rpelx2jpc8yies","time":1609998055,"event":{"mods":["BaseMod","Downfall","Minty Spire (QoL Compilation)","StSLib"],"gold_per_floor":[99,111,111,21,6,20,43,58,71,89,89,120,120,149,167,267,267,67,82,82,94,108,108,108],"floor_reached":23,"playtime":1318,"items_purged":["Injury"],"score":233,"play_id":"b885538f-3769-417d-a169-e118a4cf7638","local_time":"20210106224055","is_ascension_mode":true,"campfire_choices":[{"floor":1,"key":"RECALL"},{"floor":11,"key":"REST"},{"data":"bronze:Library","floor":18,"key":"SMITH"}],"circlet_count":0,"master_deck":["bronze:Strike","bronze:Strike","bronze:Strike","bronze:Strike","bronze:Defend","bronze:Defend","bronze:Defend","bronze:Defend","bronze:Replicate+1","bronze:Goto+1","bronze:InfiniteBeams+1","bronze:ChosenStrike+1","bronze:DarkDash+1","bronze:HyperBeam","bronze:Frontload","bronze:Terminator","bronze:Branch","bronze:Library+1","bronze:Constructor","bronze:Mutator","bronze:Iterate+1","bronze:Turbo","bronze:Separator+1"],"relics":["bronze:BronzeCore","Mango","Bag of Preparation","Gremlin Horn","Bottled Lightning","Runic Pyramid","downfall:HeartBlessingRed","downfall:HeartBlessingGreen"],"acts_visited":["Exordium","TheCity"],"potions_floor_usage":[12,14,16],"damage_taken":[{"damage":10,"enemies":"Small Slimes","floor":2,"turns":4},{"damage":0,"enemies":"downfall:FleeingMerchant","floor":4,"turns":4},{"damage":10,"enemies":"downfall:FleeingMerchant","floor":5,"turns":4},{"damage":1,"enemies":"Cultist","floor":6,"turns":4},{"damage":0,"enemies":"Jaw Worm","floor":8,"turns":3},{"damage":27,"enemies":"Exordium Thugs","floor":9,"turns":4},{"damage":5,"enemies":"2 Fungi Beasts","floor":10,"turns":5},{"damage":8,"enemies":"Gremlin Nob","floor":12,"turns":3},{"damage":15,"enemies":"Lagavulin","floor":14,"turns":6},{"damage":0,"enemies":"Large Slime","floor":15,"turns":4},{"damage":4,"enemies":"ArchetypeAct1Statuses","floor":16,"turns":7},{"damage":9,"enemies":"Shell Parasite","floor":19,"turns":5},{"damage":0,"enemies":"Spheric Guardian","floor":21,"turns":3},{"damage":43,"enemies":"Shelled Parasite and Fungi","floor":22,"turns":5},{"damage":36,"enemies":"Book of Stabbing","floor":23,"turns":5}],"seed_played":"1599624055208924369","potions_obtained":[{"floor":9,"key":"champ:CounterPotion"},{"floor":10,"key":"Explosive Potion"},{"floor":12,"key":"Weak Potion"},{"floor":14,"key":"bronze:FreeFunctionsPotion"},{"floor":15,"key":"DistilledChaos"},{"floor":19,"key":"Ancient Potion"}],"is_trial":false,"path_per_floor":["R","M","?","$","$","M","T","M","M","M","R","E","?","E","M","B",null,"R","M","?","M","M","E"],"character_chosen":"THE_AUTOMATON","items_purchased":[],"campfire_rested":1,"item_purchase_floors":[],"current_hp_per_floor":[63,53,53,53,43,42,42,42,15,10,35,27,27,12,12,8,84,84,75,75,75,32,0,0],"gold":108,"neow_bonus":"ONE_RARE_RELIC","is_daily":false,"chose_seed":false,"campfire_upgraded":1,"win_rate":0.0,"timestamp":1609998055,"path_taken":["R","M","?","?","$","M","T","M","M","?","R","E","?","E","M","BOSS","R","M","?","M","M","E"],"items_purchased_type":[],"build_version":"2020-12-22","purchased_purges":1,"victory":false,"max_hp_per_floor":[84,84,84,84,84,84,84,84,84,84,84,84,84,84,84,84,84,84,84,84,84,84,84,84],"card_choices":[{"not_picked":["bronze:CutThrough","bronze:Overheat"],"picked":"bronze:InfiniteBeams","floor":2},{"not_picked":["bronze:DelayedSlice","bronze:Return"],"picked":"bronze:ChosenStrike","floor":4},{"not_picked":["bronze:BitShift","bronze:WildBeam"],"picked":"bronze:DarkDash","floor":5},{"not_picked":["bronze:DelayedSlice","bronze:ItsAFeature","bronze:DelayedGuard"],"picked":"SKIP","floor":6},{"not_picked":["bronze:Frontload","bronze:BitShift"],"picked":"bronze:HyperBeam","floor":8},{"not_picked":["bronze:Overheat","bronze:Iterate"],"picked":"bronze:Frontload","floor":9},{"not_picked":["bronze:BugBarrage","bronze:Shield"],"picked":"bronze:Terminator","floor":10},{"not_picked":["bronze:FineTuning","bronze:Overload"],"picked":"bronze:Branch","floor":12},{"not_picked":["bronze:BitShift","bronze:Constructor"],"picked":"bronze:Library","floor":14},{"not_picked":["bronze:ClassDefault","bronze:Branch"],"picked":"bronze:Constructor","floor":15},{"not_picked":["bronze:FindAndReplace","bronze:Break"],"picked":"bronze:Mutator","floor":16},{"not_picked":["bronze:Allocate","bronze:OilSpill"],"picked":"bronze:Iterate+1","floor":19},{"not_picked":["bronze:Overheat","bronze:Constructor","bronze:OilSpill"],"picked":"SKIP","floor":21},{"not_picked":["bronze:Deprecate+1","bronze:FollowUp"],"picked":"bronze:Separator+1","floor":22}],"player_experience":1781956,"relics_obtained":[{"floor":7,"key":"Bag of Preparation"},{"floor":12,"key":"Gremlin Horn"},{"floor":14,"key":"Bottled Lightning"}],"event_choices":[{"damage_healed":0,"gold_gain":0,"player_choice":"Read","damage_taken":0,"max_hp_gain":0,"max_hp_loss":0,"event_name":"The Library","floor":20,"gold_loss":0,"cards_obtained":["bronze:Turbo"]}],"is_beta":false,"boss_relics":[{"not_picked":["Black Star","Busted Crown"],"picked":"Runic Pyramid"}],"items_purged_floors":[4],"is_endless":false,"potions_floor_spawned":[9,10,12,14,15,19,22],"killed_by":"Book of Stabbing","ascension_level":3}}