{"host":"ig7tc0uedzltt2sr","time":1609989501,"event":{"mods":["BaseMod","Better Twitch Integration","Block Reminder","Colored Map","Colored Powertips","Communication Mod","Current Relic Mod","GifTheSpireLib","HexUI Lib","Minty Spire (QoL Compilation)","Quick Restart","Random Character Button","Rare Cards Sparkle","Relic Sorter","Relic Stats","Slay the Relics Exporter","StSLib","SuperFastMode","Synergy Search","Twitch Decklist","Twitch Utils","everything is the same but u backflip on backflip","slay the spire mod where everything is the same but ironclad has a cowboy hat"],"gold_per_floor":[110,110,128,143,113,113,144,144,170,170,188,188,200,200,200,200,200],"floor_reached":16,"playtime":114,"items_purged":[],"score":100,"play_id":"444a3413-133d-4342-81ba-b1b60e1b59e0","local_time":"20210106191821","is_ascension_mode":false,"campfire_choices":[{"data":"Defend_R","floor":6,"key":"SMITH"},{"floor":8,"key":"REST"},{"floor":12,"key":"REST"},{"floor":15,"key":"REST"}],"circlet_count":0,"master_deck":["Strike_R","Strike_R","Strike_R","Strike_R","Defend_R+1","Defend_R","Defend_R","Defend_R","Bash","Dropkick","Blood for Blood","Flame Barrier","Seeing Red","Infernal Blade","Rampage"],"relics":["Burning Blood","NeowsBlessing","Tiny Chest","Juzu Bracelet"],"acts_visited":["Exordium"],"potions_floor_usage":[],"damage_taken":[{"damage":0,"enemies":"2 Louse","floor":1,"turns":2},{"damage":0,"enemies":"Cultist","floor":3,"turns":1},{"damage":0,"enemies":"Small Slimes","floor":4,"turns":2},{"damage":0,"enemies":"Looter","floor":5,"turns":4},{"damage":69,"enemies":"3 Sentries","floor":7,"turns":17},{"damage":34,"enemies":"Exordium Thugs","floor":11,"turns":8},{"damage":13,"enemies":"Large Slime","floor":13,"turns":10},{"damage":55,"enemies":"The Guardian","floor":16,"turns":4}],"seed_played":"-6783842815739035157","potions_obtained":[{"floor":4,"key":"Swift Potion"},{"floor":7,"key":"BlessingOfTheForge"},{"floor":11,"key":"Block Potion"}],"is_trial":false,"path_per_floor":["M","?","M","M","M","R","E","R","T","?","M","R","M","?","R","B"],"character_chosen":"IRONCLAD","items_purchased":[],"campfire_rested":3,"item_purchase_floors":[],"current_hp_per_floor":[80,80,80,80,80,80,17,41,41,41,13,37,30,30,54,0,0],"gold":200,"neow_bonus":"THREE_ENEMY_KILL","is_daily":false,"chose_seed":false,"campfire_upgraded":1,"win_rate":0.0,"timestamp":1609989501,"path_taken":["M","?","?","M","M","R","E","R","T","?","M","R","M","?","R","BOSS"],"items_purchased_type":[],"build_version":"2020-12-22","purchased_purges":0,"victory":false,"max_hp_per_floor":[80,80,80,80,80,80,80,80,80,80,80,80,80,80,80,80,80],"relic_stats":{"counters":[8,48],"Tiny Chest":0,"Juzu Bracelet":0,"obtain_stats":[{"NeowsBlessing":0,"Tiny Chest":7,"Juzu Bracelet":9,"Burning Blood":0},{"NeowsBlessing":0,"Tiny Chest":5,"Juzu Bracelet":5,"Burning Blood":0},{"NeowsBlessing":0,"Tiny Chest":26,"Juzu Bracelet":26,"Burning Blood":0}],"Burning Blood":18},"card_choices":[{"not_picked":["Armaments","Twin Strike"],"picked":"Dropkick","floor":1},{"not_picked":["True Grit","Heavy Blade","Cleave"],"picked":"SKIP","floor":3},{"not_picked":["True Grit","Pommel Strike"],"picked":"Blood for Blood","floor":4},{"not_picked":["True Grit","Fiend Fire"],"picked":"Flame Barrier","floor":5},{"not_picked":["Armaments","Cleave"],"picked":"Seeing Red","floor":7},{"not_picked":["Body Slam","Heavy Blade"],"picked":"Infernal Blade","floor":11},{"not_picked":["Armaments","Seeing Red"],"picked":"Rampage","floor":13}],"player_experience":1442408,"relics_obtained":[{"floor":7,"key":"Tiny Chest"},{"floor":9,"key":"Juzu Bracelet"}],"event_choices":[{"damage_healed":0,"gold_gain":0,"player_choice":"Bought 0 Potions","damage_taken":0,"max_hp_gain":0,"max_hp_loss":0,"event_name":"The Woman in Blue","floor":2,"gold_loss":0},{"damage_healed":0,"gold_gain":0,"player_choice":"Fled","damage_taken":0,"max_hp_gain":0,"max_hp_loss":0,"event_name":"Scrap Ooze","floor":10,"gold_loss":0},{"cards_removed":["Strike_R"],"damage_healed":0,"gold_gain":0,"player_choice":"Purged","damage_taken":0,"max_hp_gain":0,"max_hp_loss":0,"event_name":"Purifier","floor":14,"gold_loss":0}],"is_beta":false,"boss_relics":[],"items_purged_floors":[],"is_endless":false,"potions_floor_spawned":[4,7,11],"killed_by":"The Guardian","ascension_level":0}}