{"host":"u5p72gjg7qm9i6r4","time":1609999753,"event":{"mods":["AchievementEnabler","BaseMod","Minty Spire (QoL Compilation)","Rare Cards Sparkle"],"gold_per_floor":[118,193,208,225,71,105,105,131,155,155,215,215,249,260,260,355,355,372,372,372,387,405,405,405,405],"floor_reached":24,"playtime":1071,"items_purged":[],"score":259,"play_id":"f1ca28cc-c2c7-4e5f-93c7-d33c673b0b28","local_time":"20210107000913","is_ascension_mode":true,"campfire_choices":[{"floor":12,"key":"REST"},{"floor":15,"key":"REST"},{"floor":23,"key":"REST"}],"circlet_count":0,"master_deck":["Strike_G","Strike_G","Strike_G","Strike_G","Strike_G","Defend_G","Defend_G","Defend_G","Defend_G","Defend_G","Survivor","Neutralize","Flying Knee","Dodge and Roll","Deadly Poison","Bouncing Flask","Backflip","Dagger Spray","PiercingWail","Dagger Spray","Corpse Explosion","Infinite Blades","Necronomicurse","All Out Attack+1"],"relics":["Ring of the Snake","OrangePellets","Pocketwatch","Art of War","Blood Vial","Toy Ornithopter","Darkstone Periapt","Cursed Key","Necronomicon","MutagenicStrength"],"acts_visited":["Exordium","TheCity"],"potions_floor_usage":[13],"damage_taken":[{"damage":0.0,"enemies":"Jaw Worm","floor":1.0,"turns":5.0},{"damage":0.0,"enemies":"2 Louse","floor":3.0,"turns":4.0},{"damage":5.0,"enemies":"Cultist","floor":4.0,"turns":5.0},{"damage":46.0,"enemies":"Gremlin Nob","floor":6.0,"turns":5.0},{"damage":0.0,"enemies":"3 Louse","floor":7.0,"turns":1.0},{"damage":27.0,"enemies":"3 Sentries","floor":8.0,"turns":12.0},{"damage":11,"enemies":"3 Sentries","floor":11,"turns":9},{"damage":26,"enemies":"Gremlin Nob","floor":13,"turns":4},{"damage":19,"enemies":"Exordium Thugs","floor":14,"turns":3},{"damage":28,"enemies":"Hexaghost","floor":16,"turns":9},{"damage":0,"enemies":"Chosen","floor":18,"turns":5},{"damage":23,"enemies":"2 Thieves","floor":21,"turns":3},{"damage":24,"enemies":"Snake Plant","floor":22,"turns":4},{"damage":58,"enemies":"Book of Stabbing","floor":24,"turns":5}],"seed_played":"-663619164212957456","potions_obtained":[{"floor":3.0,"key":"SmokeBomb"},{"floor":4.0,"key":"Regen Potion"},{"floor":6.0,"key":"SkillPotion"},{"floor":11,"key":"PowerPotion"}],"is_trial":false,"path_per_floor":["M","?","M","M","$","E","M","E","T","?","?","R","E","M","R","B",null,"M","?","?","M","M","R","E"],"character_chosen":"THE_SILENT","items_purchased":["OrangePellets"],"campfire_rested":3,"item_purchase_floors":[5],"current_hp_per_floor":[77,66,66,61,61,15,15,3,3,28,19,42,23,6,29,3,77,77,67,67,46,24,48,0,0],"gold":405,"neow_bonus":"TEN_PERCENT_HP_BONUS","is_daily":false,"chose_seed":false,"campfire_upgraded":0,"win_rate":0.0,"timestamp":1609999753,"path_taken":["M","?","M","M","$","E","M","E","T","?","?","R","E","M","R","BOSS","M","?","?","M","M","R","E"],"items_purchased_type":["Relic"],"build_version":"2020-12-22","purchased_purges":0,"victory":false,"max_hp_per_floor":[77,77,77,77,77,77,77,77,77,77,77,77,77,77,77,77,77,77,83,83,83,83,83,83,83],"card_choices":[{"not_picked":["Deflect","Calculated Gamble"],"picked":"Flying Knee","floor":1.0},{"not_picked":["Outmaneuver","Quick Slash"],"picked":"Dodge and Roll","floor":3.0},{"not_picked":["Acrobatics","Masterful Stab"],"picked":"Deadly Poison","floor":4.0},{"not_picked":["Reflex","Envenom"],"picked":"Bouncing Flask","floor":6.0},{"not_picked":["Outmaneuver","Well Laid Plans"],"picked":"Backflip","floor":8.0},{"not_picked":["Endless Agony","Bane"],"picked":"Dagger Spray","floor":11},{"not_picked":["Tactician","Skewer"],"picked":"PiercingWail","floor":13},{"not_picked":["Deflect","Tactician"],"picked":"Dagger Spray","floor":14},{"not_picked":["Unload","Die Die Die"],"picked":"Corpse Explosion","floor":16},{"not_picked":["Deflect","Blade Dance"],"picked":"Infinite Blades","floor":18},{"not_picked":["Slice","Dagger Throw+1"],"picked":"All Out Attack+1","floor":21},{"not_picked":["Setup","Quick Slash","Masterful Stab"],"picked":"SKIP","floor":22}],"player_experience":94773,"relics_obtained":[{"floor":6.0,"key":"Pocketwatch"},{"floor":8.0,"key":"Art of War"},{"floor":9.0,"key":"Blood Vial"},{"floor":11,"key":"Toy Ornithopter"},{"floor":13,"key":"Darkstone Periapt"},{"floor":19,"key":"Necronomicon"}],"event_choices":[{"damage_healed":0.0,"max_hp_gain":0.0,"max_hp_loss":0.0,"gold_gain":75.0,"event_name":"World of Goop","player_choice":"Gather Gold","floor":2.0,"gold_loss":0.0,"damage_taken":11.0},{"damage_healed":25.0,"max_hp_gain":0.0,"max_hp_loss":0.0,"gold_gain":0.0,"event_name":"Big Fish","player_choice":"Banana","floor":10.0,"gold_loss":0.0,"damage_taken":0.0},{"damage_healed":0,"gold_gain":0,"player_choice":"Searched \u00272\u0027 times","damage_taken":0,"max_hp_gain":0,"max_hp_loss":0,"event_name":"Dead Adventurer","floor":11,"gold_loss":0},{"damage_healed":0,"gold_gain":0,"player_choice":"Obtained Book","damage_taken":16,"max_hp_gain":0,"max_hp_loss":0,"event_name":"Cursed Tome","floor":19,"gold_loss":0},{"damage_healed":0,"gold_gain":0,"player_choice":"Inject Mutagens","damage_taken":0,"relics_obtained":["MutagenicStrength"],"max_hp_gain":0,"max_hp_loss":0,"event_name":"Drug Dealer","floor":20,"gold_loss":0}],"is_beta":false,"boss_relics":[{"not_picked":["Astrolabe","Runic Dome"],"picked":"Cursed Key"}],"items_purged_floors":[],"is_endless":false,"potions_floor_spawned":[3,4,6,11],"killed_by":"Book of Stabbing","ascension_level":4}}