{"host":"m5ct6bi1o27m4mp1","time":1609997359,"event":{"mods":["BaseMod","Hero for Fun","Infinite Spire","Marisa????????","Minty Spire (QoL Compilation)","Prisma Mod","StSLib","The Cursed","The Necromancer"],"gold_per_floor":[118,118,118,118,118,157,157,26,50,93,93,106,139,173,173,262,262,278,33,33,33],"floor_reached":20,"playtime":909,"items_purged":["Wraith Form v2"],"score":417,"play_id":"c3365f55-580c-4526-8759-af81d21c0deb","local_time":"20210107132919","daily_mods":["Draft","Heirloom","Time Dilation","Flight"],"is_ascension_mode":true,"campfire_choices":[{"data":"Demon Form","floor":7,"key":"SMITH"},{"data":"Blood_Is_Power","floor":11,"key":"SMITH"},{"data":"Uncharnel","floor":15,"key":"SMITH"}],"circlet_count":0,"master_deck":["Demon Form+1","Echo Form+1","DevaForm+1","AscendersBane","Bone_Armory","Negative_Energy_Shield","Shade_Step","Negative_Energy_Javelin","Toxic_Smoke_Screen","Uncharnel","Bone_Bullets","Blood_Whip","Bone_Spikes","Blood_Is_Power+1","Stop_Heart","Bone_Bullets","Negative_Energy_Javelin","Uncharnel+1","Bone_Bullets","Bone_Shift","Vampiric_Strike","Requiem","Siphon_Strength","Summon_Death_Knight","Summon_Lich","Summon_Death_Knight","Summon_Undead_Army"],"relics":["Vampire_Amulet","Mango","Golden Idol","infinitespire:CursedDice","MealTicket","The Courier","Eternal Feather","Tiny Chest","Runic Pyramid"],"acts_visited":["Exordium","TheCity"],"potions_floor_usage":[],"damage_taken":[{"damage":8,"enemies":"Cultist","floor":1,"turns":3},{"damage":54,"enemies":"3 Sentries","floor":6,"turns":7},{"damage":20,"enemies":"Lagavulin","floor":10,"turns":5},{"damage":39,"enemies":"Jaw Worm","floor":12,"turns":5},{"damage":62,"enemies":"3 Sentries","floor":13,"turns":7},{"damage":77,"enemies":"Gremlin Nob","floor":14,"turns":5},{"damage":80,"enemies":"The Guardian","floor":16,"turns":7},{"damage":61,"enemies":"Chosen","floor":18,"turns":6},{"damage":47,"enemies":"3 Byrds","floor":20,"turns":4}],"seed_played":"6991555607587746492","potions_obtained":[{"floor":10,"key":"Fire Potion"},{"floor":12,"key":"FairyPotion"}],"is_trial":true,"path_per_floor":["M","?","?","?","?","E","R","$","T","E","R","M","E","E","R","B",null,"M","$","M"],"character_chosen":"NECROMANCER","items_purchased":["Vampiric_Strike","Summon_Lich","Summon_Death_Knight","Summon_Undead_Army"],"campfire_rested":0,"item_purchase_floors":[8,19,19,19],"current_hp_per_floor":[72,77,46,46,46,90,90,90,90,90,90,90,90,90,90,90,90,90,90,90,90],"gold":33,"neow_bonus":"","is_daily":false,"chose_seed":false,"campfire_upgraded":3,"win_rate":0.0,"timestamp":1609997359,"path_taken":["M","?","?","?","?","E","R","$","T","E","R","?","E","E","R","BOSS","M","$","M"],"items_purchased_type":["Card","Card","Card","Card"],"build_version":"2020-12-22","purchased_purges":1,"victory":false,"max_hp_per_floor":[85,90,90,90,90,90,90,90,90,90,90,90,90,90,90,90,90,90,90,90,90],"card_choices":[{"not_picked":["Bone_Spikes","Bone_Shift"],"picked":"Bone_Armory","floor":0},{"not_picked":["Bone_Spikes","Toxic_Smoke_Screen"],"picked":"Negative_Energy_Shield","floor":0},{"not_picked":["Death_Coil","Bone_Prison"],"picked":"Shade_Step","floor":0},{"not_picked":["Shackles_Of_Pain","Toxic_Smoke_Screen"],"picked":"Negative_Energy_Javelin","floor":0},{"not_picked":["Bone_Spikes","Spectral_Walk"],"picked":"Toxic_Smoke_Screen","floor":0},{"not_picked":["Bones_to_Steel","Blood_for_Blood"],"picked":"Uncharnel","floor":0},{"not_picked":["Finger_Of_Death","Spectral_Walk"],"picked":"Bone_Bullets","floor":0},{"not_picked":["Exploit","Shackles_Of_Pain"],"picked":"Blood_Whip","floor":0},{"not_picked":["Violent_Necrosis","Consume_Illness"],"picked":"Bone_Spikes","floor":0},{"not_picked":["Finger_Of_Death","Blood_Whip"],"picked":"Blood_Is_Power","floor":0},{"not_picked":["Shackles_Of_Pain","Necrotic_Claws"],"picked":"Stop_Heart","floor":0},{"not_picked":["Consume_Illness","Finger_Of_Death"],"picked":"Bone_Bullets","floor":0},{"not_picked":["Bone_Spikes","Negative_Energy_Shield"],"picked":"Negative_Energy_Javelin","floor":0},{"not_picked":["Blood_for_Blood","Stop_Heart"],"picked":"Uncharnel","floor":0},{"not_picked":["Slay_Living","Plague_Bolt"],"picked":"Bone_Bullets","floor":0},{"not_picked":["Negative_Energy_Sphere","Blood_Whip","Strike_from_Beyond"],"picked":"SKIP","floor":1},{"not_picked":["Toxic_Smoke_Screen","Spectral_Armor"],"picked":"Bone_Shift","floor":6},{"not_picked":["Bone_Armory","Death_Coil","Negative_Energy_Shield"],"picked":"SKIP","floor":10},{"not_picked":["Toxic_Smoke_Screen","Blood_Curse","Bone_Armor"],"picked":"SKIP","floor":12},{"not_picked":["Flesh_Made_Foul","Slay_Living"],"picked":"Requiem","floor":13},{"not_picked":["Epidemic","Life_Drain"],"picked":"Siphon_Strength","floor":14},{"not_picked":["Summon_Vampire_Lady","Negative_Energy_Bomb"],"picked":"Summon_Death_Knight","floor":16},{"not_picked":["Negative_Energy_Javelin+1","Shackles_Of_Pain","Bone_Armor"],"picked":"SKIP","floor":18}],"player_experience":44146,"relics_obtained":[{"floor":6,"key":"infinitespire:CursedDice"},{"floor":9,"key":"MealTicket"},{"floor":10,"key":"The Courier"},{"floor":13,"key":"Eternal Feather"},{"floor":14,"key":"Tiny Chest"}],"event_choices":[{"damage_healed":0,"gold_gain":0,"player_choice":"Donut","damage_taken":0,"max_hp_gain":5,"max_hp_loss":0,"event_name":"Big Fish","floor":2,"gold_loss":0},{"damage_healed":0,"gold_gain":0,"player_choice":"Take Damage","damage_taken":31,"relics_obtained":["Golden Idol"],"max_hp_gain":0,"max_hp_loss":0,"event_name":"Golden Idol","floor":3,"gold_loss":0},{"damage_healed":0,"gold_gain":0,"player_choice":"Grow","damage_taken":0,"max_hp_gain":0,"max_hp_loss":0,"event_name":"Living Wall","floor":4,"gold_loss":0,"cards_upgraded":["Echo Form"]}],"is_beta":false,"boss_relics":[{"not_picked":["Ectoplasm","Fusion Hammer"],"picked":"Runic Pyramid"}],"items_purged_floors":[8],"is_endless":false,"potions_floor_spawned":[10,12,14],"killed_by":"3 Byrds","ascension_level":20}}