{"host":"17xjy7b7ubl548g2","time":1609993945,"event":{"mods":["2.2 Compatiblity","Act Like it!","Aspiration","Astrologer","Bard","BaseMod","Bestiary","Challenge The Spire","ChefMod","Colored Map","Conspire","Elementarium","Energized Spire","Gensokyo","GifTheSpireLib","Halation","Hallownest","Hubris","Infinite Spire","Jedi Mod","Jorbs\u0027s Wanderer Trilogy","Marisa（霧雨　魔理沙）","Marked Mod","Menagerie","Minty Spire (QoL Compilation)","Pale of the Ancients","Permanent Neow","Puzzle Mod","Replay The Spire","Robot Space Explorer","Spicy Shops","StSLib","Stuff the Spire","The Blue Laboratory","The Bug Knight","The Construct","The Disciple","The Factory","The Hayseed","The Hierophant","The Marked","The Runesmith","The Sage","TheFirefly"],"gold_per_floor":[119,119,149,165,180,180,207,217,217,232,232,252,11,23,23,124,124,142,162,173,191,205,205,235,2,28,28,40,56,85,85,85,188,188,202,217,147,147,147,147,147,147,147,147,147,147,147,147,147,147,147,147,40,40,40],"floor_reached":56,"playtime":10477,"items_purged":["HollowMod:NailStrikeStart","Pain","HollowMod:NailStrikeStart"],"score":1640,"play_id":"ac91da53-f78c-4372-8481-285ae3b58f36","local_time":"20210106233225","is_ascension_mode":true,"campfire_choices":[{"data":"HollowMod:FocusHealStart","floor":6.0,"key":"SMITH"},{"data":"HollowMod:DesolateDive","floor":11.0,"key":"SMITH"},{"data":"HollowMod:DungDefenderAura","floor":15.0,"key":"SMITH"},{"data":"HollowMod:BaldurShell","floor":23.0,"key":"SMITH"},{"data":"HollowMod:SoulSplash","floor":27.0,"key":"SMITH"},{"data":"StuffTheSpire:CelestialWarden","floor":32,"key":"SMITH"},{"data":"HollowMod:PerfectDash","floor":40,"key":"SMITH"},{"data":"HollowMod:SlysStrikes","floor":42,"key":"SMITH"},{"floor":45,"key":"RECALL"},{"data":"HollowMod:CoiledNail","floor":49,"key":"SMITH"},{"data":"HollowMod:DoubleDash","floor":52,"key":"SMITH"}],"circlet_count":0,"master_deck":["HollowMod:NailStrikeStart","HollowMod:FocusHealStart+1","HollowMod:PogoStrike","Hallownest:skillSlugHide","Hallownest:skillSlugHide","Hallownest:skillSlugHide","Hallownest:skillSlugHide","Hallownest:skillSlugHide","HollowMod:DungDefenderAura+1","HollowMod:InfectedAttack","HollowMod:ChannelNail","HollowMod:CoiledNail+1","HollowMod:DesolateDive+1","HollowMod:PureNailStrike","HollowMod:InfectedAttack+1","HollowMod:GoodIntentions","Replay:Bootleg Shield Generator","HollowMod:HeavyBlow+1","HollowMod:DesolateDive+1","HollowMod:LifebloodCore","HollowMod:PerfectDash+1","HollowMod:DoubleDash+1","HollowMod:DashSlash+1","HollowMod:CycloneSlash+1","HollowMod:BaldurShell+1","HollowMod:SoulSplash+1","HollowMod:InfectedCysts+1","StuffTheSpire:CelestialWarden+1","HollowMod:SlysStrikes+1","HollowMod:CycloneSlash+1","HollowMod:HeavyBlow+1","HollowMod:HornetsHelp+1","HollowMod:DungDefenderAura+1","HollowMod:GrimmsGift+1","HollowMod:TaintedHusks+1","HollowMod:QuirrelsAssistance+1","infinitespire:SevenWalls+1","infinitespire:Gouge+1","HollowMod:CloakDash+1","HollowMod:SoulShaman","Pride"],"relics":["HollowMod:KingsSoulRelic","Eternal Feather","Gambling Chip","Molten Egg 2","construct:ClawGrip","Blood Vial","Membership Card","HollowMod:IsmasTear","HollowMod:MillibellesNoteRelic","jedi:ominousloannote","Happy Flower","Vajra","Oddly Smooth Stone","Incense Burner","Lee\u0027s Waffle","HollowMod:LifeEnderRelic","SlaversCollar","Nunchaku","Pet Ghost"],"acts_visited":["Exordium","Hallownest:Greenpath","Hallownest:CityofTears","TheEnding"],"potions_floor_usage":[29,30,35,39,54,55,55,55],"damage_taken":[{"damage":1.0,"enemies":"Hallownest:2_Baldur","floor":1.0,"turns":3.0},{"damage":42.0,"enemies":"Hallownest:eliteCrystalGuardian","floor":3.0,"turns":9.0},{"damage":8.0,"enemies":"Hallownest:2_Tiktiks_and_1_Crawlid","floor":4.0,"turns":5.0},{"damage":0.0,"enemies":"2_ Uuma","floor":5.0,"turns":7.0},{"damage":6.0,"enemies":"Hallownest:eliteMossKnight","floor":7.0,"turns":7.0},{"damage":21.0,"enemies":"Hallownest:Guard_and_Warrior","floor":8.0,"turns":6.0},{"damage":4.0,"enemies":"Hallownest:monsterFoolEater","floor":10.0,"turns":4.0},{"damage":8.0,"enemies":"Hallownest:2_Tiktiks_1_Baldur_1_Crawlid","floor":12.0,"turns":2.0},{"damage":6.0,"enemies":"Hallownest:1_Baldur_1_Crawlid_1_Warrior","floor":14.0,"turns":6.0},{"damage":61.0,"enemies":"Hallownest:BossBrokenVessel","floor":16.0,"turns":9.0},{"damage":0.0,"enemies":"Hallownest:2_Mistakes","floor":18.0,"turns":9.0},{"damage":2.0,"enemies":"Hallownest:3_Youths","floor":19.0,"turns":6.0},{"damage":2.0,"enemies":"Hallownest:monsterShrumalOgre","floor":20.0,"turns":5.0},{"damage":30.0,"enemies":"Hallownest:3_Mistakes","floor":21.0,"turns":14.0},{"damage":15.0,"enemies":"Hallownest:2_Husk_Sentries","floor":22.0,"turns":5.0},{"damage":4.0,"enemies":"Hallownest:eliteSoulWarrior","floor":24.0,"turns":8.0},{"damage":0.0,"enemies":"Hallownest:Master_and_Novice","floor":28.0,"turns":5.0},{"damage":19,"enemies":"Hallownest:3_Mistakes","floor":29,"turns":8},{"damage":13,"enemies":"Hallownest:eliteWatcherKnight","floor":30,"turns":14},{"damage":9,"enemies":"Hallownest:BossMantisLord","floor":33,"turns":7},{"damage":11,"enemies":"Hallownest:3_Siblings","floor":35,"turns":8},{"damage":7,"enemies":"Hallownest:2_Littles","floor":36,"turns":4},{"damage":9,"enemies":"Hallownest:2_Soldiers_and_1_Guardian","floor":39,"turns":5},{"damage":0,"enemies":"Hallownest:eliteCollector","floor":41,"turns":8},{"damage":4,"enemies":"Hallownest:2_Great","floor":44,"turns":4},{"damage":0,"enemies":"Hallownest:monsterPrimalAspid","floor":46,"turns":4},{"damage":0,"enemies":"Hallownest:Radiance","floor":50,"turns":8},{"damage":5,"enemies":"Shield and Spear","floor":54,"turns":6},{"damage":1,"enemies":"The Heart","floor":55,"turns":9}],"seed_played":"166335023491071393","potions_obtained":[{"floor":3.0,"key":"blueLaboratory:AbyssPotion"},{"floor":8.0,"key":"jedi:StrikingPotion"},{"floor":10.0,"key":"Energy Potion"},{"floor":14.0,"key":"Strength Potion"},{"floor":16.0,"key":"blueLaboratory:LouseDecoction"},{"floor":24.0,"key":"Energy Potion"},{"floor":28.0,"key":"AttackPotion"},{"floor":29,"key":"blueLaboratory:CorrosionFlask"},{"floor":35,"key":"blueLaboratory:LouseDecoction"},{"floor":39,"key":"blueLaboratory:ExaltedPotion"},{"floor":44,"key":"SpeedPotion"},{"floor":46,"key":"blueLaboratory:PhilterOfMotion"}],"is_trial":false,"path_per_floor":["M","?","?","M","M","R","E","M","T","M","R","M","$","M","R","B",null,"M","M","M","M","M","R","E","$","T","R","M","M","E","?","R","B",null,"M","M","$","?","M","R","E","R","T","M","R","M","?","AVR","R","B",null,"R","$","E","B",null],"character_chosen":"THE_BUGKNIGHT","items_purchased":["Replay:Bootleg Shield Generator","HollowMod:HeavyBlow+1","Membership Card","HollowMod:IsmasTear","jedi:ominousloannote","Happy Flower","Vajra","Oddly Smooth Stone","Incense Burner","Lee\u0027s Waffle","HollowMod:HornetsHelp+1","HollowMod:CloakDash+1","Nunchaku","PowerPotion"],"campfire_rested":0,"item_purchase_floors":[13,13,25,25,37,37,37,37,37,37,37,53,53,53],"current_hp_per_floor":[73,73,41,39,49,58,62,47,47,53,62,54,54,48,60,9,59,69,73,75,51,42,57,59,59,59,74,75,66,65,65,75,66,73,70,65,82,82,79,82,82,82,82,78,82,82,62,62,62,62,62,62,62,62,62],"gold":40,"neow_bonus":"RANDOM_EVENT","is_daily":false,"chose_seed":false,"campfire_upgraded":10,"win_rate":0.0,"timestamp":1609993945,"path_taken":["M","?","?","?","M","R","E","M","T","M","R","M","$","M","R","BOSS","M","?","M","?","M","R","E","$","T","R","M","M","E","?","R","BOSS","M","M","$","?","M","R","E","R","T","M","R","M","?","AVR","R","BOSS","R","$","E","BOSS"],"items_purchased_type":["Card","Card","Relic","Relic","Relic","Relic","Relic","Relic","Relic","Relic","Card","Card","Relic","Potion"],"build_version":"2020-12-22","purchased_purges":3,"victory":true,"max_hp_per_floor":[75,75,75,75,75,75,75,75,75,75,75,75,75,75,75,75,75,75,75,75,75,75,75,75,75,75,75,75,75,75,75,75,75,75,75,75,82,82,82,82,82,82,82,82,82,82,62,62,62,62,62,62,62,62,62],"card_choices":[{"not_picked":["HollowMod:GoodIntentions","HollowMod:VengefulVoid"],"picked":"HollowMod:DungDefenderAura","floor":1.0},{"not_picked":["HollowMod:SharpenedNail","HollowMod:DescendingDark"],"picked":"HollowMod:InfectedAttack","floor":3.0},{"not_picked":["HollowMod:LuriensSpire","HollowMod:VengefulVoid"],"picked":"HollowMod:ChannelNail","floor":4.0},{"not_picked":["HollowMod:NewJinnsSoul","HollowMod:ShapeofUnn"],"picked":"HollowMod:CoiledNail","floor":5.0},{"not_picked":["HollowMod:RadiancesLament","HollowMod:NewGlowingWomb"],"picked":"HollowMod:DesolateDive","floor":7.0},{"not_picked":["HollowMod:DescendingDark","HollowMod:LifebloodCocoon"],"picked":"HollowMod:PureNailStrike","floor":8.0},{"not_picked":["HollowMod:VengefulVoid+1","HollowMod:WraithStrike+1"],"picked":"HollowMod:InfectedAttack+1","floor":10.0},{"not_picked":["HollowMod:WhiteLadysBlessing","HollowMod:PureNailStrike+1"],"picked":"HollowMod:GoodIntentions","floor":12.0},{"not_picked":["HollowMod:CrystalDash","HollowMod:CornifersMapStart"],"picked":"HollowMod:DesolateDive+1","floor":14.0},{"not_picked":["HollowMod:Hiveblood","HollowMod:NewInfectedGuardian"],"picked":"HollowMod:LifebloodCore","floor":16.0},{"not_picked":["HollowMod:ShadowDash+1","HollowMod:TaintedHusks+1"],"picked":"HollowMod:PerfectDash","floor":18.0},{"not_picked":["HollowMod:CycloneSlash+1","HollowMod:CrystalDash"],"picked":"HollowMod:DoubleDash","floor":19.0},{"not_picked":["HollowMod:WraithStrike+1","HollowMod:CycloneSlash+1"],"picked":"HollowMod:DashSlash+1","floor":20.0},{"not_picked":["HollowMod:DoubleDash","HollowMod:SiblingsSouls"],"picked":"HollowMod:CycloneSlash+1","floor":21.0},{"not_picked":["HollowMod:RecoilStrike+1","HollowMod:RadiancesLament"],"picked":"HollowMod:BaldurShell","floor":22.0},{"not_picked":["HollowMod:InfectedCysts+1","HollowMod:ShadowDash"],"picked":"HollowMod:SoulSplash","floor":24.0},{"not_picked":["HollowMod:ShadowDash","HollowMod:SiblingsSouls","HollowMod:LifebloodCocoon"],"picked":"SKIP","floor":28.0},{"not_picked":["HollowMod:SoulSplash","HollowMod:WraithStrike+1"],"picked":"HollowMod:InfectedCysts+1","floor":29},{"not_picked":["HollowMod:CornifersMapStart+1","HollowMod:SoulSplash","HollowMod:GrimmsGift"],"picked":"SKIP","floor":30},{"not_picked":["StuffTheSpire:Perfection","StuffTheSpire:Ambrosia"],"picked":"StuffTheSpire:CelestialWarden","floor":31},{"not_picked":["HollowMod:Weaversong","HollowMod:VoidDash"],"picked":"HollowMod:SlysStrikes","floor":33},{"not_picked":["HollowMod:ShapeofUnn+1","HollowMod:HeavyBlow+1"],"picked":"HollowMod:CycloneSlash+1","floor":35},{"not_picked":["HollowMod:ChannelNail+1","HollowMod:Grubsong"],"picked":"HollowMod:HeavyBlow+1","floor":36},{"not_picked":["HollowMod:ChannelNail","HollowMod:SiblingsSouls"],"picked":"HollowMod:DungDefenderAura+1","floor":39},{"not_picked":["HollowMod:DesolateDive+1","HollowMod:CycloneSlash+1"],"picked":"HollowMod:GrimmsGift+1","floor":41},{"not_picked":["HollowMod:MonarchWings+1","HollowMod:SoulVessel"],"picked":"HollowMod:TaintedHusks+1","floor":44},{"not_picked":["HollowMod:RecoilStrike+1","HollowMod:GrimmsGift+1"],"picked":"HollowMod:QuirrelsAssistance+1","floor":46},{"not_picked":["HollowMod:BaldurShell+1","HollowMod:BlackTendrils+1"],"picked":"HollowMod:SoulShaman","floor":54}],"player_experience":1705107,"relics_obtained":[{"floor":3.0,"key":"Eternal Feather"},{"floor":7.0,"key":"Gambling Chip"},{"floor":9.0,"key":"Molten Egg 2"},{"floor":24.0,"key":"Blood Vial"},{"floor":26.0,"key":"HollowMod:MillibellesNoteRelic"},{"floor":30,"key":"jedi:crownofsimplicity"},{"floor":41,"key":"HollowMod:LifeEnderRelic"},{"floor":54,"key":"Pet Ghost"}],"event_choices":[{"damage_healed":0.0,"max_hp_gain":0.0,"max_hp_loss":0.0,"gold_gain":0.0,"event_name":"conspire:Investor","player_choice":"Leave","floor":2.0,"gold_loss":0.0,"damage_taken":0.0}],"is_beta":false,"boss_relics":[{"not_picked":["Tiny House","aspiration:SilentSkillbook"],"picked":"construct:ClawGrip"},{"not_picked":["StuffTheSpire:Kangaroo","halation:CatFaceCupcake"],"picked":"HollowMod:KingsSoulRelic"}],"items_purged_floors":[13,37,48],"is_endless":false,"potions_floor_spawned":[3,8,10,14,16,20,24,28,29,35,39,44,46,54],"ascension_level":8}}