{"host":"9hmnsypyq1c5u7i3","time":1609999866,"event":{"mods":["BaseMod","Downfall","Minty Spire (QoL Compilation)","Quick Restart","StSLib"],"gold_per_floor":[99,113,131,131,32,47,74,23,23,37,37,50,50,79,97,193,193,193,193,204,304,65,65,117,129,162,47,65,65,75,93,106,208,208,133,144,160,107,107,32,32,51,51,66,66,143,54,104,116,116],"floor_reached":51,"playtime":9142,"items_purged":["Guardian:Defend_Guardian","Guardian:Strike_Guardian","Guardian:Defend_Guardian"],"score":644,"play_id":"2414fcf8-f3e2-4c14-ae07-90b68f5bbfb8","local_time":"20210107001106","is_ascension_mode":false,"campfire_choices":[{"data":"Guardian:CurlUp","floor":1.0,"key":"SMITH"},{"data":"Guardian:RevengeProtocol","floor":9.0,"key":"SMITH"},{"data":"Guardian:Clone","floor":11.0,"key":"SMITH"},{"data":"Guardian:AncientConstruct","floor":13.0,"key":"SMITH"},{"data":"Guardian:DecasProtection","floor":18.0,"key":"SMITH"},{"data":"Guardian:PiercingHide","floor":29.0,"key":"SMITH"},{"floor":35.0,"key":"RECALL"},{"floor":40.0,"key":"DIG"},{"floor":43.0,"key":"DIG"},{"floor":45.0,"key":"DIG"}],"circlet_count":0,"master_deck":["Guardian:Strike_Guardian","Guardian:Strike_Guardian","Guardian:Strike_Guardian","Guardian:Defend_Guardian","Guardian:CurlUp+1","Guardian:TwinSlam","Guardian:Clone+1","Guardian:RevengeProtocol+1","expansioncontent:PrepareCrush","Guardian:ShieldCharger","Guardian:AncientConstruct+1","Guardian:GuardianWhirl","Guardian:PiercingHide+1","Guardian:SpikerProtocol","Guardian:DecasProtection+1","Guardian:GuardianWhirl","Guardian:PiercingHide+1","Guardian:RollAttack+1","Guardian:BronzeOrb+1","Guardian:DonusPower+1","Guardian:RevengeProtocol","Guardian:EvasiveProtocol+1","expansioncontent:Collect","expansioncontent:Chronoboost","Guardian:Gem_Cyan","Guardian:Gem_Red","Guardian:PrismaticBarrier+1","expansioncontent:SuperHexaguard"],"relics":["Guardian:ModeShifter","Ancient Tea Set","Mercury Hourglass","Runic Pyramid","FossilizedHelix","StrikeDummy","Guardian:BottledStasis","Pen Nib","Pantograph","Fusion Hammer","downfall:HeartBlessingGreen","Shovel","downfall:HeartBlessingRed","Turnip","Guardian:SackOfGems","Sundial","Letter Opener","Question Card","TungstenRod"],"acts_visited":["Exordium","TheCity","TheBeyond"],"potions_floor_usage":[],"damage_taken":[{"damage":0.0,"enemies":"Cultist","floor":2.0,"turns":3.0},{"damage":1.0,"enemies":"Jaw Worm","floor":3.0,"turns":5.0},{"damage":0.0,"enemies":"downfall:FleeingMerchant","floor":5.0,"turns":4.0},{"damage":0.0,"enemies":"Small Slimes","floor":6.0,"turns":2.0},{"damage":0.0,"enemies":"downfall:FleeingMerchant","floor":8.0,"turns":4.0},{"damage":13.0,"enemies":"2 Fungi Beasts","floor":10.0,"turns":3.0},{"damage":5.0,"enemies":"Large Slime","floor":12.0,"turns":6.0},{"damage":12.0,"enemies":"Gremlin Nob","floor":14.0,"turns":5.0},{"damage":0.0,"enemies":"Exordium Thugs","floor":15.0,"turns":2.0},{"damage":26.0,"enemies":"downfall:Watcher","floor":16.0,"turns":10.0},{"damage":4.0,"enemies":"3 Byrds","floor":20.0,"turns":3.0},{"damage":18.0,"enemies":"Colosseum Nobs","floor":21.0,"turns":5.0},{"damage":0.0,"enemies":"downfall:FleeingMerchant","floor":22.0,"turns":4.0},{"damage":0.0,"enemies":"Spheric Guardian","floor":25.0,"turns":3.0},{"damage":2.0,"enemies":"Book of Stabbing","floor":26.0,"turns":5.0},{"damage":10.0,"enemies":"downfall:FleeingMerchant","floor":27.0,"turns":4.0},{"damage":3.0,"enemies":"Centurion and Healer","floor":28.0,"turns":4.0},{"damage":2.0,"enemies":"Shelled Parasite and Fungi","floor":30.0,"turns":3.0},{"damage":0.0,"enemies":"Cultist and Chosen","floor":31.0,"turns":5.0},{"damage":0.0,"enemies":"Snecko","floor":32.0,"turns":4.0},{"damage":2.0,"enemies":"downfall:Defect","floor":33.0,"turns":8.0},{"damage":0.0,"enemies":"3 Darklings","floor":36.0,"turns":3.0},{"damage":0.0,"enemies":"3 Shapes","floor":37.0,"turns":3.0},{"damage":0.0,"enemies":"downfall:FleeingMerchant","floor":38.0,"turns":2.0},{"damage":0.0,"enemies":"Sphere and 2 Shapes","floor":42.0,"turns":3.0},{"damage":0.0,"enemies":"Spire Growth","floor":44.0,"turns":6.0},{"damage":0,"enemies":"Mind Bloom Boss Battle","floor":48,"turns":5},{"damage":7,"enemies":"3 Darklings","floor":49,"turns":3},{"damage":19,"enemies":"downfall:Silent","floor":50,"turns":9}],"seed_played":"-8217579700045418807","potions_obtained":[{"floor":3.0,"key":"Block Potion"},{"floor":4.0,"key":"Guardian:StasisDiscoveryPotion"},{"floor":4.0,"key":"Explosive Potion"},{"floor":6.0,"key":"DistilledChaos"},{"floor":14.0,"key":"Explosive Potion"},{"floor":15.0,"key":"Guardian:DefensiveModePotion"},{"floor":16.0,"key":"EntropicBrew"},{"floor":21.0,"key":"Slimebound:ThreeZeroPotion"},{"floor":26.0,"key":"hexamod:EctoCoolerPotion"},{"floor":30.0,"key":"Slimebound:ThreeZeroPotion"},{"floor":32.0,"key":"Energy Potion"},{"floor":33.0,"key":"DuplicationPotion"}],"is_trial":false,"path_per_floor":["R","M","M","?","$","M","T","$","R","M","R","M","R","E","M","B",null,"R","?","M","?","$","?","T","M","E","$","M","R","M","M","M","B",null,"R","M","M","$","?","R","T","M","R","M","R","?","$","?","M","B",null],"character_chosen":"GUARDIAN","items_purchased":["expansioncontent:PrepareCrush","Guardian:GuardianWhirl","Guardian:BottledStasis","Shovel","expansioncontent:SuperHexaguard"],"campfire_rested":0,"item_purchase_floors":[5,8,22,38,47],"current_hp_per_floor":[88,88,87,87,87,87,87,87,87,74,74,69,69,57,57,31,88,88,88,84,66,66,66,66,66,64,54,51,51,49,49,49,72,88,88,88,88,88,78,78,78,78,78,78,78,78,78,88,81,69],"gold":116,"neow_bonus":"TEN_PERCENT_HP_BONUS","is_daily":false,"chose_seed":false,"campfire_upgraded":6,"win_rate":0.0,"timestamp":1609999866,"path_taken":["R","M","M","?","$","M","T","$","R","?","R","M","R","E","M","BOSS","R","?","M","?","$","?","T","M","E","$","M","R","M","M","M","BOSS","R","M","M","$","?","R","T","M","R","M","R","?","$","?","M","BOSS"],"items_purchased_type":["Card","Card","Relic","Relic","Card"],"build_version":"2020-12-22","purchased_purges":3,"victory":true,"max_hp_per_floor":[88,88,88,88,88,88,88,88,88,88,88,88,88,88,88,88,88,88,88,88,88,88,88,88,88,88,88,88,88,88,88,88,88,88,88,88,88,88,88,88,88,88,88,88,88,88,88,88,88,88],"card_choices":[{"not_picked":["Guardian:Recover","Guardian:FloatingOrbs"],"picked":"Guardian:Clone","floor":2.0},{"not_picked":["Guardian:Gem_Lightblue","Guardian:WalkerClaw","Guardian:Incinerate"],"picked":"SKIP","floor":3.0},{"not_picked":["Guardian:RefractedBeam","Guardian:Gem_Purple"],"picked":"Guardian:RevengeProtocol","floor":5.0},{"not_picked":["Guardian:VentSteam","Guardian:PiercingHide"],"picked":"Guardian:ShieldCharger","floor":6.0},{"not_picked":["Guardian:Gem_Green","Guardian:TemporalShield"],"picked":"Guardian:AncientConstruct","floor":8.0},{"not_picked":["Guardian:Reroute","Guardian:TemporalStrike"],"picked":"Guardian:Gem_Cyan","floor":10.0},{"not_picked":["Guardian:Clone","Guardian:Recover"],"picked":"Guardian:PiercingHide","floor":12.0},{"not_picked":["Guardian:PrimingBeam","Guardian:TemporalStrike"],"picked":"Guardian:SpikerProtocol","floor":14.0},{"not_picked":["Guardian:BronzeOrb","Guardian:PrismaticBarrier"],"picked":"Guardian:DecasProtection","floor":15.0},{"not_picked":["Guardian:BaubleBeam","Guardian:FastForward"],"picked":"Guardian:Gem_Orange","floor":16.0},{"not_picked":["Guardian:Planning","Guardian:Incinerate","Guardian:PiercingHide"],"picked":"SKIP","floor":20.0},{"not_picked":["Guardian:DonusPower+1","Guardian:Recover"],"picked":"Guardian:Gem_Blue","floor":21.0},{"not_picked":["Guardian:CrystalBeam+1","Guardian:Reroute"],"picked":"Guardian:PiercingHide+1","floor":22.0},{"not_picked":["Guardian:Reroute","Guardian:BronzeArmor","Guardian:Gem_Cyan"],"picked":"SKIP","floor":25.0},{"not_picked":["Guardian:Gem_Crimson","Guardian:DecasProtection"],"picked":"Guardian:RollAttack+1","floor":26.0},{"not_picked":["Guardian:StasisStrike","Guardian:TemporalStrike+1","Guardian:Reroute+1"],"picked":"SKIP","floor":27.0},{"not_picked":["Guardian:ShieldCharger","Guardian:TimeBomb"],"picked":"Guardian:Gem_Purple","floor":28.0},{"not_picked":["Guardian:PrismaticBeam","Guardian:TemporalShield+1"],"picked":"Guardian:BronzeOrb+1","floor":30.0},{"not_picked":["Guardian:PiercingHide","Guardian:TemporalShield","Guardian:RollAttack"],"picked":"SKIP","floor":31.0},{"not_picked":["Guardian:Preprogram","Guardian:Incinerate"],"picked":"Guardian:DonusPower+1","floor":32.0},{"not_picked":["Guardian:AncientConstruct","Guardian:Gem_Orange"],"picked":"Guardian:RevengeProtocol","floor":33.0},{"not_picked":["Guardian:ArmoredProtocol","Guardian:TimeBomb","Guardian:Repulse+1"],"picked":"SKIP","floor":36.0},{"not_picked":["Guardian:Gem_Cyan","Guardian:Recover","Guardian:VentSteam"],"picked":"SKIP","floor":37.0},{"not_picked":["Guardian:PrismaticBarrier","Guardian:Recover"],"picked":"Guardian:EvasiveProtocol+1","floor":38.0},{"not_picked":["expansioncontent:SlimeTackle","expansioncontent:BronzeBeam"],"picked":"expansioncontent:Collect","floor":39.0},{"not_picked":["expansioncontent:DarkVoid","expansioncontent:Flail"],"picked":"expansioncontent:Chronoboost","floor":39.0},{"not_picked":["Guardian:ShieldSpikes","Guardian:Planning"],"picked":"Guardian:Gem_Purple","floor":42.0},{"not_picked":["Guardian:ChargeCore+1","Guardian:TimeCapacitor+1"],"picked":"Guardian:PrismaticBarrier+1","floor":44.0},{"not_picked":["Guardian:Gem_Crimson","Guardian:SentryBeam+1","Guardian:Preprogram+1","Guardian:Gem_Lightblue"],"picked":"SKIP","floor":49}],"player_experience":805622,"relics_obtained":[{"floor":7.0,"key":"Ancient Tea Set"},{"floor":14.0,"key":"Mercury Hourglass"},{"floor":21.0,"key":"FossilizedHelix"},{"floor":21.0,"key":"StrikeDummy"},{"floor":24.0,"key":"Pen Nib"},{"floor":26.0,"key":"Pantograph"},{"floor":40.0,"key":"Turnip"},{"floor":41.0,"key":"Guardian:SackOfGems"},{"floor":43.0,"key":"Sundial"},{"floor":45.0,"key":"Letter Opener"},{"floor":46.0,"key":"Question Card"},{"floor":48,"key":"TungstenRod"}],"event_choices":[{"damage_healed":0.0,"max_hp_gain":0.0,"max_hp_loss":0.0,"gold_gain":0.0,"event_name":"Lab","player_choice":"Got Potions","floor":4.0,"gold_loss":0.0,"damage_taken":0.0},{"damage_healed":0.0,"max_hp_gain":0.0,"max_hp_loss":0.0,"gold_gain":0.0,"event_name":"The Library","player_choice":"Read","floor":19.0,"gold_loss":0.0,"damage_taken":0.0,"cards_obtained":["Guardian:GuardianWhirl"]}],"is_beta":false,"boss_relics":[{"not_picked":["Calling Bell","Coffee Dripper"],"picked":"Runic Pyramid"},{"not_picked":["Velvet Choker","Black Star"],"picked":"Fusion Hammer"}],"items_purged_floors":[22,27,38],"is_endless":false,"potions_floor_spawned":[3,6,14,15,16,20,21,26,30,32,33,36,44,48],"ascension_level":0}}