{"host":"jtxptf9isiqyc7jm","time":1609986812,"event":{"mods":["Act Like it!","BaseMod","Bestiary","BetterRewards","Colored Powertips","Custom Start","Downfall","Friendly Minions","Hermit","Hubris","Infinite Spire","Jorbs\u0027s Wanderer Trilogy","Kiyohime????","Koishi","Lobotomy","Marisa????????","Minty Spire (QoL Compilation)","Prisma Mod","Remilia??????","Replay The Spire","Shop Mod","StSLib","The Construct","The Cursed","The Disciple","The Hierophant","The Jungle","The Runesmith","The Senshi","The Servant 0.9.4"],"gold_per_floor":[119,137,345,364,192,192,219,219,268,287,287,318,318,329,329,425,425,443,443,455,430,430,430,430,430,430,430,430,454,482,510,510,520,520],"floor_reached":33,"playtime":1620,"items_purged":[],"score":255,"play_id":"b0a6a0d2-dc77-415d-9f2f-e09b82aee188","local_time":"20210107023332","is_ascension_mode":false,"campfire_choices":[{"data":"Anger","floor":6,"key":"SMITH"},{"floor":13,"key":"REST"},{"floor":15,"key":"REST"},{"floor":23,"key":"REST"},{"floor":25,"key":"REST"},{"data":"Heavy Blade","floor":27,"key":"SMITH"},{"floor":32,"key":"REST"}],"circlet_count":0,"master_deck":["Strike_R","Strike_R","Strike_R","Strike_R","Strike_R+1","Defend_R+1","Defend_R","Defend_R","Defend_R","Bash","Pommel Strike","Cleave","Twin Strike","Searing Blow","Rupture","Flex","Anger+1","Replay:Many Hands","Heavy Blade+1","Anger","Burning Pact","Fiend Fire","CurseOfTheBell","Pot Of Greed","Pot Of Greed","Fire Breathing+1","Pot Of Greed","Heavy Blade","Shrug It Off","Combust+1","Infernal Blade","Armaments"],"relics":["m_GuardianBlood","infinitespire:Golems Mask","infinitespire:Cubic Diamond","Simple Rune","TungstenRod","Calling Bell","Grinning Jar","Runesmith:Nanobots","Replay:Kaleidoscope","Replay:Bandana","infinitespire:WardingShard","infinitespire:Broken Mirror"],"acts_visited":["Exordium","TheCity"],"potions_floor_usage":[16,16,31],"damage_taken":[{"damage":1,"enemies":"2 Louse","floor":1,"turns":4},{"damage":2,"enemies":"Small Slimes","floor":2,"turns":4},{"damage":4,"enemies":"Cultist","floor":4,"turns":4},{"damage":22,"enemies":"3 Sentries","floor":7,"turns":6},{"damage":12,"enemies":"3 Louse","floor":10,"turns":2},{"damage":31,"enemies":"Lagavulin","floor":12,"turns":5},{"damage":0,"enemies":"Exordium Wildlife","floor":14,"turns":3},{"damage":55,"enemies":"Fading Forest","floor":16,"turns":11},{"damage":44,"enemies":"Shell Parasite","floor":18,"turns":7},{"damage":21,"enemies":"2 Thieves","floor":20,"turns":4},{"damage":30,"enemies":"Centurion and Healer","floor":29,"turns":7},{"damage":22,"enemies":"Snake Plant","floor":30,"turns":5},{"damage":14,"enemies":"Cultist and Chosen","floor":31,"turns":4},{"damage":60,"enemies":"Champ","floor":33,"turns":7}],"seed_played":"-8947789984590598923","potions_obtained":[{"floor":4,"key":"Fire Potion"},{"floor":12,"key":"Elixir"},{"floor":14,"key":"Swift Potion"},{"floor":16,"key":"Reflective Coating"},{"floor":18,"key":"hexamod:EctoCoolerPotion"},{"floor":31,"key":"Energy Potion"}],"is_trial":false,"path_per_floor":["M","M","?","M","$","R","E","?","T","M","$","E","R","M","R","B",null,"M","AVR","M","$","?","R","T","R","T","R","?","M","M","M","R","B"],"character_chosen":"IRONCLAD","items_purchased":["Rupture","Flex","Anger","Shrug It Off"],"campfire_rested":5,"item_purchase_floors":[5,5,5,21],"current_hp_per_floor":[85,85,64,66,66,66,50,50,50,44,44,19,44,50,75,32,85,47,47,32,32,32,57,57,82,82,82,82,58,42,34,59,0,0],"gold":520,"neow_bonus":"RANDOM_EVENT","is_daily":false,"chose_seed":false,"campfire_upgraded":2,"win_rate":0.0,"timestamp":1609986812,"path_taken":["M","M","?","M","$","R","E","?","T","M","$","E","R","M","R","BOSS","M","AVR","M","$","?","R","?","R","T","R","?","M","M","?","R","BOSS"],"items_purchased_type":["Card","Card","Card","Card"],"build_version":"2020-12-22","purchased_purges":0,"victory":false,"max_hp_per_floor":[85,85,85,85,85,85,85,85,85,85,85,85,85,85,85,85,85,85,85,85,85,85,85,85,85,85,85,85,85,85,85,85,85,85],"card_choices":[{"not_picked":["Warcry","ReplayTheSpireMod:Stacked"],"picked":"Pommel Strike","floor":1},{"not_picked":["Perfected Strike","Pommel Strike"],"picked":"Cleave","floor":2},{"not_picked":["True Grit","Pummel"],"picked":"Twin Strike","floor":3},{"not_picked":["Clothesline","ReplayTheSpireMod:Corrosion Curse"],"picked":"Searing Blow","floor":4},{"not_picked":["Pommel Strike","Flame Barrier"],"picked":"Replay:Many Hands","floor":7},{"not_picked":["Flex","Feel No Pain"],"picked":"Heavy Blade","floor":10},{"not_picked":["Disarm","Guardian:Gem_Red"],"picked":"Anger","floor":12},{"not_picked":["Perfected Strike","Reckless Charge"],"picked":"Burning Pact","floor":14},{"not_picked":["Feed","Guardian:WeakpointTargeting"],"picked":"Fiend Fire","floor":16},{"not_picked":["ReplayTheSpireMod:Strike From Hell+1","Shrug It Off"],"picked":"Fire Breathing+1","floor":18},{"not_picked":["Twin Strike","Clash"],"picked":"Heavy Blade","floor":20},{"not_picked":["Iron Wave","Battle Trance"],"picked":"Combust+1","floor":29},{"not_picked":["Defy Death","Disarm+1"],"picked":"Infernal Blade","floor":30},{"not_picked":["hubris:StunningStrike","Heavy Blade"],"picked":"Armaments","floor":31}],"player_experience":120613,"relics_obtained":[{"floor":7,"key":"infinitespire:Golems Mask"},{"floor":9,"key":"Simple Rune"},{"floor":12,"key":"TungstenRod"},{"floor":17,"key":"Grinning Jar"},{"floor":17,"key":"Runesmith:Nanobots"},{"floor":17,"key":"Replay:Kaleidoscope"},{"floor":24,"key":"infinitespire:WardingShard"},{"floor":26,"key":"infinitespire:Broken Mirror"}],"event_choices":[{"damage_healed":0,"gold_gain":0,"player_choice":"Donut","damage_taken":0,"max_hp_gain":5,"max_hp_loss":0,"event_name":"Big Fish","floor":0,"gold_loss":0},{"damage_healed":0,"gold_gain":0,"player_choice":"Ignored","damage_taken":0,"max_hp_gain":0,"max_hp_loss":0,"event_name":"Ghosts","floor":28,"gold_loss":0}],"is_beta":false,"boss_relics":[{"not_picked":["Replay:Drink Me","Empty Cage"],"picked":"Calling Bell"}],"items_purged_floors":[],"is_endless":false,"potions_floor_spawned":[4,12,14,16,18,29,31],"killed_by":"Champ","ascension_level":0}}