{"host":"d2y4rmbezebiv8aj","time":1609979781,"event":{"mods":["AchievementEnabler","BaseMod","Bestiary","BetterRewards","Colored Map","Colored Powertips","Custom Start","Highlight Path","Minty Spire (QoL Compilation)","Quick Restart","Rare Cards Sparkle","Relic Sorter","Relic Stats","Shop Mod","Slay-I","StSLib","SuperFastMode"],"gold_per_floor":[111,125,90,90,106,135,135,149,149,160,160,230,257,26,26,127,127,142,152,168,168,23,23,56,56,56,56,90,105,105,121,121,224,224,238,258,308,308],"floor_reached":37,"playtime":1727,"items_purged":[],"score":827,"play_id":"dc53b0c2-5f49-4d4f-ac9c-12755b7f016b","local_time":"20210107013621","is_ascension_mode":true,"campfire_choices":[{"data":"Backstab","floor":7.0,"key":"SMITH"},{"floor":11.0,"key":"REST"},{"floor":15.0,"key":"REST"},{"floor":25.0,"key":"REST"},{"data":"Apotheosis","floor":27.0,"key":"SMITH"},{"data":"Madness","floor":30,"key":"SMITH"},{"floor":32,"key":"REST"}],"circlet_count":0,"master_deck":["Strike_G+1","Strike_G+1","Strike_G+1","Strike_G+1","Strike_G+1","Defend_G+1","Defend_G+1","Defend_G+1","Defend_G+1","Defend_G+1","Survivor","Neutralize","Backstab+1","Dagger Throw","Quick Slash","Blade Dance","Finisher","Deflect","Dagger Spray","Masterful Stab","Apotheosis+1","Infinite Blades","Choke","Tools of the Trade","Blur","Cloak And Dagger+1","Noxious Fumes","Swift Strike","Madness+1","Flying Knee","Finisher+1","Outmaneuver","A Thousand Cuts","Distraction","Sucker Punch+1"],"relics":["Ring of the Serpent","HandDrill","Pantograph","Bird Faced Urn","Turnip","The Courier","Lizard Tail","Runic Pyramid","SsserpentHead","Bottled Lightning","Blue Candle","Du-Vu Doll"],"acts_visited":["Exordium","TheCity","TheBeyond"],"potions_floor_usage":[28,33,33,33,33,33,33],"damage_taken":[{"damage":2.0,"enemies":"Small Slimes","floor":1.0,"turns":5.0},{"damage":0.0,"enemies":"2 Louse","floor":2.0,"turns":4.0},{"damage":0.0,"enemies":"Cultist","floor":5.0,"turns":3.0},{"damage":17.0,"enemies":"Lagavulin","floor":6.0,"turns":5.0},{"damage":9.0,"enemies":"Exordium Thugs","floor":8.0,"turns":5.0},{"damage":2.0,"enemies":"Looter","floor":10.0,"turns":3.0},{"damage":30.0,"enemies":"Gremlin Nob","floor":13.0,"turns":4.0},{"damage":2.0,"enemies":"Slime Boss","floor":16.0,"turns":7.0},{"damage":0.0,"enemies":"Chosen","floor":18.0,"turns":3.0},{"damage":13.0,"enemies":"Spheric Guardian","floor":19.0,"turns":4.0},{"damage":13.0,"enemies":"Snecko","floor":20.0,"turns":5.0},{"damage":32.0,"enemies":"Slavers","floor":24.0,"turns":7.0},{"damage":0,"enemies":"Gremlin Leader","floor":28,"turns":6},{"damage":1,"enemies":"3 Cultists","floor":29,"turns":5},{"damage":1,"enemies":"Centurion and Healer","floor":31,"turns":5},{"damage":28,"enemies":"Champ","floor":33,"turns":9},{"damage":33,"enemies":"3 Darklings","floor":35,"turns":4},{"damage":70,"enemies":"3 Shapes","floor":36,"turns":7},{"damage":42,"enemies":"Writhing Mass","floor":37,"turns":2}],"seed_played":"8141306960029032375","potions_obtained":[{"floor":2.0,"key":"SpeedPotion"},{"floor":4.0,"key":"Dexterity Potion"},{"floor":4.0,"key":"Explosive Potion"},{"floor":4.0,"key":"EntropicBrew"},{"floor":29,"key":"LiquidMemories"},{"floor":31,"key":"ColorlessPotion"},{"floor":33,"key":"DuplicationPotion"},{"floor":35,"key":"Ancient Potion"}],"is_trial":false,"path_per_floor":["M","M","?","?","M","E","R","M","T","M","R","T","E","$","R","B",null,"M","M","M","?","$","?","E","R","T","R","E","M","R","M","R","B",null,"M","M","M"],"character_chosen":"THE_SILENT","items_purchased":["Backstab","HandDrill","Pantograph","Apotheosis","Infinite Blades","Choke","Swift Strike","Madness"],"campfire_rested":4,"item_purchase_floors":[0,0,0,14,14,14,22,22],"current_hp_per_floor":[47,47,64,64,64,47,47,38,38,36,57,57,27,27,48,68,70,70,59,46,46,46,46,20,41,41,41,47,52,52,57,70,48,65,40,15,0,0],"gold":308,"neow_bonus":"","is_daily":false,"chose_seed":false,"campfire_upgraded":3,"win_rate":0.0,"timestamp":1609979781,"path_taken":["M","M","?","?","?","E","R","M","T","M","R","?","E","$","R","BOSS","M","M","M","?","$","?","E","R","T","R","E","M","R","M","R","BOSS","M","M","?"],"items_purchased_type":["Card","Relic","Relic","Card","Card","Card","Card","Card"],"build_version":"2020-12-22","purchased_purges":0,"victory":false,"max_hp_per_floor":[70,70,70,70,70,70,70,70,70,70,70,70,70,70,70,70,70,70,70,70,70,70,70,70,70,70,70,70,70,70,70,70,70,70,70,70,70,70],"relic_stats":{"SsserpentHead":50,"Lizard Tail":35,"counters":[98,453],"Pantograph":22,"Bird Faced Urn":[42],"Blue Candle":[2],"Turnip":[11],"HandDrill":[18],"obtain_stats":[{"Ice Cream":6,"HoveringKite":17,"Vajra":19,"Bottled Tornado":19,"Boot":41,"Sling":46,"Old Coin":9,"Sozu":17,"Blood Vial":46,"Centennial Puzzle":26,"Lizard Tail":13,"HornCleat":26,"Strawberry":7,"Prayer Wheel":47,"HandDrill":21,"Toxic Egg 2":12,"Pear":43,"Dead Branch":10,"Blue Candle":9,"Pen Nib":29,"Paper Crane":24,"War Paint":26,"Question Card":21,"Du-Vu Doll":28,"Bird Faced Urn":6,"Molten Egg 2":23,"Ring of the Serpent":34,"Darkstone Periapt":24,"Regal Pillow":6,"Lantern":12,"Mango":0,"Bag of Preparation":27,"Incense Burner":46,"Cursed Key":17,"SsserpentHead":22,"Dream Catcher":29,"Matryoshka":9,"Mummified Hand":5,"Pantograph":0,"Tiny Chest":0,"InkBottle":9,"Ring of the Snake":0,"Runic Pyramid":17,"NeowsBlessing":0,"The Courier":12,"Frozen Egg 2":31,"Medical Kit":12,"Calling Bell":34,"Anchor":14,"Turnip":9,"Membership Card":0,"Bottled Lightning":24,"Toy Ornithopter":43,"FossilizedHelix":34},{"Ice Cream":17,"HoveringKite":9,"Vajra":63,"Bottled Tornado":63,"Boot":35,"Sling":77,"Old Coin":18,"Sozu":62,"Blood Vial":77,"Centennial Puzzle":26,"Lizard Tail":86,"HornCleat":66,"Strawberry":57,"Prayer Wheel":36,"HandDrill":24,"Toxic Egg 2":20,"Pear":35,"Dead Branch":19,"Blue Candle":57,"Pen Nib":28,"Paper Crane":26,"War Paint":51,"Question Card":24,"Du-Vu Doll":92,"Bird Faced Urn":83,"Molten Egg 2":50,"Ring of the Serpent":95,"Darkstone Periapt":66,"Regal Pillow":6,"Lantern":20,"Mango":38,"Bag of Preparation":27,"Incense Burner":35,"Cursed Key":22,"SsserpentHead":49,"Dream Catcher":52,"Matryoshka":6,"Mummified Hand":56,"Pantograph":79,"Tiny Chest":38,"InkBottle":44,"Ring of the Snake":0,"Runic Pyramid":87,"NeowsBlessing":0,"The Courier":85,"Frozen Egg 2":53,"Medical Kit":20,"Calling Bell":71,"Anchor":21,"Turnip":84,"Membership Card":13,"Bottled Lightning":91,"Toy Ornithopter":35,"FossilizedHelix":71},{"Ice Cream":80,"HoveringKite":47,"Vajra":288,"Bottled Tornado":288,"Boot":143,"Sling":350,"Old Coin":81,"Sozu":284,"Blood Vial":350,"Centennial Puzzle":108,"Lizard Tail":389,"HornCleat":301,"Strawberry":262,"Prayer Wheel":147,"HandDrill":103,"Toxic Egg 2":94,"Pear":143,"Dead Branch":88,"Blue Candle":262,"Pen Nib":118,"Paper Crane":108,"War Paint":235,"Question Card":103,"Du-Vu Doll":421,"Bird Faced Urn":377,"Molten Egg 2":229,"Ring of the Serpent":440,"Darkstone Periapt":301,"Regal Pillow":26,"Lantern":94,"Mango":155,"Bag of Preparation":113,"Incense Burner":143,"Cursed Key":101,"SsserpentHead":224,"Dream Catcher":240,"Matryoshka":26,"Mummified Hand":258,"Pantograph":360,"Tiny Chest":155,"InkBottle":195,"Ring of the Snake":0,"Runic Pyramid":396,"NeowsBlessing":0,"The Courier":385,"Frozen Egg 2":245,"Medical Kit":94,"Calling Bell":321,"Anchor":95,"Turnip":382,"Membership Card":68,"Bottled Lightning":415,"Toy Ornithopter":143,"FossilizedHelix":321}]},"card_choices":[{"not_picked":["Acrobatics","Slice"],"picked":"Dagger Throw","floor":1.0},{"not_picked":["Deadly Poison","Outmaneuver"],"picked":"Quick Slash","floor":2.0},{"not_picked":["Riddle With Holes","Slice"],"picked":"Blade Dance","floor":5.0},{"not_picked":["Leg Sweep","Quick Slash"],"picked":"Finisher","floor":6.0},{"not_picked":["Bane","Prepared"],"picked":"Deflect","floor":8.0},{"not_picked":["Backflip","Poisoned Stab"],"picked":"Dagger Spray","floor":10.0},{"not_picked":["Glass Knife","Dagger Throw"],"picked":"Masterful Stab","floor":13.0},{"not_picked":["Wraith Form v2","Glass Knife"],"picked":"Tools of the Trade","floor":16.0},{"not_picked":["Backflip+1","Deflect"],"picked":"Blur","floor":18.0},{"not_picked":["Acrobatics","Dagger Throw"],"picked":"Cloak And Dagger+1","floor":19.0},{"not_picked":["Concentrate","Well Laid Plans"],"picked":"Noxious Fumes","floor":20.0},{"not_picked":["Catalyst","Underhanded Strike","Skewer"],"picked":"SKIP","floor":24.0},{"not_picked":["Catalyst","Underhanded Strike","Skewer"],"picked":"SKIP","floor":24.0},{"not_picked":["Escape Plan","Unload"],"picked":"Flying Knee","floor":28},{"not_picked":["Quick Slash","Eviscerate"],"picked":"Finisher+1","floor":29},{"not_picked":["Heel Hook","Endless Agony"],"picked":"Outmaneuver","floor":31},{"not_picked":["Wraith Form v2","Phantasmal Killer"],"picked":"A Thousand Cuts","floor":33},{"not_picked":["Deflect","Leg Sweep"],"picked":"Distraction","floor":35},{"not_picked":["Poisoned Stab+1","Cloak And Dagger"],"picked":"Sucker Punch+1","floor":36}],"player_experience":364870,"relics_obtained":[{"floor":6.0,"key":"Bird Faced Urn"},{"floor":9.0,"key":"Turnip"},{"floor":12.0,"key":"The Courier"},{"floor":13.0,"key":"Lizard Tail"},{"floor":24.0,"key":"Bottled Lightning"},{"floor":26.0,"key":"Blue Candle"},{"floor":28,"key":"Du-Vu Doll"}],"event_choices":[{"damage_healed":17.0,"max_hp_gain":0.0,"max_hp_loss":0.0,"gold_gain":0.0,"event_name":"The Cleric","player_choice":"Healed","floor":3.0,"gold_loss":35.0,"damage_taken":0.0},{"damage_healed":0.0,"max_hp_gain":0.0,"max_hp_loss":0.0,"gold_gain":0.0,"event_name":"Lab","player_choice":"Got Potions","floor":4.0,"gold_loss":0.0,"damage_taken":0.0},{"damage_healed":0.0,"max_hp_gain":0.0,"max_hp_loss":0.0,"gold_gain":0.0,"event_name":"Back to Basics","player_choice":"Simplicity","floor":21.0,"gold_loss":0.0,"damage_taken":0.0,"cards_upgraded":["Strike_G","Strike_G","Strike_G","Strike_G","Strike_G","Defend_G","Defend_G","Defend_G","Defend_G","Defend_G"]},{"damage_healed":0.0,"max_hp_gain":0.0,"max_hp_loss":0.0,"gold_gain":0.0,"event_name":"FaceTrader","player_choice":"Trade","floor":23.0,"gold_loss":0.0,"damage_taken":0.0,"relics_obtained":["SsserpentHead"]}],"is_beta":false,"boss_relics":[{"not_picked":["Fusion Hammer","Ectoplasm"],"picked":"Runic Pyramid"},{"not_picked":["Busted Crown","Tiny House"],"picked":"Ring of the Serpent"}],"items_purged_floors":[],"is_endless":false,"potions_floor_spawned":[2,6,8,13,18,29,31,33,35],"killed_by":"Writhing Mass","ascension_level":7}}