{"host":"tr12w2fixbnujl15","time":1609980089,"event":{"mods":["2.2 Compatiblity","BaseMod","Better Skull","BetterRewards","Clockwork Mod","Colored Powertips","Evolution","Hermit","Hubris","Infinite Spire","Koishi","Mad Scientist","Minty Spire (QoL Compilation)","Quick Restart","Replay The Spire","Shop Mod","StSLib","SuperFastMode","The Animator","The Bug Knight","The Construct","The Cursed","The Hierophant","The Necromancer","The Sage","The Senshi","The Servant 0.9.4","The Spell Scribe","TheFirefly","WarShipGirlsR/????R mod"],"gold_per_floor":[118,88,21,32,52,79,79,56,56,85,85,85,85,99,99,208,208,229,229,257,4,103,103,103,103,103,154,154,154,154],"floor_reached":29,"playtime":851,"items_purged":[],"score":227,"play_id":"0713d140-597d-43b2-bc47-ac06c5aa2966","local_time":"20210106194129","is_ascension_mode":false,"campfire_choices":[{"floor":7,"key":"REST"},{"floor":15,"key":"REST"},{"floor":23,"key":"REST"},{"floor":25,"key":"REST"}],"circlet_count":0,"master_deck":["TheCursedMod:Strike_TheCursed","TheCursedMod:Strike_TheCursed","TheCursedMod:Strike_TheCursed","TheCursedMod:Strike_TheCursed","TheCursedMod:Defend_TheCursed+1","TheCursedMod:Defend_TheCursed+1","TheCursedMod:Defend_TheCursed+1","TheCursedMod:Defend_TheCursed+1","TheCursedMod:CursedWand","TheCursedMod:CleanUpWorkshop","TheCursedMod:Dregs","TheCursedMod:CircleOfCorruption","TheCursedMod:Obscuration","TheCursedMod:ReleasedStrength","TheCursedMod:CursedShiv","TheCursedMod:ShockAndAwe","TheCursedMod:SpitefulPlan","TheCursedMod:Stretching","TheCursedMod:CircleOfFlame","TheCursedMod:SmokeScreen","TheCursedMod:CursedBlade","TheCursedMod:Grudge","TheCursedMod:FleshFromBone","hubris:Greed","TheCursedMod:ForbiddenAlchemy","ReplayTheSpireMod:Restless Dread","hermit:Covet","TheCursedMod:Neurasthenia","Replay:Sssssssssshield","ReplayTheSpireMod:Echoes of Time","TheCursedMod:DoubleShield","hubris:Greed","TheCursedMod:ShockAndAwe"],"relics":["TheCursedMod:BlackMagic101","EVO:Axolotl","NeowsBlessing","FossilizedHelix","Blue Doll","Mummified Hand","infinitespire:CursedDice","hubris:Icosahedron","ReplayTheSpireMod:SealedPack","Replay:Bottled Eggs","construct:FoamFinger","Boot"],"acts_visited":["Exordium","TheCity"],"potions_floor_usage":[6,14,16,18,18,18,20,20,20],"damage_taken":[{"damage":0,"enemies":"Jaw Worm","floor":1,"turns":1},{"damage":0,"enemies":"Small Slimes","floor":4,"turns":1},{"damage":0,"enemies":"2 Louse","floor":5,"turns":1},{"damage":39,"enemies":"3 Sentries","floor":6,"turns":13},{"damage":13,"enemies":"Gremlin Nob","floor":10,"turns":4},{"damage":4,"enemies":"Exordium Thugs","floor":14,"turns":4},{"damage":17,"enemies":"Slime Boss","floor":16,"turns":8},{"damage":26,"enemies":"Chosen","floor":18,"turns":8},{"damage":13,"enemies":"Spheric Guardian","floor":20,"turns":4},{"damage":0,"enemies":"Shelled Parasite and Fungi","floor":29,"turns":2}],"seed_played":"7158855581227039210","potions_obtained":[{"floor":4,"key":"construct:ShiftPotion"},{"floor":5,"key":"Block Potion"},{"floor":10,"key":"LiquidMemories"},{"floor":14,"key":"PowerPotion"},{"floor":18,"key":"PowerPotion"}],"is_trial":false,"path_per_floor":["M","?","$","M","M","E","R","$","T","E","T","?","$","M","R","B",null,"M","?","M","$","?","R","?","R","T","T","AVR","M"],"character_chosen":"THE_CURSED","items_purchased":["TheCursedMod:SpitefulPlan","TheCursedMod:CursedBlade","Replay:Bottled Eggs"],"campfire_rested":4,"item_purchase_floors":[3,8,21],"current_hp_per_floor":[75,75,75,75,75,36,58,58,58,45,45,45,45,41,63,46,75,49,49,36,36,36,58,58,75,75,75,75,75,75],"gold":154,"neow_bonus":"THREE_ENEMY_KILL","is_daily":false,"chose_seed":false,"campfire_upgraded":0,"win_rate":0.0,"timestamp":1609980089,"path_taken":["M","?","$","M","M","E","R","?","T","E","?","?","$","?","R","BOSS","M","?","?","$","?","R","?","R","T","?","AVR","M"],"items_purchased_type":["Card","Card","Relic"],"build_version":"2020-12-22","purchased_purges":0,"victory":false,"max_hp_per_floor":[75,75,75,75,75,75,75,75,75,75,75,75,75,75,75,75,75,75,75,75,75,75,75,75,75,75,75,75,75,75],"card_choices":[{"not_picked":["TheCursedMod:SurpriseAttack","TheCursedMod:TacticalStrike"],"picked":"TheCursedMod:CircleOfCorruption","floor":1},{"not_picked":[],"picked":"TheCursedMod:Obscuration","floor":2},{"not_picked":[],"picked":"TheCursedMod:ReleasedStrength","floor":2},{"not_picked":[],"picked":"TheCursedMod:CursedShiv","floor":2},{"not_picked":[],"picked":"TheCursedMod:ShockAndAwe","floor":2},{"not_picked":["TheCursedMod:Stigma","TheCursedMod:FleshFromBone"],"picked":"TheCursedMod:Stretching","floor":4},{"not_picked":["TheCursedMod:CircleOfCorruption","TheCursedMod:DemonSword"],"picked":"TheCursedMod:CircleOfFlame","floor":5},{"not_picked":["TheCursedMod:CursedMace","TheCursedMod:AbyssShockwave"],"picked":"TheCursedMod:SmokeScreen","floor":6},{"not_picked":["TheCursedMod:DoubleShield","TheCursedMod:LuckyCharm"],"picked":"TheCursedMod:Grudge","floor":10},{"not_picked":["TheCursedMod:SpitefulStrike","TheCursedMod:VitalStrike"],"picked":"TheCursedMod:FleshFromBone","floor":14},{"not_picked":["TheCursedMod:Neurasthenia","TheCursedMod:CircleOfAbyss"],"picked":"TheCursedMod:ForbiddenAlchemy","floor":16},{"not_picked":["Zap","Koishi:Provoke"],"picked":"hermit:Covet","floor":17},{"not_picked":["TheCursedMod:UltimatePain","TheCursedMod:CircleOfAbyss"],"picked":"TheCursedMod:Neurasthenia","floor":17},{"not_picked":["PanicButton","Specialist"],"picked":"Replay:Sssssssssshield","floor":17},{"not_picked":["ReplayTheSpireMod:Chaos Vortex","infinitespire:TheBestDefense"],"picked":"ReplayTheSpireMod:Echoes of Time","floor":17},{"not_picked":["TheCursedMod:CursedAmulet","TheCursedMod:CursedShiv"],"picked":"TheCursedMod:DoubleShield","floor":18},{"not_picked":["TheCursedMod:FuryStrike","TheCursedMod:CircleOfCorruption"],"picked":"TheCursedMod:ShockAndAwe","floor":20}],"player_experience":36787,"relics_obtained":[{"floor":6,"key":"FossilizedHelix"},{"floor":9,"key":"Blue Doll"},{"floor":10,"key":"Mummified Hand"},{"floor":11,"key":"infinitespire:CursedDice"},{"floor":26,"key":"construct:FoamFinger"},{"floor":27,"key":"Boot"}],"event_choices":[{"damage_healed":0,"gold_gain":0,"player_choice":"Bought 0 Potions","damage_taken":0,"max_hp_gain":0,"max_hp_loss":0,"event_name":"The Woman in Blue","floor":19,"gold_loss":0},{"damage_healed":0,"gold_gain":99,"player_choice":"Stole From Cult","damage_taken":0,"max_hp_gain":0,"max_hp_loss":0,"event_name":"Nest","floor":22,"gold_loss":0}],"is_beta":false,"boss_relics":[{"not_picked":["Black Star","ChewingGum"],"picked":"ReplayTheSpireMod:SealedPack"}],"items_purged_floors":[],"is_endless":false,"potions_floor_spawned":[4,5,10,14,18],"killed_by":"Shelled Parasite and Fungi","ascension_level":0}}