{"host":"sav7uxregyirlf69","time":1609999686,"event":{"mods":["AchievementEnabler","BaseMod","Colored Map","DeckTracker","Keyboard Shortcuts","Minty Spire (QoL Compilation)","READ ME - Guardian Mod","StSLib","SuperFastMode"],"gold_per_floor":[109,109,109,128,11,11,25,50,50,50,50,50,10,20,20,20,20],"floor_reached":16,"playtime":287,"items_purged":["Strike_G"],"score":196,"play_id":"9f480107-c562-45fa-8345-8c962c9884c7","local_time":"20210107150806","is_ascension_mode":true,"campfire_choices":[{"data":"Tactician","floor":6,"key":"SMITH"},{"data":"Acrobatics","floor":15,"key":"SMITH"}],"circlet_count":0,"master_deck":["AscendersBane","Strike_G","Strike_G","Strike_G","Defend_G","Defend_G","Defend_G+1","Defend_G+1","Defend_G","Survivor","Neutralize","Reflex","Finisher","Tactician+1","Acrobatics+1","Reflex+1","Backflip+1"],"relics":["Ring of the Snake","Tiny Chest","Toxic Egg 2","Meat on the Bone"],"acts_visited":["Exordium"],"potions_floor_usage":[8,14,16],"damage_taken":[{"damage":0,"enemies":"Jaw Worm","floor":1,"turns":5},{"damage":3,"enemies":"2 Louse","floor":4,"turns":4},{"damage":1,"enemies":"Cultist","floor":7,"turns":5},{"damage":20,"enemies":"3 Sentries","floor":8,"turns":9},{"damage":15,"enemies":"Large Slime","floor":14,"turns":12},{"damage":16,"enemies":"Hexaghost","floor":16,"turns":7}],"seed_played":"-8403010323326502077","potions_obtained":[{"floor":1,"key":"ColorlessPotion"},{"floor":4,"key":"LiquidBronze"},{"floor":8,"key":"SteroidPotion"}],"is_trial":false,"path_per_floor":["M","?","?","M","$","R","M","E","T","?","T","$","$","M","R","B"],"character_chosen":"THE_SILENT","items_purchased":["Tactician","Reflex+1"],"campfire_rested":0,"item_purchase_floors":[5,13],"current_hp_per_floor":[59,59,64,61,61,61,60,40,40,19,19,19,19,16,16,0,0],"gold":20,"neow_bonus":"RANDOM_COMMON_RELIC","is_daily":false,"chose_seed":false,"campfire_upgraded":2,"win_rate":0.0,"timestamp":1609999686,"path_taken":["M","?","?","M","$","R","M","E","T","?","?","?","$","M","R","BOSS"],"items_purchased_type":["Card","Card"],"build_version":"2020-12-22","purchased_purges":1,"victory":false,"max_hp_per_floor":[66,66,71,71,71,71,71,71,71,71,71,71,71,71,71,71,71],"card_choices":[{"not_picked":["Prepared","Dagger Spray"],"picked":"Reflex","floor":1},{"not_picked":["Expertise","Bouncing Flask","Acrobatics"],"picked":"SKIP","floor":4},{"not_picked":["Slice","Finisher"],"picked":"Acrobatics","floor":7},{"not_picked":["Expertise+1","Dagger Throw","Catalyst+1"],"picked":"SKIP","floor":8},{"not_picked":["Phantasmal Killer+1","Slice"],"picked":"Backflip+1","floor":14}],"player_experience":1172729,"relics_obtained":[{"floor":8,"key":"Toxic Egg 2"},{"floor":9,"key":"Meat on the Bone"}],"event_choices":[{"damage_healed":0,"gold_gain":0,"cards_transformed":["Strike_G"],"player_choice":"Change","damage_taken":0,"max_hp_gain":0,"max_hp_loss":0,"event_name":"Living Wall","floor":2,"gold_loss":0,"cards_obtained":["Finisher"]},{"damage_healed":0,"gold_gain":0,"player_choice":"Donut","damage_taken":0,"max_hp_gain":5,"max_hp_loss":0,"event_name":"Big Fish","floor":3,"gold_loss":0},{"damage_healed":0,"gold_gain":0,"player_choice":"Entered Light","damage_taken":21,"max_hp_gain":0,"max_hp_loss":0,"event_name":"Shining Light","floor":10,"gold_loss":0,"cards_upgraded":["Defend_G","Defend_G"]}],"is_beta":false,"boss_relics":[],"items_purged_floors":[5],"is_endless":false,"potions_floor_spawned":[1,4,8],"killed_by":"Hexaghost","ascension_level":20}}