{"host":"ig7tc0uedzltt2sr","time":1609990628,"event":{"mods":["BaseMod","Better Twitch Integration","Block Reminder","Colored Map","Colored Powertips","Communication Mod","Current Relic Mod","GifTheSpireLib","HexUI Lib","Minty Spire (QoL Compilation)","Quick Restart","Random Character Button","Rare Cards Sparkle","Relic Sorter","Relic Stats","Slay the Relics Exporter","StSLib","SuperFastMode","Synergy Search","Twitch Decklist","Twitch Utils","everything is the same but u backflip on backflip","slay the spire mod where everything is the same but ironclad has a cowboy hat"],"gold_per_floor":[119,119,119,135,135,135,135,150,173,173,188,41,58,75,75,75,75],"floor_reached":16,"playtime":58,"items_purged":[],"score":92,"play_id":"fd458bc4-6434-4489-8010-768b32c3861c","local_time":"20210106193708","is_ascension_mode":false,"campfire_choices":[{"data":"Strike_R","floor":6,"key":"SMITH"},{"data":"Bash","floor":10,"key":"SMITH"},{"data":"Berserk","floor":15,"key":"SMITH"}],"circlet_count":0,"master_deck":["Strike_R+1","Strike_R","Strike_R","Strike_R","Strike_R","Defend_R","Defend_R","Defend_R","Bash+1","Rage","Headbutt","Shrug It Off","Berserk+1","Carnage","Uppercut"],"relics":["Burning Blood","NeowsBlessing","Ancient Tea Set","Bronze Scales"],"acts_visited":["Exordium"],"potions_floor_usage":[],"damage_taken":[{"damage":0,"enemies":"Jaw Worm","floor":1,"turns":1},{"damage":0,"enemies":"2 Louse","floor":4,"turns":1},{"damage":0,"enemies":"Small Slimes","floor":8,"turns":1},{"damage":31,"enemies":"Exordium Wildlife","floor":11,"turns":6},{"damage":14,"enemies":"Red Slaver","floor":13,"turns":3},{"damage":3,"enemies":"2 Fungi Beasts","floor":14,"turns":4},{"damage":50,"enemies":"Slime Boss","floor":16,"turns":7}],"seed_played":"-5802195164002342980","potions_obtained":[{"floor":11,"key":"Dexterity Potion"},{"floor":13,"key":"HeartOfIron"},{"floor":14,"key":"Dexterity Potion"}],"is_trial":false,"path_per_floor":["M","?","?","M","?","R","?","M","T","R","M","$","M","M","R","B"],"character_chosen":"IRONCLAD","items_purchased":["Bronze Scales"],"campfire_rested":0,"item_purchase_floors":[12],"current_hp_per_floor":[80,80,80,80,80,80,80,80,80,80,55,55,47,50,50,0,0],"gold":75,"neow_bonus":"THREE_ENEMY_KILL","is_daily":false,"chose_seed":false,"campfire_upgraded":3,"win_rate":0.0,"timestamp":1609990628,"path_taken":["M","?","?","M","?","R","?","M","T","R","?","?","M","M","R","BOSS"],"items_purchased_type":["Relic"],"build_version":"2020-12-22","purchased_purges":0,"victory":false,"max_hp_per_floor":[80,80,80,80,80,80,80,80,80,80,80,80,80,80,80,80,80],"relic_stats":{"counters":[7,23],"Bronze Scales":[20],"obtain_stats":[{"NeowsBlessing":0,"Bronze Scales":12,"Ancient Tea Set":9,"Burning Blood":0},{"NeowsBlessing":0,"Bronze Scales":4,"Ancient Tea Set":3,"Burning Blood":0},{"NeowsBlessing":0,"Bronze Scales":9,"Ancient Tea Set":3,"Burning Blood":0}],"Burning Blood":18},"card_choices":[{"not_picked":["Sword Boomerang","Pommel Strike"],"picked":"Rage","floor":1},{"not_picked":["Body Slam","Anger"],"picked":"Shrug It Off","floor":4},{"not_picked":["Sword Boomerang","Pommel Strike"],"picked":"Berserk","floor":8},{"not_picked":["Havoc","Clothesline"],"picked":"Carnage","floor":11},{"not_picked":["Uppercut","True Grit","Body Slam"],"picked":"SKIP","floor":13},{"not_picked":["Sword Boomerang","Thunderclap"],"picked":"Uppercut","floor":14}],"player_experience":1443369,"relics_obtained":[{"floor":9,"key":"Ancient Tea Set"}],"event_choices":[{"damage_healed":0,"gold_gain":0,"cards_transformed":["Defend_R"],"player_choice":"Change","damage_taken":0,"max_hp_gain":0,"max_hp_loss":0,"event_name":"Living Wall","floor":2,"gold_loss":0,"cards_obtained":["Headbutt"]},{"damage_healed":0,"gold_gain":0,"player_choice":"Fled","damage_taken":0,"max_hp_gain":0,"max_hp_loss":0,"event_name":"Scrap Ooze","floor":3,"gold_loss":0},{"damage_healed":0,"gold_gain":0,"player_choice":"Ignored","damage_taken":0,"max_hp_gain":0,"max_hp_loss":0,"event_name":"Shining Light","floor":5,"gold_loss":0},{"damage_healed":0,"gold_gain":0,"player_choice":"Ignored","damage_taken":0,"max_hp_gain":0,"max_hp_loss":0,"event_name":"Liars Game","floor":7,"gold_loss":0}],"is_beta":false,"boss_relics":[],"items_purged_floors":[],"is_endless":false,"potions_floor_spawned":[11,13,14],"killed_by":"Slime Boss","ascension_level":0}}