{"host":"ig7tc0uedzltt2sr","time":1609990384,"event":{"mods":["BaseMod","Better Twitch Integration","Block Reminder","Colored Map","Colored Powertips","Communication Mod","Current Relic Mod","GifTheSpireLib","HexUI Lib","Minty Spire (QoL Compilation)","Quick Restart","Random Character Button","Rare Cards Sparkle","Relic Sorter","Relic Stats","Slay the Relics Exporter","StSLib","SuperFastMode","Synergy Search","Twitch Decklist","Twitch Utils","everything is the same but u backflip on backflip","slay the spire mod where everything is the same but ironclad has a cowboy hat"],"gold_per_floor":[214,214,214,233,250,250,263,233,309,484,484,484,484,503,503,503,503],"floor_reached":16,"playtime":112,"items_purged":[],"score":90,"play_id":"b2633ad1-2b7a-4845-a035-1f1d799aec68","local_time":"20210106193304","is_ascension_mode":false,"campfire_choices":[{"data":"Armaments","floor":6,"key":"SMITH"},{"floor":15,"key":"REST"}],"circlet_count":0,"master_deck":["Strike_R","Strike_R","Strike_R","Strike_R","Strike_R","Defend_R","Defend_R","Defend_R","Defend_R","Bash+1","Spot Weakness","Infernal Blade","Armaments+1","Limit Break","Shrug It Off","Doubt","Rupture"],"relics":["Burning Blood","Bottled Lightning"],"acts_visited":["Exordium"],"potions_floor_usage":[],"damage_taken":[{"damage":4,"enemies":"2 Louse","floor":1,"turns":6},{"damage":36,"enemies":"Jaw Worm","floor":4,"turns":10},{"damage":5,"enemies":"Small Slimes","floor":5,"turns":5},{"damage":14,"enemies":"3 Louse","floor":7,"turns":7},{"damage":5,"enemies":"Looter","floor":8,"turns":4},{"damage":24,"enemies":"2 Fungi Beasts","floor":14,"turns":8},{"damage":54,"enemies":"The Guardian","floor":16,"turns":9}],"seed_played":"225581833712693836","potions_obtained":[{"floor":4,"key":"Block Potion"},{"floor":7,"key":"Block Potion"},{"floor":14,"key":"Dexterity Potion"}],"is_trial":false,"path_per_floor":["M","?","?","M","M","R","M","M","T","?","$","?","?","M","R","B"],"character_chosen":"IRONCLAD","items_purchased":[],"campfire_rested":1,"item_purchase_floors":[],"current_hp_per_floor":[80,80,80,50,51,51,43,44,44,44,44,44,44,26,50,0,0],"gold":503,"neow_bonus":"HUNDRED_GOLD","is_daily":false,"chose_seed":false,"campfire_upgraded":1,"win_rate":0.0,"timestamp":1609990384,"path_taken":["M","?","?","M","M","R","M","M","T","?","$","?","?","M","R","BOSS"],"items_purchased_type":[],"build_version":"2020-12-22","purchased_purges":0,"victory":false,"max_hp_per_floor":[80,80,80,80,80,80,80,80,80,80,80,80,80,80,80,80,80],"relic_stats":{"counters":[7,49],"obtain_stats":[{"Bottled Lightning":9,"Burning Blood":0},{"Bottled Lightning":5,"Burning Blood":0},{"Bottled Lightning":32,"Burning Blood":0}],"Burning Blood":34},"card_choices":[{"not_picked":["Iron Wave","Flex"],"picked":"Spot Weakness","floor":1},{"not_picked":["Twin Strike","Havoc"],"picked":"Infernal Blade","floor":4},{"not_picked":["Warcry","Bloodletting"],"picked":"Armaments","floor":5},{"not_picked":["Spot Weakness","Whirlwind"],"picked":"Limit Break","floor":7},{"not_picked":["Twin Strike","Clothesline"],"picked":"Shrug It Off","floor":8},{"not_picked":["Iron Wave","Cleave"],"picked":"Rupture","floor":14}],"player_experience":1443112,"relics_obtained":[{"floor":9,"key":"Bottled Lightning"}],"event_choices":[{"damage_healed":0,"gold_gain":0,"player_choice":"Leave","damage_taken":0,"max_hp_gain":0,"max_hp_loss":0,"event_name":"The Cleric","floor":2,"gold_loss":0},{"damage_healed":26,"gold_gain":0,"player_choice":"Banana","damage_taken":0,"max_hp_gain":0,"max_hp_loss":0,"event_name":"Big Fish","floor":3,"gold_loss":0},{"damage_healed":0,"gold_gain":175,"player_choice":"AGREE","damage_taken":0,"max_hp_gain":0,"max_hp_loss":0,"event_name":"Liars Game","floor":10,"gold_loss":0,"cards_obtained":["Doubt"]},{"damage_healed":0,"gold_gain":0,"player_choice":"Grow","damage_taken":0,"max_hp_gain":0,"max_hp_loss":0,"event_name":"Living Wall","floor":12,"gold_loss":0,"cards_upgraded":["Bash"]},{"damage_healed":0,"gold_gain":0,"player_choice":"Fled","damage_taken":0,"max_hp_gain":0,"max_hp_loss":0,"event_name":"Scrap Ooze","floor":13,"gold_loss":0}],"is_beta":false,"boss_relics":[],"items_purged_floors":[],"is_endless":false,"potions_floor_spawned":[4,7,14],"killed_by":"The Guardian","ascension_level":0}}