{"host":"on8kfoejf6vp3cg3","time":1609978284,"event":{"mods":["AchievementEnabler","BaseMod","Better Match","Better Third Choice","Block Reminder","Colored Map","Colored Powertips","Disable Question Mark Monsters","Googly Eyes","Hermit","Highlight Path","Minty Spire (QoL Compilation)","Permanent Neow","Rare Cards Sparkle","Replay The Spire","StSLib","The Blackbeard","The Bladedancer","The Cursed"],"gold_per_floor":[113,63,63,73,93,120,120,120,120,136,136,150,150,170,170,265,265,283,302,322,27,47,47,73,73,122,122,42,71,67,93,93,190,190,208,119,44,63,379,211,211,121,121,78,78,78,88,106,106,6],"floor_reached":51,"playtime":3585,"items_purged":["blademaster:Quickstep","blademaster:OneTrickPony"],"score":1320,"play_id":"aeed6cdd-5152-4456-97b7-a9f073da572b","local_time":"20210106191124","daily_mods":["Insanity","Vintage","Heirloom","Time Dilation","Flight"],"is_ascension_mode":true,"campfire_choices":[{"floor":11,"key":"REST"},{"data":"blademaster:Cut","floor":13,"key":"SMITH"},{"data":"blademaster:Cut","floor":15,"key":"SMITH"},{"data":"blademaster:SharpBlades","floor":23,"key":"SMITH"},{"data":"blademaster:Momentum","floor":27,"key":"SMITH"},{"data":"blademaster:Sharpen","floor":32,"key":"SMITH"},{"floor":41,"key":"REST"},{"data":"blademaster:Cut","floor":45,"key":"SMITH"},{"data":"blademaster:Cut","floor":46,"key":"SMITH"}],"circlet_count":0,"master_deck":["blademaster:Safeguard","blademaster:Thrust","blademaster:AwakeningDefend","blademaster:Hailwind","blademaster:CombatPrep","blademaster:Cut","blademaster:AwakeningStrike","blademaster:AncestralHealing","blademaster:ThunderSlash+1","blademaster:DancingEdge","blademaster:AwakeningDefend","blademaster:Cut","blademaster:Slice","blademaster:Thrust","blademaster:BladeMastery","blademaster:Quickness","blademaster:AspectOfWind","blademaster:ThunderSlash","blademaster:BrainBloom","blademaster:Sunder","blademaster:AspectOfLightning","blademaster:DaggerAndCloak","blademaster:AirSlash","blademaster:Sunder","blademaster:DaggerAndCloak","blademaster:DaggerAndCloak","blademaster:ThunderingOpener","blademaster:BrainBloom","blademaster:WindSlash","blademaster:Cut","blademaster:AwakeningDefend","blademaster:Sharpen+1","blademaster:Thrust","blademaster:BrainBloom","blademaster:Safeguard","blademaster:EyeOfTheTornado","blademaster:Safeguard","blademaster:Meditate","blademaster:Momentum+1","blademaster:LightningCrash","blademaster:CullingStrike","blademaster:ParryingStrike","blademaster:FuriousStrike","blademaster:SharpBlades+1","blademaster:AspectOfWind","blademaster:BloodyBlow","blademaster:Vortex+1","blademaster:ParryingStrike","blademaster:Stability+1","blademaster:Reversal","blademaster:FlockOfBlades+1","blademaster:Havoc+1","blademaster:RollingTyphoon+1","ReplayTheSpireMod:IOU","blademaster:Stability+1","blademaster:SharpBlades+1","blademaster:Empower+1","blademaster:Havoc+1","ReplayTheSpireMod:IOU","ReplayTheSpireMod:IOU","ReplayTheSpireMod:IOU","ReplayTheSpireMod:IOU","ReplayTheSpireMod:IOU","ReplayTheSpireMod:IOU","ReplayTheSpireMod:IOU","ReplayTheSpireMod:IOU","ReplayTheSpireMod:IOU","ReplayTheSpireMod:IOU","blademaster:Gust+1"],"relics":["blademaster:DancersAmulet","Ice Cream","Frozen Egg 2","Letter Opener","Akabeko","Replay:Wax Seal","Bottled Tornado","Eternal Feather","Whetstone","Shuriken","Runic Pyramid","FossilizedHelix","Golden Egg","Boot","Potion Belt","Nunchaku","ReplayFunnel","MealTicket","Vajra","Centennial Puzzle","Black Star","ReplayTheSpireMod:TigerMarble","Replay:WaspNest","Divine Protection","Mercury Hourglass","Old Coin","Simple Rune","The Courier","Chameleon Ring","Garlic","CaptainsWheel","Ancient Tea Set","Gremlin Horn","Incense Burner","Mummified Hand","Gremlin Food","Anchor"],"acts_visited":["Exordium","TheCity","TheBeyond"],"potions_floor_usage":[10,16,16,16,33,33,33,33,35,50,50,50,50,50],"damage_taken":[{"damage":10,"enemies":"Small Slimes","floor":1,"turns":4},{"damage":20,"enemies":"Jaw Worm","floor":4,"turns":4},{"damage":9,"enemies":"Cultist","floor":5,"turns":4},{"damage":34,"enemies":"Replay:BlueRogue","floor":6,"turns":4},{"damage":3,"enemies":"Blue Slaver","floor":10,"turns":2},{"damage":4,"enemies":"Looter","floor":12,"turns":3},{"damage":0,"enemies":"Large Slime","floor":14,"turns":2},{"damage":22,"enemies":"The Guardian","floor":16,"turns":5},{"damage":0,"enemies":"3 Byrds","floor":18,"turns":4},{"damage":6,"enemies":"Spheric Guardian","floor":19,"turns":3},{"damage":0,"enemies":"Shelled Parasite and Fungi","floor":20,"turns":2},{"damage":23,"enemies":"Centurion and Healer","floor":22,"turns":3},{"damage":28,"enemies":"Slavers","floor":24,"turns":3},{"damage":0,"enemies":"Snecko","floor":28,"turns":3},{"damage":0,"enemies":"Gremlin Leader","floor":29,"turns":2},{"damage":22,"enemies":"Slavers","floor":31,"turns":3},{"damage":0,"enemies":"Champ","floor":33,"turns":4},{"damage":19,"enemies":"3 Darklings","floor":35,"turns":3},{"damage":8,"enemies":"3 Shapes","floor":36,"turns":3},{"damage":0,"enemies":"Maw","floor":38,"turns":4},{"damage":15,"enemies":"Writhing Mass","floor":39,"turns":3},{"damage":56,"enemies":"Reptomancer","floor":40,"turns":3},{"damage":0,"enemies":"4 Shapes","floor":42,"turns":2},{"damage":0,"enemies":"Jaw Worm Horde","floor":47,"turns":2},{"damage":0,"enemies":"Maw","floor":48,"turns":3},{"damage":0,"enemies":"Donu and Deca","floor":50,"turns":4}],"seed_played":"7314403086439841120","potions_obtained":[{"floor":6,"key":"Ancient Potion"},{"floor":8,"key":"Reflective Coating"},{"floor":8,"key":"Regen Potion"},{"floor":8,"key":"SkillPotion"},{"floor":14,"key":"ColorlessPotion"},{"floor":16,"key":"SteroidPotion"},{"floor":18,"key":"Swift Potion"},{"floor":20,"key":"EssenceOfSteel"},{"floor":24,"key":"Explosive Potion"},{"floor":38,"key":"EssenceOfSteel"},{"floor":42,"key":"ColorlessPotion"},{"floor":48,"key":"AttackPotion"},{"floor":49,"key":"AttackPotion"},{"floor":49,"key":"Venom Potion"}],"is_trial":true,"path_per_floor":["M","$","$","M","M","E","?","?","T","M","R","M","R","M","R","B",null,"M","M","M","$","M","R","E","$","T","R","M","E","$","E","R","B",null,"M","M","$","M","M","E","R","M","T","$","R","R","M","M","R","B",null],"character_chosen":"THE_BLADEMASTER","items_purchased":["blademaster:Stability+1","Boot","blademaster:Havoc","ReplayFunnel","PowerPotion","Vajra","blademaster:Stability+1","blademaster:Havoc","Divine Protection","CaptainsWheel","Ancient Tea Set","Gremlin Horn","Incense Burner","Mummified Hand","blademaster:Gust+1"],"campfire_rested":2,"item_purchase_floors":[2,21,21,25,25,30,30,37,37,44,44,44,44,44,44],"current_hp_per_floor":[65,65,65,45,40,6,6,6,6,12,64,60,75,75,75,53,70,70,73,75,75,58,75,53,53,53,75,75,75,75,59,75,75,75,62,60,75,75,66,16,74,75,75,75,75,75,75,75,75,75],"gold":6,"neow_bonus":"","is_daily":false,"chose_seed":false,"campfire_upgraded":7,"win_rate":0.0,"timestamp":1609978284,"path_taken":["M","$","$","M","M","E","?","?","T","?","R","M","R","M","R","BOSS","M","M","M","$","M","R","E","$","T","R","M","E","$","E","R","BOSS","M","M","$","M","M","E","R","M","T","$","R","R","M","M","R","BOSS"],"items_purchased_type":["Card","Relic","Card","Relic","Potion","Relic","Card","Card","Relic","Relic","Relic","Relic","Relic","Relic","Card"],"build_version":"2020-12-22","purchased_purges":2,"victory":true,"max_hp_per_floor":[75,75,75,75,75,75,75,75,75,75,75,75,75,75,75,75,75,75,75,75,75,75,75,75,75,75,75,75,75,75,75,75,75,75,75,75,75,75,75,75,75,75,75,75,75,75,75,75,75,75],"card_choices":[{"not_picked":["blademaster:AwakeningStrike","blademaster:Stability+1"],"picked":"blademaster:Reversal","floor":6},{"not_picked":["blademaster:StanceMastery+1","blademaster:EnchantedCuirass+1"],"picked":"blademaster:FlockOfBlades+1","floor":16},{"not_picked":["blademaster:Thrust+1","blademaster:Stormstrike+1"],"picked":"blademaster:RollingTyphoon","floor":24},{"not_picked":["blademaster:Thrust","blademaster:BloodyBlow+1","blademaster:DeadlyDance"],"picked":"SKIP","floor":29},{"not_picked":["blademaster:IcyWind+1","blademaster:HighVoltage"],"picked":"blademaster:SharpBlades+1","floor":31},{"not_picked":["blademaster:EnchantedCuirass+1","blademaster:LightningDraw"],"picked":"blademaster:Empower","floor":33},{"not_picked":["blademaster:AirSlash","blademaster:BladeMastery","blademaster:Stormstrike+1"],"picked":"SKIP","floor":40}],"player_experience":423784,"relics_obtained":[{"floor":1,"key":"Frozen Egg 2"},{"floor":1,"key":"blademaster:RandomStancePerk"},{"floor":4,"key":"Letter Opener"},{"floor":4,"key":"blademaster:StrongPerk"},{"floor":5,"key":"Akabeko"},{"floor":5,"key":"blademaster:RandomBladePerk"},{"floor":6,"key":"Replay:Wax Seal"},{"floor":6,"key":"blademaster:ComboEveryTurnPerk"},{"floor":9,"key":"Bottled Tornado"},{"floor":10,"key":"Eternal Feather"},{"floor":10,"key":"blademaster:WindChargePerk"},{"floor":12,"key":"Whetstone"},{"floor":12,"key":"blademaster:BleedingLaceratePerk"},{"floor":14,"key":"Shuriken"},{"floor":14,"key":"blademaster:FuryEveryTurnPerk"},{"floor":18,"key":"blademaster:StanceHealPerk"},{"floor":19,"key":"FossilizedHelix"},{"floor":19,"key":"blademaster:BonusFuryPerk"},{"floor":20,"key":"Golden Egg"},{"floor":20,"key":"blademaster:LightningChargePerk"},{"floor":22,"key":"Potion Belt"},{"floor":22,"key":"blademaster:BleedingMoreDamagePerk"},{"floor":24,"key":"Nunchaku"},{"floor":24,"key":"blademaster:DextrousPerk"},{"floor":26,"key":"MealTicket"},{"floor":28,"key":"blademaster:OnAttackedChargePerk"},{"floor":29,"key":"blademaster:BonusComboPerk"},{"floor":31,"key":"Centennial Puzzle"},{"floor":31,"key":"blademaster:FinisherDrawCardPerk"},{"floor":35,"key":"ReplayTheSpireMod:TigerMarble"},{"floor":36,"key":"Replay:WaspNest"},{"floor":38,"key":"Mercury Hourglass"},{"floor":39,"key":"Old Coin"},{"floor":40,"key":"Simple Rune"},{"floor":40,"key":"The Courier"},{"floor":42,"key":"Chameleon Ring"},{"floor":43,"key":"Garlic"},{"floor":47,"key":"Gremlin Food"},{"floor":48,"key":"Anchor"}],"event_choices":[{"damage_healed":0,"gold_gain":0,"player_choice":"Got Potions","damage_taken":0,"max_hp_gain":0,"max_hp_loss":0,"event_name":"Lab","floor":8,"gold_loss":0}],"is_beta":false,"boss_relics":[{"not_picked":["Velvet Choker","Snecko Heart"],"picked":"Runic Pyramid"},{"not_picked":["Snecko Eye","Tiny House"],"picked":"Black Star"}],"items_purged_floors":[21,25],"is_endless":false,"potions_floor_spawned":[4,6,14,16,18,20,24,28,29,38,42,48],"ascension_level":5}}