{"host":"6r341r9cz00j2qc1","time":1609977680,"event":{"mods":["BaseMod","Better Third Choice","Downfall","GungeonMod","Hermit","Lobotomy","LobotomyExtend","Minty Spire (QoL Compilation)","Shop Mod","StSLib"],"gold_per_floor":[119,177,177,191,204,204,204,204,286,304,304,318,130,130,130,232,232,251,251,276,296,35,35,67,82,108,135,163,70,85,85,85,189,189,200,14,0,0,0,0,10,10,60,60,60,60,77,77,77,82,82],"floor_reached":52,"playtime":2215,"items_purged":[],"score":778,"play_id":"2e12c66a-21dd-4d41-acc1-6e5feda47932","local_time":"20210107010120","is_ascension_mode":false,"campfire_choices":[{"data":"DemoMod:PotionOfGunFriendShip","floor":6,"key":"SMITH"},{"data":"DemoMod:Unity","floor":8,"key":"SMITH"},{"data":"DemoMod:DoubleSwitch","floor":11,"key":"SMITH"},{"floor":15,"key":"REST"},{"floor":23,"key":"REST"},{"floor":32,"key":"REST"},{"data":"DemoMod:Invincible","floor":40,"key":"SMITH"},{"floor":42,"key":"REST"},{"data":"DemoMod:Unity","floor":46,"key":"SMITH"},{"floor":49,"key":"REST"}],"circlet_count":0,"master_deck":["DemoMod:Strike_Huntress","DemoMod:Strike_Huntress","DemoMod:Strike_Huntress+1","DemoMod:Defend_Huntress","DemoMod:Defend_Huntress","DemoMod:Defend_Huntress","DemoMod:Roll","DemoMod:ManualReload","DemoMod:RustySidearm","DemoMod:CrossBow","DemoMod:Unity+1","DemoMod:TableSutra+1","DemoMod:Polaris","DemoMod:HighKaliber","DemoMod:PotionOfGunFriendShip+1","DemoMod:DoubleSwitch+1","DemoMod:HuntsMan","DemoMod:DirectionalPad","DemoMod:Deposit","DemoMod:BSG","DemoMod:TableSutra+1","DemoMod:ShadowBullets","DemoMod:HighKaliber","DemoMod:GunstockTap+1","DemoMod:Unity+1","DemoMod:MachoBrace+1","DemoMod:TripleGun+1","DemoMod:DoubleSwitch","DemoMod:MegaHand+1","DemoMod:BlankBullets","DemoMod:Unity+1","DemoMod:Invincible+1","DemoMod:DirectionalPad+1","Parasite","DemoMod:SAA+1"],"relics":["DemoMod:Dog","LetterFromLob","Gremlin Horn","DemoMod:Wolf","DemoMod:MemoryAlloy","Shuriken","Bag of Preparation","Juzu Bracelet","Ornamental Fan","FaceOfCleric","Whetstone","DemoMod:Test1","Red Mask","Blood Vial","DemoMod:RatBoots"],"acts_visited":["Exordium","TheCity","TheBeyond"],"potions_floor_usage":[5,12,16,18,20,24,24,25,50,50],"damage_taken":[{"damage":1,"enemies":"Cultist","floor":1,"turns":3},{"damage":0,"enemies":"Small Slimes","floor":2,"turns":3},{"damage":8,"enemies":"2 Louse","floor":4,"turns":2},{"damage":0,"enemies":"Lots of Slimes","floor":5,"turns":1},{"damage":5,"enemies":"Red Slaver","floor":10,"turns":3},{"damage":0,"enemies":"Large Slime","floor":12,"turns":2},{"damage":0,"enemies":"Slime Boss","floor":16,"turns":3},{"damage":5,"enemies":"Shell Parasite","floor":18,"turns":2},{"damage":6,"enemies":"Chosen","floor":20,"turns":3},{"damage":11,"enemies":"Snake Plant","floor":21,"turns":3},{"damage":27,"enemies":"Slavers","floor":24,"turns":4},{"damage":0,"enemies":"Snecko","floor":25,"turns":3},{"damage":17,"enemies":"Book of Stabbing","floor":28,"turns":3},{"damage":10,"enemies":"Centurion and Healer","floor":30,"turns":4},{"damage":26,"enemies":"Collector","floor":33,"turns":5},{"damage":6,"enemies":"Orb Walker","floor":35,"turns":2},{"damage":9,"enemies":"3 Shapes","floor":41,"turns":2},{"damage":36,"enemies":"Writhing Mass","floor":47,"turns":5},{"damage":24,"enemies":"Time Eater","floor":50,"turns":9}],"seed_played":"-863706329282329182","potions_obtained":[{"floor":2,"key":"SpeedPotion"},{"floor":3,"key":"Regen Potion"},{"floor":3,"key":"Explosive Potion"},{"floor":3,"key":"Dexterity Potion"},{"floor":5,"key":"ColorlessPotion"},{"floor":12,"key":"DuplicationPotion"},{"floor":16,"key":"FearPotion"},{"floor":18,"key":"SteroidPotion"},{"floor":21,"key":"Swift Potion"},{"floor":28,"key":"GamblersBrew"},{"floor":41,"key":"Strength Potion"},{"floor":47,"key":"SkillPotion"}],"is_trial":false,"path_per_floor":["M","M","?","M","M","R","?","R","T","M","R","M","$","M","R","B",null,"M","?","M","M","$","R","E","M","T","T","E","$","M","?","R","B",null,"M","$","?","$","?","R","M","R","T","$","?","R","M","T","R","B",null,null],"character_chosen":"HUNTRESS","items_purchased":["DemoMod:Deposit","DemoMod:MemoryAlloy","DemoMod:TripleGun","DemoMod:DoubleSwitch","DemoMod:Invincible"],"campfire_rested":5,"item_purchase_floors":[13,22,29,29,36],"current_hp_per_floor":[69,69,69,61,61,61,61,61,61,56,56,56,56,56,70,70,70,65,65,59,48,48,69,51,51,51,51,34,34,24,24,45,20,71,66,66,66,66,66,66,58,73,73,73,73,73,38,38,60,39,39],"gold":82,"neow_bonus":"THREE_CARDS","is_daily":false,"chose_seed":false,"campfire_upgraded":5,"win_rate":0.0,"timestamp":1609977680,"path_taken":["M","?","?","M","?","R","?","R","T","M","R","?","?","M","R","BOSS","M","?","M","M","$","R","E","M","T","?","E","?","M","?","R","BOSS","M","?","?","$","?","R","M","R","T","?","?","R","M","?","R","BOSS"],"items_purchased_type":["Card","Relic","Card","Card","Card"],"build_version":"2020-12-22","purchased_purges":0,"victory":true,"max_hp_per_floor":[70,70,70,70,70,70,70,70,70,70,70,70,70,70,70,70,70,70,70,70,70,70,70,70,70,70,70,70,70,70,70,70,71,71,72,72,72,72,72,72,73,73,73,73,73,73,74,74,74,75,75],"card_choices":[{"not_picked":["DemoMod:JK47","DemoMod:ZorGun"],"picked":"DemoMod:Unity","floor":0},{"not_picked":["DemoMod:SAA","DemoMod:JK47"],"picked":"DemoMod:TableSutra","floor":1},{"not_picked":["DemoMod:Ejector","DemoMod:FastSwitch"],"picked":"DemoMod:Polaris","floor":2},{"not_picked":["DemoMod:ShadowBullets","DemoMod:GunstockTap"],"picked":"DemoMod:HighKaliber","floor":4},{"not_picked":["DemoMod:HardPowerCard","DemoMod:Slinger"],"picked":"DemoMod:PotionOfGunFriendShip","floor":5},{"not_picked":["DemoMod:GunShield","DemoMod:SkilledReload"],"picked":"DemoMod:DoubleSwitch","floor":10},{"not_picked":["DemoMod:ConditionalReflex","DemoMod:SkilledReload"],"picked":"DemoMod:HuntsMan","floor":10},{"not_picked":["DemoMod:Unmoved","DemoMod:HuntsMan"],"picked":"DemoMod:DirectionalPad","floor":12},{"not_picked":["DemoMod:FightSabre","DemoMod:BlankBullets"],"picked":"DemoMod:BSG","floor":16},{"not_picked":["DemoMod:Ejector","DemoMod:JK47+1"],"picked":"DemoMod:TableSutra+1","floor":18},{"not_picked":["DemoMod:CursedBullets","DemoMod:Rummage"],"picked":"DemoMod:ShadowBullets","floor":20},{"not_picked":["DemoMod:FastSwitch","DemoMod:BattleInHaste"],"picked":"DemoMod:HighKaliber","floor":21},{"not_picked":["DemoMod:DirectionalPad","DemoMod:HardPowerCard"],"picked":"DemoMod:GunstockTap+1","floor":24},{"not_picked":["DemoMod:ChanceBullets","DemoMod:HardPowerCard"],"picked":"DemoMod:Unity","floor":25},{"not_picked":["DemoMod:CursedBullets+1","DemoMod:HardPowerCard+1"],"picked":"DemoMod:MachoBrace+1","floor":28},{"not_picked":["DemoMod:FastSwitch","DemoMod:Rummage"],"picked":"DemoMod:MegaHand+1","floor":30},{"not_picked":["DemoMod:FightSabre","DemoMod:Desperate"],"picked":"DemoMod:BlankBullets","floor":33},{"not_picked":["DemoMod:CursedBullets+1","DemoMod:ConditionalReflex+1"],"picked":"DemoMod:Unity+1","floor":35},{"not_picked":["DemoMod:TripleGun","DemoMod:HighKaliber"],"picked":"DemoMod:DirectionalPad+1","floor":41},{"not_picked":["DemoMod:GunstockTap","DemoMod:HardPowerCard"],"picked":"DemoMod:SAA+1","floor":47}],"player_experience":466735,"relics_obtained":[{"floor":1,"key":"LetterFromLob"},{"floor":9,"key":"Gremlin Horn"},{"floor":24,"key":"Shuriken"},{"floor":26,"key":"Bag of Preparation"},{"floor":27,"key":"Juzu Bracelet"},{"floor":28,"key":"Ornamental Fan"},{"floor":33,"key":"Whetstone"},{"floor":43,"key":"Blood Vial"},{"floor":48,"key":"DemoMod:RatBoots"}],"event_choices":[{"damage_healed":0,"gold_gain":0,"player_choice":"Got Potions","damage_taken":0,"max_hp_gain":0,"max_hp_loss":0,"event_name":"Lab","floor":3,"gold_loss":0},{"damage_healed":0,"gold_gain":0,"player_choice":"Upgraded","damage_taken":0,"max_hp_gain":0,"max_hp_loss":0,"event_name":"Upgrade Shrine","floor":7,"gold_loss":0,"cards_upgraded":["DemoMod:TableSutra"]},{"damage_healed":0,"gold_gain":0,"player_choice":"Ignored","damage_taken":0,"max_hp_gain":0,"max_hp_loss":0,"event_name":"Vampires","floor":19,"gold_loss":0},{"damage_healed":0,"gold_gain":0,"player_choice":"Trade","damage_taken":0,"relics_obtained":["FaceOfCleric"],"max_hp_gain":0,"max_hp_loss":0,"event_name":"FaceTrader","floor":31,"gold_loss":0},{"damage_healed":0,"gold_gain":0,"player_choice":"Paid","damage_taken":0,"relics_obtained":["Red Mask"],"max_hp_gain":0,"max_hp_loss":0,"event_name":"Tomb of Lord Red Mask","floor":37,"gold_loss":14},{"cards_removed":["DemoMod:Defend_Huntress"],"damage_healed":0,"gold_gain":0,"player_choice":"Removed Skill","damage_taken":0,"max_hp_gain":0,"max_hp_loss":0,"event_name":"Falling","floor":45,"gold_loss":0}],"is_beta":false,"boss_relics":[{"not_picked":["Philosopher\u0027s Stone","Runic Pyramid"],"picked":"DemoMod:Wolf"},{"not_picked":["Fusion Hammer","Coffee Dripper"],"picked":"DemoMod:Test1"}],"items_purged_floors":[],"is_endless":false,"potions_floor_spawned":[2,5,12,16,18,21,28,41,47],"ascension_level":0}}