{"host":"79gsxc9spyuqshos","time":1609984436,"event":{"mods":["BaseMod","Hermit","Infinite Spire","Ironclad Rager","Minty Spire (QoL Compilation)","Quick Restart","Robot Space Explorer","Shop Mod","StSLib","The Bladedancer","The Construct","The Cursed","The Dragon Tamer","The Druid","The Runesmith"],"gold_per_floor":[115,115,115,128,148,148,175,175,223,242,242,242,242,257,257,352,352,362,277,277,308,308,308,327,327,378,378,394,394,246,259,259,364,364,364],"floor_reached":34,"playtime":1196,"items_purged":["Runesmith:Strike_RS"],"score":348,"play_id":"ccf13742-c374-4445-b161-342178c9447b","local_time":"20210106205356","is_ascension_mode":false,"campfire_choices":[{"data":"Runesmith:PoweredAnvil","floor":6.0,"key":"SMITH"},{"floor":8.0,"key":"REST"},{"data":"Runesmith:CraftFirestone","floor":15.0,"key":"SMITH"},{"floor":23.0,"key":"REST"},{"data":"Runesmith:Grindstone","floor":25.0,"key":"SMITH"},{"data":"Runesmith:GrandSlam","floor":27.0,"key":"SMITH"},{"floor":29.0,"key":"REST"},{"data":"Runesmith:EarthShield","floor":32.0,"key":"SMITH"}],"circlet_count":0,"master_deck":["Runesmith:Strike_RS+1","Runesmith:Strike_RS+1","Runesmith:Strike_RS","Runesmith:Defend_RS","Runesmith:Defend_RS","Runesmith:Defend_RS","Runesmith:Defend_RS","Runesmith:CraftFirestone+1","Runesmith:Fortify","Runesmith:PoweredAnvil+1","Runesmith:EarthShield+1","Runesmith:CraftProtectio","Runesmith:RuneHurl","Runesmith:GrandSlam+1","Runesmith:CraftProtectio+1","Runesmith:Discharge","Runesmith:Grindstone+1","Runesmith:LithiumIon+1","Runesmith:Supernova"],"relics":["Runesmith:BrokenRuby","NeowsBlessing","MealTicket","Runesmith:AutoHammer","Bronze Scales","Frozen Egg 2","Busted Crown","Juzu Bracelet","MutagenicStrength","Red Mask","Happy Flower"],"acts_visited":[],"potions_floor_usage":[],"damage_taken":[{"damage":0.0,"enemies":"Small Slimes","floor":1.0,"turns":1.0},{"damage":0.0,"enemies":"Jaw Worm","floor":4.0,"turns":1.0},{"damage":0.0,"enemies":"Cultist","floor":5.0,"turns":1.0},{"damage":53.0,"enemies":"Gremlin Nob","floor":7.0,"turns":7.0},{"damage":4.0,"enemies":"Large Slime","floor":10.0,"turns":7.0},{"damage":7.0,"enemies":"3 Louse","floor":14.0,"turns":3.0},{"damage":34.0,"enemies":"Slime Boss","floor":16.0,"turns":14.0},{"damage":0.0,"enemies":"Spheric Guardian","floor":18.0,"turns":3.0},{"damage":37.0,"enemies":"Masked Bandits","floor":21.0,"turns":6.0},{"damage":2.0,"enemies":"2 Thieves","floor":24.0,"turns":4.0},{"damage":6.0,"enemies":"Shelled Parasite and Fungi","floor":28.0,"turns":5.0},{"damage":0.0,"enemies":"Centurion and Healer","floor":31.0,"turns":5.0},{"damage":6.0,"enemies":"Automaton","floor":33.0,"turns":11.0}],"seed_played":"5640870959083021590","potions_obtained":[{"floor":1.0,"key":"Weak Potion"},{"floor":5.0,"key":"construct:ShiftPotion"},{"floor":16.0,"key":"Explosive Potion"},{"floor":31.0,"key":"Explosive Potion"},{"floor":33.0,"key":"DuplicationPotion"}],"is_trial":false,"path_per_floor":["M","?","T","M","M","R","E","R","T","M","?","?","$","M","R","B",null,"M","?","?","?","?","R","M","R","T","R","M","R","$","M","R","B",null],"character_chosen":"RUNESMITH_CLASS","items_purchased":["Runesmith:LithiumIon+1"],"campfire_rested":3,"item_purchase_floors":[30],"current_hp_per_floor":[70,56,56,56,56,56,3,24,24,20,43,43,58,51,51,17,70,70,70,70,33,33,54,52,52,52,52,46,67,70,70,70,64,64,64],"gold":364,"neow_bonus":"THREE_ENEMY_KILL","is_daily":false,"chose_seed":false,"campfire_upgraded":5,"win_rate":0.0,"timestamp":1609984436,"path_taken":["M","?","?","M","?","R","E","R","T","M","?","?","?","M","R","BOSS","M","?","?","?","?","R","M","R","T","R","M","R","?","M","R","BOSS"],"items_purchased_type":["Card"],"build_version":"2020-12-22","purchased_purges":1,"victory":false,"max_hp_per_floor":[70,70,70,70,70,70,70,70,70,70,70,70,70,70,70,70,70,70,70,70,70,70,70,70,70,70,70,70,70,70,70,70,70,70,70],"card_choices":[{"not_picked":["Runesmith:UnstableHammer","Runesmith:Repurpose"],"picked":"Runesmith:PoweredAnvil","floor":1.0},{"not_picked":["Runesmith:RuneHurl","Runesmith:UnstableHammer"],"picked":"Runesmith:EarthShield","floor":4.0},{"not_picked":["Runesmith:Refine","Runesmith:Terraform"],"picked":"Runesmith:CraftProtectio","floor":5.0},{"not_picked":["Runesmith:BackupBattery","Runesmith:ElementalConversion","Runesmith:ShiftingStrike"],"picked":"SKIP","floor":7.0},{"not_picked":["Runesmith:EarthShield","Runesmith:BackupBattery"],"picked":"Runesmith:RuneHurl","floor":10.0},{"not_picked":["Runesmith:ShiftingStrike","Runesmith:EarthShield","Runesmith:CraftReservo"],"picked":"SKIP","floor":14.0},{"not_picked":["Runesmith:CraftIndustria","Runesmith:CraftPrismatica"],"picked":"Runesmith:GrandSlam","floor":16.0},{"not_picked":[],"picked":"Runesmith:CraftProtectio+1","floor":18.0},{"not_picked":[],"picked":"Runesmith:Discharge","floor":21.0},{"not_picked":[],"picked":"Runesmith:Grindstone","floor":24.0},{"not_picked":["Runesmith:NegativeSpace"],"picked":"SKIP","floor":28.0},{"not_picked":["Runesmith:Permafrost+1"],"picked":"SKIP","floor":31.0},{"not_picked":[],"picked":"Runesmith:Supernova","floor":33.0}],"player_experience":912297,"relics_obtained":[{"floor":3.0,"key":"MealTicket"},{"floor":7.0,"key":"Runesmith:AutoHammer"},{"floor":9.0,"key":"Bronze Scales"},{"floor":12.0,"key":"Frozen Egg 2"},{"floor":21.0,"key":"Red Mask"},{"floor":26.0,"key":"Happy Flower"}],"event_choices":[{"damage_healed":0.0,"max_hp_gain":0.0,"max_hp_loss":0.0,"gold_gain":0.0,"event_name":"Shining Light","player_choice":"Entered Light","floor":2.0,"gold_loss":0.0,"damage_taken":14.0,"cards_upgraded":["Runesmith:Strike_RS","Runesmith:Strike_RS"]},{"damage_healed":23.0,"max_hp_gain":0.0,"max_hp_loss":0.0,"gold_gain":0.0,"event_name":"Big Fish","player_choice":"Banana","floor":11.0,"gold_loss":0.0,"damage_taken":0.0},{"damage_healed":0.0,"max_hp_gain":0.0,"max_hp_loss":0.0,"gold_gain":0.0,"event_name":"Addict","player_choice":"Obtained Relic","floor":19.0,"gold_loss":85.0,"damage_taken":0.0,"relics_obtained":["Juzu Bracelet"]},{"damage_healed":0.0,"max_hp_gain":0.0,"max_hp_loss":0.0,"gold_gain":0.0,"event_name":"Drug Dealer","player_choice":"Inject Mutagens","floor":20.0,"gold_loss":0.0,"damage_taken":0.0,"relics_obtained":["MutagenicStrength"]},{"damage_healed":0.0,"max_hp_gain":0.0,"max_hp_loss":0.0,"gold_gain":0.0,"event_name":"Masked Bandits","player_choice":"Fought Bandits","floor":21.0,"gold_loss":0.0,"damage_taken":0.0},{"damage_healed":0.0,"max_hp_gain":0.0,"max_hp_loss":0.0,"gold_gain":0.0,"event_name":"Vampires","player_choice":"Ignored","floor":22.0,"gold_loss":0.0,"damage_taken":0.0}],"is_beta":false,"boss_relics":[{"not_picked":["SlaversCollar","Astrolabe"],"picked":"Busted Crown"}],"items_purged_floors":[30],"is_endless":false,"potions_floor_spawned":[1,5,16,31,33],"ascension_level":0}}