{"host":"w9yruvs4bqht6bhw","time":1609979736,"event":{"mods":["BaseMod","Colored Powertips","Minty Spire (QoL Compilation)"],"gold_per_floor":[112,212,223,241,25,25,35,69,69,82,82,116,131,142,142,243,243,261,261,275,275,289,289,323,323,348,360,385,407,407],"floor_reached":29,"playtime":852,"items_purged":[],"score":312,"play_id":"e4e57fd1-c51b-4cbe-b204-156a8a2a212a","local_time":"20210106193536","is_ascension_mode":true,"campfire_choices":[{"data":"Apotheosis","floor":6,"key":"SMITH"},{"data":"Prostrate","floor":11,"key":"SMITH"},{"data":"Vault","floor":15,"key":"SMITH"},{"floor":23,"key":"REST"},{"floor":25,"key":"REST"},{"floor":27,"key":"REST"}],"circlet_count":0,"master_deck":["Strike_P","Strike_P","Strike_P","Strike_P","Defend_P","Defend_P","Defend_P","Defend_P","Eruption","Vigilance","Conclude","Prostrate+1","Apotheosis+1","CarveReality","Worship","Vault+1","Alpha+1","CutThroughFate+1"],"relics":["PureWater","NeowsBlessing","Sundial","Lizard Tail","Mango","SlaversCollar","Nunchaku","MawBank"],"acts_visited":["Exordium","TheCity"],"potions_floor_usage":[8,12,13,16,16,18,24],"damage_taken":[{"damage":0,"enemies":"2 Louse","floor":1,"turns":2},{"damage":0,"enemies":"Cultist","floor":3,"turns":1},{"damage":0,"enemies":"Small Slimes","floor":4,"turns":1},{"damage":3,"enemies":"Red Slaver","floor":7,"turns":4},{"damage":23,"enemies":"Gremlin Nob","floor":8,"turns":4},{"damage":14,"enemies":"Exordium Thugs","floor":10,"turns":2},{"damage":0,"enemies":"3 Sentries","floor":12,"turns":4},{"damage":0,"enemies":"Lots of Slimes","floor":13,"turns":2},{"damage":1,"enemies":"2 Fungi Beasts","floor":14,"turns":3},{"damage":6,"enemies":"Hexaghost","floor":16,"turns":8},{"damage":43,"enemies":"Chosen","floor":18,"turns":6},{"damage":12,"enemies":"3 Byrds","floor":20,"turns":3},{"damage":8,"enemies":"Cultist and Chosen","floor":22,"turns":4},{"damage":28,"enemies":"Gremlin Leader","floor":24,"turns":5},{"damage":19,"enemies":"Centurion and Healer","floor":28,"turns":5},{"damage":38,"enemies":"Snake Plant","floor":29,"turns":7}],"seed_played":"7198130796686613521","potions_obtained":[{"floor":1,"key":"BottledMiracle"},{"floor":10,"key":"AttackPotion"},{"floor":12,"key":"Swift Potion"},{"floor":13,"key":"DistilledChaos"},{"floor":14,"key":"Regen Potion"},{"floor":16,"key":"ColorlessPotion"},{"floor":18,"key":"Strength Potion"},{"floor":20,"key":"LiquidBronze"},{"floor":29,"key":"GamblersBrew"}],"is_trial":false,"path_per_floor":["M","?","M","M","$","R","M","E","T","M","R","E","M","M","R","B",null,"M","?","M","?","M","R","E","R","T","R","M","M"],"character_chosen":"WATCHER","items_purchased":["Prostrate","Apotheosis"],"campfire_rested":3,"item_purchase_floors":[5,5],"current_hp_per_floor":[72,72,72,72,72,72,69,46,46,32,32,46,46,45,45,54,86,43,43,31,19,11,36,8,33,33,58,39,1,1],"gold":407,"neow_bonus":"THREE_ENEMY_KILL","is_daily":false,"chose_seed":false,"campfire_upgraded":3,"win_rate":0.0,"timestamp":1609979736,"path_taken":["M","?","M","M","?","R","M","E","T","M","R","E","?","M","R","BOSS","M","?","?","?","M","R","E","R","T","R","M","M"],"items_purchased_type":["Card","Card"],"build_version":"2020-12-22","purchased_purges":0,"victory":false,"max_hp_per_floor":[72,72,72,72,72,72,72,72,72,72,72,86,86,86,86,86,86,86,86,86,86,86,86,86,86,86,86,86,86,86],"card_choices":[{"not_picked":["MentalFortress","InnerPeace"],"picked":"Conclude","floor":1},{"not_picked":["EmptyFist","Collect","CrushJoints"],"picked":"SKIP","floor":3},{"not_picked":["BowlingBash","Protect","Nirvana"],"picked":"SKIP","floor":4},{"not_picked":["Worship","Halt","CutThroughFate"],"picked":"SKIP","floor":7},{"not_picked":["ClearTheMind","Meditate"],"picked":"CarveReality","floor":8},{"not_picked":["Wallop","BowlingBash","FollowUp"],"picked":"SKIP","floor":10},{"not_picked":["ClearTheMind","Vengeance","InnerPeace"],"picked":"SKIP","floor":12},{"not_picked":["FollowUp","Protect"],"picked":"Worship","floor":13},{"not_picked":["Crescendo","WaveOfTheHand"],"picked":"Vault","floor":14},{"not_picked":["Blasphemy","ConjureBlade"],"picked":"Alpha","floor":16},{"not_picked":["EmptyBody","FlyingSleeves"],"picked":"CutThroughFate+1","floor":18},{"not_picked":["WaveOfTheHand","Halt+1","BowlingBash"],"picked":"SKIP","floor":20},{"not_picked":["CrushJoints+1","EmptyFist","CutThroughFate"],"picked":"SKIP","floor":22},{"not_picked":["Protect+1","Crescendo","JustLucky"],"picked":"SKIP","floor":24},{"not_picked":["EmptyMind","FlyingSleeves","SashWhip"],"picked":"SKIP","floor":28},{"not_picked":["LikeWater+1","ForeignInfluence","ReachHeaven"],"picked":"SKIP","floor":29}],"player_experience":342780,"relics_obtained":[{"floor":8,"key":"Sundial"},{"floor":9,"key":"Lizard Tail"},{"floor":12,"key":"Mango"},{"floor":24,"key":"Nunchaku"},{"floor":26,"key":"MawBank"}],"event_choices":[{"damage_healed":0,"gold_gain":100,"player_choice":"Pray","damage_taken":0,"max_hp_gain":0,"max_hp_loss":0,"event_name":"Golden Shrine","floor":2,"gold_loss":0},{"damage_healed":0,"gold_gain":0,"player_choice":"Forge","damage_taken":0,"max_hp_gain":0,"max_hp_loss":0,"event_name":"Accursed Blacksmith","floor":19,"gold_loss":0,"cards_upgraded":["Alpha"]},{"damage_healed":0,"gold_gain":0,"player_choice":"POTION ","damage_taken":12,"max_hp_gain":0,"max_hp_loss":0,"event_name":"Knowing Skull","floor":21,"potions_obtained":["SpeedPotion"],"gold_loss":0,"cards_obtained":[]}],"is_beta":false,"boss_relics":[{"not_picked":["Calling Bell","Philosopher\u0027s Stone"],"picked":"SlaversCollar"}],"items_purged_floors":[],"is_endless":false,"potions_floor_spawned":[1,10,12,13,14,16,18,20,29],"killed_by":"Snake Plant","ascension_level":2}}