{"host":"sav7uxregyirlf69","time":1609988249,"event":{"mods":["AchievementEnabler","BaseMod","Colored Map","DeckTracker","Keyboard Shortcuts","Minty Spire (QoL Compilation)","READ ME - Guardian Mod","StSLib","SuperFastMode"],"gold_per_floor":[117,167,181,18,35,35,48,77,77,77,77,2,2,16,16,89,89,103,127,144,171,171,171],"floor_reached":22,"playtime":474,"items_purged":["Strike_B"],"score":368,"play_id":"f87a5580-c85b-4da6-a2a2-4fa599526419","local_time":"20210107115729","is_ascension_mode":true,"campfire_choices":[{"data":"Dualcast","floor":6,"key":"SMITH"},{"data":"Zap","floor":10,"key":"SMITH"},{"data":"Coolheaded","floor":13,"key":"SMITH"},{"data":"Genetic Algorithm","floor":15,"key":"SMITH"}],"circlet_count":0,"master_deck":["AscendersBane","Strike_B","Strike_B","Defend_B","Defend_B","Defend_B","Zap+1","Dualcast+1","Coolheaded+1","Genetic Algorithm+1","Sweeping Beam","Cold Snap","Go for the Eyes","Buffer","Ball Lightning","Reboot","Turbo","Ball Lightning+1","Loop"],"relics":["Cracked Core","ClockworkSouvenir","Matryoshka","PreservedInsect","Inserter","Strawberry","Blood Vial","Red Mask"],"acts_visited":["Exordium","TheCity"],"potions_floor_usage":[8,16,20,21],"damage_taken":[{"damage":5.0,"enemies":"Jaw Worm","floor":1.0,"turns":5.0},{"damage":1,"enemies":"Cultist","floor":3,"turns":4},{"damage":2,"enemies":"2 Louse","floor":5,"turns":3},{"damage":7,"enemies":"Blue Slaver","floor":7,"turns":3},{"damage":9,"enemies":"Lagavulin","floor":8,"turns":9},{"damage":4,"enemies":"Exordium Thugs","floor":14,"turns":5},{"damage":3,"enemies":"The Guardian","floor":16,"turns":12},{"damage":19,"enemies":"Shell Parasite","floor":18,"turns":6},{"damage":11,"enemies":"2 Thieves","floor":20,"turns":4},{"damage":23,"enemies":"Masked Bandits","floor":21,"turns":4},{"damage":19,"enemies":"Cultist and Chosen","floor":22,"turns":5}],"seed_played":"7114095373275948515","potions_obtained":[{"floor":1.0,"key":"PowerPotion"},{"floor":5,"key":"PowerPotion"},{"floor":16,"key":"Ancient Potion"},{"floor":18,"key":"DistilledChaos"},{"floor":20,"key":"BlessingOfTheForge"}],"is_trial":false,"path_per_floor":["M","?","M","$","M","R","M","E","T","R","?","$","R","M","R","B",null,"M","T","M","?","M"],"character_chosen":"DEFECT","items_purchased":["ClockworkSouvenir"],"campfire_rested":0,"item_purchase_floors":[4],"current_hp_per_floor":[59,53,52,52,50,50,43,34,34,34,34,34,34,30,30,27,55,36,43,34,13,0,0],"gold":171,"neow_bonus":"TRANSFORM_TWO_CARDS","is_daily":false,"chose_seed":false,"campfire_upgraded":4,"win_rate":0.0,"timestamp":1609988249,"path_taken":["M","?","M","?","M","R","?","E","T","R","?","$","R","M","R","BOSS","M","?","M","?","M"],"items_purchased_type":["Relic"],"build_version":"2020-12-22","purchased_purges":1,"victory":false,"max_hp_per_floor":[64,64,64,64,64,64,64,64,64,64,64,64,64,64,64,64,64,64,71,71,71,71,71],"card_choices":[{"not_picked":["Lockon","Coolheaded"],"picked":"Sweeping Beam","floor":1.0},{"not_picked":["Stack","Loop","Skim"],"picked":"SKIP","floor":3},{"not_picked":["Sweeping Beam","Leap"],"picked":"Cold Snap","floor":5},{"not_picked":["Redo","FTL"],"picked":"Go for the Eyes","floor":7},{"not_picked":["Scrape","Storm","Reprogram"],"picked":"SKIP","floor":8},{"not_picked":["Gash","Go for the Eyes"],"picked":"Ball Lightning","floor":14},{"not_picked":["Creative AI","Echo Form"],"picked":"Reboot","floor":16},{"not_picked":["Hologram","Cold Snap"],"picked":"Turbo","floor":18},{"not_picked":["Hello World","Cold Snap"],"picked":"Ball Lightning+1","floor":20},{"not_picked":["Stack","Cold Snap"],"picked":"Loop","floor":21}],"player_experience":1168028,"relics_obtained":[{"floor":8,"key":"Matryoshka"},{"floor":9,"key":"PreservedInsect"},{"floor":19,"key":"Strawberry"},{"floor":19,"key":"Blood Vial"},{"floor":21,"key":"Red Mask"}],"event_choices":[{"damage_healed":0,"gold_gain":50,"player_choice":"Touch","damage_taken":6,"max_hp_gain":0,"max_hp_loss":0,"event_name":"FaceTrader","floor":2,"gold_loss":0},{"damage_healed":0,"gold_gain":0,"player_choice":"1 cards matched","damage_taken":0,"max_hp_gain":0,"max_hp_loss":0,"event_name":"Match and Keep!","floor":11,"gold_loss":0,"cards_obtained":["Buffer"]},{"damage_healed":0,"gold_gain":0,"player_choice":"Fought Bandits","damage_taken":0,"max_hp_gain":0,"max_hp_loss":0,"event_name":"Masked Bandits","floor":21,"gold_loss":0}],"is_beta":false,"boss_relics":[{"not_picked":["Snecko Eye","Velvet Choker"],"picked":"Inserter"}],"items_purged_floors":[12],"is_endless":false,"potions_floor_spawned":[1,5,16,18,20],"killed_by":"Cultist and Chosen","ascension_level":20}}