{"host":"9ylwqx3xq4e4v98b","time":1609993633,"event":{"mods":["AchievementEnabler","BaseMod","Better Silent Start","Card Forge","Colored Map","DeckTracker","Minty Spire (QoL Compilation)","Permanent Neow","Quick Restart","Spicy Shops","StSLib","SuperFastMode","Td1madao Mod"],"gold_per_floor":[163,263,275,295,295,38,38,113,113,113,113,145,161,186,186,262,262,279,279,299,65,65,84,115,77,104,118,118,137,137,157,157,235,235,249,249,296,322,345,684,696,172,197,197,225,45,58,69,69,69],"floor_reached":51,"playtime":2428,"items_purged":["Slice","Acrobatics","Entrench+1"],"score":1849,"play_id":"d59c09bf-6d9c-4edd-915a-a63b2ba645b6","local_time":"20210106202713","is_ascension_mode":true,"campfire_choices":[{"data":"Deflect","floor":7,"key":"SMITH"},{"data":"Footwork","floor":11,"key":"SMITH"},{"data":"PiercingWail","floor":15,"key":"SMITH"},{"data":"Mayhem","floor":30,"key":"SMITH"},{"data":"Outmaneuver","floor":32,"key":"SMITH"},{"data":"Skewer","floor":41,"key":"SMITH"},{"data":"Burst","floor":44,"key":"SMITH"},{"data":"Concentrate","floor":49,"key":"SMITH"}],"circlet_count":0,"master_deck":["AscendersBane","Neutralize+1","Dodge and Roll+1","Burst+1","Blur+1","Backflip+1","After Image+1","Adrenaline+1","Juggernaut+1","Footwork+1","Outmaneuver+1","Backflip+1","Deflect+1","PiercingWail+1","Outmaneuver+1","Escape Plan+1","Mayhem+1","Footwork+1","Blur+1","Cloak And Dagger+1","Burst+1","Adrenaline+1","Prepared+1","Skewer+1","Doppelganger+1","Burst+1","Finesse+1","PiercingWail+1","Parasite","Concentrate+1"],"relics":["Hammer of Thor","Seething Fire","Anvil of the Gods","Tiny House","Mummified Hand","Membership Card","Oddly Smooth Stone","Letter Opener","Gremlin Horn","Dream Catcher","SlaversCollar","Calipers","PreservedInsect","Tiny Chest","Black Star","MawBank","Shuriken","Old Coin","Potion Belt","Question Card","Pantograph","Bag of Marbles","Smiling Mask","Pen Nib","Lee\u0027s Waffle","Bag of Preparation"],"acts_visited":["Exordium","TheCity","TheBeyond"],"potions_floor_usage":[0,4,4,4,24,50,50,50],"damage_taken":[{"damage":0,"enemies":"Small Slimes","floor":1,"turns":1},{"damage":0,"enemies":"Cultist","floor":3,"turns":2},{"damage":7,"enemies":"Jaw Worm","floor":4,"turns":2},{"damage":0,"enemies":"Gremlin Nob","floor":12,"turns":4},{"damage":0,"enemies":"3 Louse","floor":13,"turns":2},{"damage":3,"enemies":"3 Sentries","floor":14,"turns":5},{"damage":0,"enemies":"Hexaghost","floor":16,"turns":5},{"damage":0,"enemies":"2 Thieves","floor":18,"turns":2},{"damage":0,"enemies":"Chosen","floor":20,"turns":2},{"damage":0,"enemies":"Snake Plant","floor":23,"turns":2},{"damage":23,"enemies":"Slavers","floor":24,"turns":4},{"damage":0,"enemies":"Chosen and Byrds","floor":27,"turns":2},{"damage":0,"enemies":"Centurion and Healer","floor":29,"turns":3},{"damage":21,"enemies":"Snake Plant","floor":31,"turns":3},{"damage":0,"enemies":"Automaton","floor":33,"turns":5},{"damage":0,"enemies":"Orb Walker","floor":35,"turns":4},{"damage":0,"enemies":"3 Darklings","floor":38,"turns":3},{"damage":0,"enemies":"Transient","floor":39,"turns":5},{"damage":0,"enemies":"Nemesis","floor":40,"turns":3},{"damage":0,"enemies":"Reptomancer","floor":45,"turns":1},{"damage":0,"enemies":"Writhing Mass","floor":47,"turns":2},{"damage":0,"enemies":"3 Darklings","floor":48,"turns":2},{"damage":0,"enemies":"Awakened One","floor":50,"turns":6}],"seed_played":"2287164602876600660","potions_obtained":[{"floor":0,"key":"EntropicBrew"},{"floor":4,"key":"SmokeBomb"},{"floor":13,"key":"Energy Potion"},{"floor":14,"key":"LiquidMemories"},{"floor":23,"key":"FairyPotion"},{"floor":29,"key":"Fire Potion"},{"floor":35,"key":"ColorlessPotion"},{"floor":39,"key":"EssenceOfSteel"}],"is_trial":false,"path_per_floor":["M","?","M","M","?","$","R","?","T","?","R","E","M","E","R","B",null,"M","?","M","$","?","M","E","$","T","M","?","M","R","M","R","B",null,"M","?","T","M","M","E","R","$","T","R","E","$","M","M","R","B",null],"character_chosen":"THE_SILENT","items_purchased":["Membership Card","Oddly Smooth Stone","Deflect","Slice","Calipers","Mayhem","Finesse","Potion Belt","Block Potion","Question Card","Pantograph","Lee\u0027s Waffle","Bag of Preparation","Energy Potion"],"campfire_rested":0,"item_purchase_floors":[6,6,6,6,21,21,42,42,42,42,42,46,46,46],"current_hp_per_floor":[64,64,64,57,46,46,46,35,35,35,35,35,35,32,32,32,61,61,41,41,41,41,41,18,18,18,18,18,18,18,21,21,21,60,60,60,60,60,60,60,60,60,60,60,60,76,76,76,76,76],"gold":69,"neow_bonus":"BOSS_RELIC","is_daily":false,"chose_seed":false,"campfire_upgraded":8,"win_rate":0.0,"timestamp":1609993633,"path_taken":["M","?","M","?","?","$","R","?","T","?","R","E","M","E","R","BOSS","M","?","M","$","?","M","E","$","T","?","?","M","R","M","R","BOSS","M","?","?","M","M","E","R","$","T","R","E","?","M","M","R","BOSS"],"items_purchased_type":["Relic","Relic","Card","Card","Relic","Card","Card","Relic","Potion","Relic","Relic","Relic","Relic","Potion"],"build_version":"2020-12-22","purchased_purges":3,"victory":true,"max_hp_per_floor":[71,71,71,71,71,71,71,71,71,71,71,71,71,71,71,71,71,71,76,76,76,73,73,73,73,73,73,73,73,73,73,73,73,73,73,69,69,69,69,69,69,69,69,69,69,76,76,76,76,76],"card_choices":[{"not_picked":["Backflip","Tactician"],"picked":"Dodge and Roll","floor":0},{"not_picked":["Quick Slash","Eviscerate"],"picked":"Footwork","floor":1},{"not_picked":["Sucker Punch","Reflex"],"picked":"Outmaneuver","floor":3},{"not_picked":["Dagger Spray","Distraction"],"picked":"Backflip","floor":4},{"not_picked":["Bouncing Flask","Prepared"],"picked":"PiercingWail","floor":12},{"not_picked":["Heel Hook","Infinite Blades","Poisoned Stab"],"picked":"SKIP","floor":13},{"not_picked":["Eviscerate","Predator","Wraith Form v2"],"picked":"SKIP","floor":14},{"not_picked":["Catalyst","Underhanded Strike"],"picked":"Outmaneuver","floor":18},{"not_picked":["Underhanded Strike","Quick Slash"],"picked":"Escape Plan+1","floor":20},{"not_picked":["Acrobatics","Accuracy"],"picked":"Footwork","floor":23},{"not_picked":["Heel Hook","Bane"],"picked":"Blur+1","floor":24},{"not_picked":["Setup","Distraction"],"picked":"Cloak And Dagger+1","floor":27},{"not_picked":["Slice","Poisoned Stab"],"picked":"Acrobatics","floor":29},{"not_picked":["Cloak And Dagger","Blade Dance","Distraction"],"picked":"SKIP","floor":31},{"not_picked":["Malaise","Adrenaline"],"picked":"Burst","floor":33},{"not_picked":["Flying Knee+1","Quick Slash+1"],"picked":"Prepared","floor":35},{"not_picked":["All Out Attack+1","Accuracy","Sucker Punch"],"picked":"SKIP","floor":38},{"not_picked":["Dagger Spray","Setup"],"picked":"Burst","floor":39},{"not_picked":["Dagger Spray","Masterful Stab","Quick Slash"],"picked":"SKIP","floor":40},{"not_picked":["Sucker Punch","Flying Knee","Deadly Poison+1"],"picked":"PiercingWail+1","floor":45},{"not_picked":["Slice","Flying Knee","PiercingWail","Noxious Fumes"],"picked":"SKIP","floor":47},{"not_picked":["Crippling Poison","Deflect","Acrobatics"],"picked":"Concentrate","floor":48}],"player_experience":188686,"relics_obtained":[{"floor":9,"key":"Letter Opener"},{"floor":12,"key":"Gremlin Horn"},{"floor":14,"key":"Dream Catcher"},{"floor":24,"key":"PreservedInsect"},{"floor":26,"key":"Tiny Chest"},{"floor":37,"key":"MawBank"},{"floor":40,"key":"Shuriken"},{"floor":40,"key":"Old Coin"},{"floor":43,"key":"Bag of Marbles"},{"floor":45,"key":"Smiling Mask"},{"floor":45,"key":"Pen Nib"}],"event_choices":[{"damage_healed":0,"gold_gain":100,"player_choice":"Gold","damage_taken":0,"max_hp_gain":0,"max_hp_loss":0,"event_name":"Wheel of Change","floor":2,"gold_loss":0},{"damage_healed":0,"gold_gain":0,"player_choice":"Success","damage_taken":11,"relics_obtained":["Mummified Hand"],"max_hp_gain":0,"max_hp_loss":0,"event_name":"Scrap Ooze","floor":5,"gold_loss":0},{"damage_healed":0,"gold_gain":75,"player_choice":"Gather Gold","damage_taken":11,"max_hp_gain":0,"max_hp_loss":0,"event_name":"World of Goop","floor":8,"gold_loss":0},{"damage_healed":0,"gold_gain":0,"player_choice":"Grow","damage_taken":0,"max_hp_gain":0,"max_hp_loss":0,"event_name":"Living Wall","floor":10,"gold_loss":0,"cards_upgraded":["Outmaneuver"]},{"damage_healed":0,"gold_gain":0,"player_choice":"Shed Blood","damage_taken":25,"max_hp_gain":5,"max_hp_loss":0,"event_name":"Forgotten Altar","floor":19,"gold_loss":0},{"damage_healed":0,"gold_gain":0,"player_choice":"2 cards matched","damage_taken":0,"max_hp_gain":0,"max_hp_loss":0,"event_name":"Match and Keep!","floor":22,"gold_loss":0,"cards_obtained":["Parasite","Unload"]},{"damage_healed":0,"gold_gain":0,"player_choice":"Ignored","damage_taken":0,"max_hp_gain":0,"max_hp_loss":0,"event_name":"Beggar","floor":28,"gold_loss":0},{"damage_healed":0,"gold_gain":0,"player_choice":"Max HP","damage_taken":0,"max_hp_gain":0,"max_hp_loss":4,"event_name":"Winding Halls","floor":36,"gold_loss":0}],"is_beta":false,"boss_relics":[{"not_picked":["Runic Pyramid","Calling Bell"],"picked":"SlaversCollar"},{"not_picked":["Velvet Choker","Runic Dome"],"picked":"Black Star"}],"items_purged_floors":[25,42,42],"is_endless":false,"potions_floor_spawned":[1,4,13,14,23,29,33,35,39,40,47],"ascension_level":15}}