{"host":"FirstDane","time":1609986761,"event":{"mods":["BaseMod","Bestiary","Highlight Path","Minty Spire (QoL Compilation)","Relic Stats","Slay the Relics Exporter"],"gold_per_floor":[117,137,155,27,27,53,53,84,130,5,31,31,31,48,48,127,127,143,162,162,172,172,204,218,218,218,245,245,265,190,207,207,279,279,297,52,71,83,0,15,15,15,42,42,67,67,80,108,108,108,108,108,108,54,54,54],"floor_reached":55,"playtime":7287,"items_purged":["Strike_G"],"score":1970,"play_id":"2a6d89b3-d028-42bf-9ae4-7691ab76083a","local_time":"20210106203241","is_ascension_mode":true,"campfire_choices":[{"data":"All Out Attack","floor":7,"key":"SMITH"},{"data":"Noxious Fumes","floor":13,"key":"SMITH"},{"data":"Dodge and Roll","floor":15,"key":"SMITH"},{"data":"Burst","floor":25,"key":"SMITH"},{"floor":28,"key":"REST"},{"data":"Deadly Poison","floor":32,"key":"SMITH"},{"floor":41,"key":"RECALL"},{"data":"Envenom","floor":44,"key":"SMITH"},{"data":"Malaise","floor":46,"key":"SMITH"},{"data":"After Image","floor":49,"key":"SMITH"},{"data":"Tools of the Trade","floor":53,"key":"SMITH"}],"circlet_count":0,"master_deck":["AscendersBane","Defend_G","Defend_G","Defend_G","Defend_G","Survivor","Neutralize","Backstab","Poisoned Stab","All Out Attack+1","Tools of the Trade+1","Blade Dance","Noxious Fumes+1","Acrobatics","Dodge and Roll+1","Predator","Backstab+1","Escape Plan+1","Outmaneuver+1","Backflip+1","Deadly Poison+1","Deflect+1","Burst+1","After Image+1","PiercingWail","Quick Slash","Concentrate","Malaise+1","Acrobatics+1","Envenom+1","Deadly Poison+1","Cloak And Dagger+1","Terror"],"relics":["Ring of the Snake","FossilizedHelix","Question Card","Oddly Smooth Stone","Omamori","Thread and Needle","Astrolabe","Bottled Lightning","Akabeko","Coffee Dripper","OrangePellets","Red Mask","Lantern","White Beast Statue","The Specimen"],"acts_visited":["Exordium","TheCity","TheBeyond","TheEnding"],"potions_floor_usage":[6,8,16,23,23,27,35,38,48,48,50],"damage_taken":[{"damage":0,"enemies":"2 Louse","floor":1,"turns":4},{"damage":0,"enemies":"Jaw Worm","floor":2,"turns":3},{"damage":0,"enemies":"Cultist","floor":3,"turns":3},{"damage":23,"enemies":"Lagavulin","floor":6,"turns":8},{"damage":22,"enemies":"Gremlin Nob","floor":8,"turns":5},{"damage":0,"enemies":"Lagavulin","floor":11,"turns":5},{"damage":0,"enemies":"3 Louse","floor":14,"turns":2},{"damage":7,"enemies":"Slime Boss","floor":16,"turns":8},{"damage":0,"enemies":"Chosen","floor":18,"turns":4},{"damage":0,"enemies":"2 Thieves","floor":19,"turns":4},{"damage":6,"enemies":"Sentry and Sphere","floor":21,"turns":6},{"damage":8,"enemies":"Slavers","floor":23,"turns":7},{"damage":0,"enemies":"Shelled Parasite and Fungi","floor":24,"turns":5},{"damage":26,"enemies":"Gremlin Leader","floor":27,"turns":9},{"damage":0,"enemies":"Centurion and Healer","floor":29,"turns":7},{"damage":9,"enemies":"Snecko","floor":31,"turns":6},{"damage":8,"enemies":"Champ","floor":33,"turns":14},{"damage":8,"enemies":"3 Darklings","floor":35,"turns":6},{"damage":0,"enemies":"Orb Walker","floor":37,"turns":3},{"damage":0,"enemies":"Maw","floor":38,"turns":9},{"damage":0,"enemies":"Spire Growth","floor":40,"turns":6},{"damage":0,"enemies":"Nemesis","floor":45,"turns":9},{"damage":0,"enemies":"Jaw Worm Horde","floor":47,"turns":5},{"damage":7,"enemies":"Giant Head","floor":48,"turns":7},{"damage":28,"enemies":"Donu and Deca","floor":50,"turns":13},{"damage":10,"enemies":"Awakened One","floor":51,"turns":24},{"damage":68,"enemies":"Shield and Spear","floor":55,"turns":6}],"seed_played":"6252691220840848763","potions_obtained":[{"floor":2,"key":"Explosive Potion"},{"floor":6,"key":"BlessingOfTheForge"},{"floor":8,"key":"Ancient Potion"},{"floor":11,"key":"SkillPotion"},{"floor":21,"key":"Ancient Potion"},{"floor":23,"key":"Explosive Potion"},{"floor":29,"key":"Fire Potion"},{"floor":33,"key":"SteroidPotion"},{"floor":38,"key":"Block Potion"},{"floor":48,"key":"Block Potion"}],"is_trial":false,"path_per_floor":["M","M","M","$","?","E","R","E","T","$","E","?","R","M","R","B",null,"M","M","?","M","?","E","M","R","T","E","R","M","?","M","R","B",null,"M","$","M","M","?","M","R","?","T","R","E","R","M","E","R","B","B",null,"R","$","E"],"character_chosen":"THE_SILENT","items_purchased":["Block Potion","Noxious Fumes","Acrobatics","OrangePellets","Regen Potion","BlessingOfTheForge"],"campfire_rested":1,"item_purchase_floors":[4,10,10,36,36,54],"current_hp_per_floor":[59,59,59,59,64,41,41,19,19,19,19,19,19,19,19,12,52,52,52,52,46,46,38,38,38,38,12,31,31,31,22,22,14,52,44,44,44,59,59,59,59,59,59,59,59,59,59,52,52,24,14,52,52,52,0,0],"gold":54,"neow_bonus":"ONE_RARE_RELIC","is_daily":false,"chose_seed":false,"campfire_upgraded":9,"win_rate":0.0,"timestamp":1609986761,"path_taken":["M","M","M","$","?","E","R","E","T","$","E","?","R","M","R","BOSS","M","M","?","M","?","E","?","R","T","E","R","M","?","M","R","BOSS","M","$","?","?","?","M","R","?","T","R","E","R","M","E","R","BOSS","BOSS","R","$","E"],"items_purchased_type":["Potion","Card","Card","Relic","Potion","Potion"],"build_version":"2020-12-18","purchased_purges":1,"victory":false,"max_hp_per_floor":[60,60,60,60,65,65,65,65,65,65,65,65,65,65,65,65,65,65,65,65,65,65,65,65,65,65,65,65,65,65,65,65,65,65,65,65,65,65,65,65,65,65,65,65,65,65,65,65,65,65,65,65,65,65,65,65],"relic_stats":{"OrangePellets":[7],"counters":[27,188],"Astrolabe":["Backstab","Escape Plan","Outmaneuver"],"Question Card":20,"obtain_stats":[{"Lantern":43,"The Specimen":48,"Astrolabe":17,"Oddly Smooth Stone":8,"Thread and Needle":11,"Omamori":9,"Question Card":6,"Akabeko":27,"White Beast Statue":45,"OrangePellets":36,"Coffee Dripper":34,"Red Mask":39,"Bottled Lightning":23,"FossilizedHelix":0,"Ring of the Snake":0},{"Lantern":21,"The Specimen":24,"Astrolabe":8,"Oddly Smooth Stone":5,"Thread and Needle":6,"Omamori":5,"Question Card":4,"Akabeko":14,"White Beast Statue":22,"OrangePellets":18,"Coffee Dripper":17,"Red Mask":20,"Bottled Lightning":12,"FossilizedHelix":0,"Ring of the Snake":0},{"Lantern":124,"The Specimen":145,"Astrolabe":38,"Oddly Smooth Stone":23,"Thread and Needle":28,"Omamori":23,"Question Card":18,"Akabeko":73,"White Beast Statue":133,"OrangePellets":106,"Coffee Dripper":100,"Red Mask":118,"Bottled Lightning":59,"FossilizedHelix":0,"Ring of the Snake":0}],"Ring of the Snake":[54]},"card_choices":[{"not_picked":["Dagger Throw","PiercingWail"],"picked":"Backstab","floor":1},{"not_picked":["Deflect","Dodge and Roll"],"picked":"Poisoned Stab","floor":2},{"not_picked":["Burst","Cloak And Dagger"],"picked":"All Out Attack","floor":3},{"not_picked":["Flying Knee","PiercingWail"],"picked":"Tools of the Trade","floor":6},{"not_picked":["Grand Finale","Well Laid Plans","Heel Hook"],"picked":"Blade Dance","floor":8},{"not_picked":["Bane","Noxious Fumes","Unload"],"picked":"Dodge and Roll","floor":11},{"not_picked":["Dagger Spray","Quick Slash","Outmaneuver"],"picked":"Predator","floor":14},{"not_picked":["Outmaneuver","Concentrate","Well Laid Plans"],"picked":"Backflip+1","floor":18},{"not_picked":["Dagger Throw","Dagger Spray","Quick Slash","Setup"],"picked":"SKIP","floor":19},{"not_picked":["Acrobatics","Prepared","Backstab","Reflex"],"picked":"SKIP","floor":21},{"not_picked":["All Out Attack","Riddle With Holes","Poisoned Stab"],"picked":"Deflect+1","floor":23},{"not_picked":["Poisoned Stab","Acrobatics","Escape Plan"],"picked":"Burst","floor":24},{"not_picked":["Accuracy","Infinite Blades","Dagger Throw"],"picked":"After Image","floor":27},{"not_picked":["Riddle With Holes","Underhanded Strike","Slice"],"picked":"PiercingWail","floor":29},{"not_picked":["Bane","Flying Knee","Infinite Blades","Riddle With Holes"],"picked":"SKIP","floor":31},{"not_picked":["Unload","Die Die Die","Tools of the Trade"],"picked":"Malaise","floor":33},{"not_picked":["Sucker Punch","Endless Agony+1","Dagger Spray+1"],"picked":"Acrobatics+1","floor":35},{"not_picked":["Quick Slash+1","Cloak And Dagger","Outmaneuver+1","Underhanded Strike"],"picked":"SKIP","floor":37},{"not_picked":["Backflip","Dagger Spray","Blade Dance"],"picked":"Envenom","floor":38},{"not_picked":["Cloak And Dagger","Dagger Throw","Footwork"],"picked":"Deadly Poison+1","floor":40},{"not_picked":["Dash","Poisoned Stab+1","All Out Attack","Acrobatics"],"picked":"SKIP","floor":45},{"not_picked":["Quick Slash","Prepared","Acrobatics"],"picked":"Cloak And Dagger+1","floor":47},{"not_picked":["Choke","Unload","Prepared"],"picked":"Terror","floor":48}],"player_experience":3855504,"relics_obtained":[{"floor":6,"key":"Question Card"},{"floor":8,"key":"Oddly Smooth Stone"},{"floor":9,"key":"Omamori"},{"floor":11,"key":"Thread and Needle"},{"floor":23,"key":"Bottled Lightning"},{"floor":27,"key":"Akabeko"},{"floor":43,"key":"Lantern"},{"floor":45,"key":"White Beast Statue"},{"floor":48,"key":"The Specimen"}],"event_choices":[{"damage_healed":0,"gold_gain":0,"player_choice":"Donut","damage_taken":0,"max_hp_gain":5,"max_hp_loss":0,"event_name":"Big Fish","floor":5,"gold_loss":0},{"damage_healed":0,"gold_gain":0,"player_choice":"Ignored","damage_taken":0,"max_hp_gain":0,"max_hp_loss":0,"event_name":"Shining Light","floor":12,"gold_loss":0},{"damage_healed":0,"gold_gain":0,"player_choice":"Read","damage_taken":0,"max_hp_gain":0,"max_hp_loss":0,"event_name":"The Library","floor":20,"gold_loss":0,"cards_obtained":["Deadly Poison"]},{"damage_healed":0,"gold_gain":0,"player_choice":"Ignored","damage_taken":0,"max_hp_gain":0,"max_hp_loss":0,"event_name":"N\u0027loth","floor":22,"gold_loss":0},{"damage_healed":0,"gold_gain":0,"cards_transformed":["Strike_G","Defend_G"],"player_choice":"Transformed Cards","damage_taken":0,"max_hp_gain":0,"max_hp_loss":0,"event_name":"Designer","floor":30,"gold_loss":75,"cards_obtained":["Quick Slash","Concentrate"]},{"damage_healed":0,"gold_gain":0,"player_choice":"Paid","damage_taken":0,"relics_obtained":["Red Mask"],"max_hp_gain":0,"max_hp_loss":0,"event_name":"Tomb of Lord Red Mask","floor":39,"gold_loss":83},{"damage_healed":0,"gold_gain":0,"player_choice":"Ignored","damage_taken":0,"max_hp_gain":0,"max_hp_loss":0,"event_name":"SecretPortal","floor":42,"gold_loss":0}],"is_beta":true,"boss_relics":[{"not_picked":["Tiny House","Pandora\u0027s Box"],"picked":"Astrolabe"},{"not_picked":["Empty Cage","WristBlade"],"picked":"Coffee Dripper"}],"items_purged_floors":[4],"is_endless":false,"potions_floor_spawned":[2,6,8,11,21,23,29,33,37,38,47,48],"killed_by":"Shield and Spear","ascension_level":20}}