{"host":"8i4doyxqctgl5qb0","time":1609989990,"event":{"mods":["AchievementEnabler","BaseMod","Block Reminder","Colored Powertips","Downfall","Marisa£®ÏF”Í°°ƒß¿Ì…≥£©","Minty Spire (QoL Compilation)","Permanent Neow","Potion Indicator Mod","Rare Cards Sparkle","StSLib","SuperFastMode"],"gold_per_floor":[119,133,133,144,144,173,173,199,222,234,246,216,228,256,268,377,389,420,449,476,504,26,26,57,57,57,87,87,105,122,149,149,254,254,271,15,15,35,48,48,68,68,68,68,68,91,91,91,91,91,91,91,14,46,46],"floor_reached":56,"playtime":1743,"items_purged":[],"score":1293,"play_id":"82968b61-76f8-422e-a8c0-1f2202b2188e","local_time":"20210107112630","is_ascension_mode":false,"campfire_choices":[{"floor":7.0,"key":"REST"},{"floor":10.0,"key":"REST"},{"floor":15.0,"key":"REST"},{"floor":23.0,"key":"REST"},{"floor":28.0,"key":"RECALL"},{"data":"Bullet Time","floor":32.0,"key":"SMITH"},{"data":"Envenom","floor":40.0,"key":"SMITH"},{"data":"Catalyst","floor":42.0,"key":"SMITH"},{"data":"Noxious Fumes","floor":47.0,"key":"SMITH"},{"data":"expansioncontent:DecasProtection","floor":49.0,"key":"SMITH"},{"data":"Apotheosis","floor":52.0,"key":"SMITH"}],"circlet_count":0,"master_deck":["Strike_G","Strike_G","Strike_G","Strike_G","Defend_G","Defend_G+1","Defend_G","Defend_G","Defend_G","Survivor","Neutralize+1","Bouncing Flask","Deadly Poison","Noxious Fumes+1","PiercingWail","Crippling Poison","Outmaneuver","Dagger Spray","Catalyst+1","Venomology","Bane","Bane","Bullet Time+1","expansioncontent:DashGenerateEvil","Bane+1","After Image","Leg Sweep","Deadly Poison","Envenom+1","Poisoned Stab","Defend_P","Deadly Poison","Bane+1","Madness","Madness","expansioncontent:DecasProtection+1","Apotheosis+1","Noxious Fumes","Quick Slash+1"],"relics":["Ring of the Snake","Dream Catcher","Omamori","MawBank","Tiny Chest","Ancient Tea Set","Calling Bell","Lantern","Mercury Hourglass","CaptainsWheel","Snake Skull","Akabeko","White Beast Statue","Eternal Feather","Juzu Bracelet","SacredBark","Paper Crane","Kunai","Pen Nib","Boot"],"acts_visited":["Exordium","TheCity","TheBeyond","TheEnding"],"potions_floor_usage":[55,55],"damage_taken":[{"damage":0.0,"enemies":"2 Louse","floor":1.0,"turns":2.0},{"damage":1.0,"enemies":"Jaw Worm","floor":2.0,"turns":4.0},{"damage":3.0,"enemies":"Small Slimes","floor":4.0,"turns":3.0},{"damage":38.0,"enemies":"3 Sentries","floor":6.0,"turns":8.0},{"damage":23.0,"enemies":"Lagavulin","floor":8.0,"turns":7.0},{"damage":2.0,"enemies":"Blue Slaver","floor":14.0,"turns":4.0},{"damage":12.0,"enemies":"The Guardian","floor":16.0,"turns":9.0},{"damage":3.0,"enemies":"Shell Parasite","floor":18.0,"turns":5.0},{"damage":0.0,"enemies":"Spheric Guardian","floor":19.0,"turns":3.0},{"damage":3.0,"enemies":"Snake Plant","floor":20.0,"turns":4.0},{"damage":15.0,"enemies":"3 Cultists","floor":21.0,"turns":6.0},{"damage":27.0,"enemies":"Slavers","floor":24.0,"turns":3.0},{"damage":0.0,"enemies":"Gremlin Leader","floor":27.0,"turns":5.0},{"damage":5.0,"enemies":"Centurion and Healer","floor":29.0,"turns":5.0},{"damage":14.0,"enemies":"Snake Plant","floor":30.0,"turns":4.0},{"damage":37.0,"enemies":"Collector","floor":33.0,"turns":9.0},{"damage":18.0,"enemies":"3 Darklings","floor":35.0,"turns":6.0},{"damage":0.0,"enemies":"Orb Walker","floor":38.0,"turns":3.0},{"damage":6.0,"enemies":"Sphere and 2 Shapes","floor":39.0,"turns":7.0},{"damage":9.0,"enemies":"Writhing Mass","floor":41.0,"turns":5.0},{"damage":97.0,"enemies":"Awakened One","floor":50.0,"turns":12.0},{"damage":0.0,"enemies":"Shield and Spear","floor":54.0,"turns":7.0},{"damage":42,"enemies":"The Heart","floor":55,"turns":7}],"seed_played":"4209382598141614901","potions_obtained":[{"floor":0.0,"key":"Strength Potion"},{"floor":0.0,"key":"LiquidMemories"},{"floor":0.0,"key":"CultistPotion"},{"floor":27.0,"key":"FairyPotion"},{"floor":54.0,"key":"Energy Potion"}],"is_trial":false,"path_per_floor":["M","M","$","M","?","E","R","E","T","R","?","?","?","M","R","B",null,"M","M","M","M","$","R","E","?","T","E","R","M","M","T","R","B",null,"M","$","?","M","M","R","M","R","T","?","?","T","R","?","R","B",null,"R","$","E","B",null],"character_chosen":"THE_SILENT","items_purchased":["Snake Skull","Bullet Time","expansioncontent:DashGenerateEvil","Paper Crane","Noxious Fumes"],"campfire_rested":4,"item_purchase_floors":[22,22,22,36,53],"current_hp_per_floor":[70,69,69,66,52,14,35,12,12,33,15,15,15,13,34,22,70,67,67,64,49,49,70,43,43,43,43,58,53,39,39,57,20,70,52,52,52,52,46,64,55,70,70,61,61,61,70,65,70,33,70,70,70,70,28],"gold":46,"neow_bonus":"THREE_SMALL_POTIONS","is_daily":false,"chose_seed":false,"campfire_upgraded":6,"win_rate":0.0,"timestamp":1609989990,"path_taken":["M","M","$","M","?","E","R","E","T","R","?","?","?","M","R","BOSS","M","M","M","M","$","R","E","?","T","E","R","M","M","?","R","BOSS","M","$","?","M","M","R","M","R","T","?","?","?","R","?","R","BOSS","R","$","E","BOSS"],"items_purchased_type":["Relic","Card","Card","Relic","Card"],"build_version":"2020-12-22","purchased_purges":0,"victory":true,"max_hp_per_floor":[70,70,70,70,70,70,70,70,70,70,70,70,70,70,70,70,70,70,70,70,70,70,70,70,70,70,70,70,70,70,70,70,70,70,70,70,70,70,70,70,70,70,70,70,70,70,70,70,70,70,70,70,70,70,70],"card_choices":[{"not_picked":["Flying Knee","Cloak And Dagger"],"picked":"Bouncing Flask","floor":1.0},{"not_picked":["Choke","Sucker Punch"],"picked":"Deadly Poison","floor":2.0},{"not_picked":["Poisoned Stab","Bane"],"picked":"Noxious Fumes","floor":4.0},{"not_picked":["Riddle With Holes","Dagger Throw","Slice"],"picked":"SKIP","floor":6.0},{"not_picked":["Slice","Cloak And Dagger"],"picked":"PiercingWail","floor":7.0},{"not_picked":["Blade Dance","Endless Agony"],"picked":"Crippling Poison","floor":8.0},{"not_picked":["Flying Knee","Riddle With Holes"],"picked":"Outmaneuver","floor":10.0},{"not_picked":["Outmaneuver","Flying Knee"],"picked":"Dagger Spray","floor":14.0},{"not_picked":["Unload","Quick Slash"],"picked":"Catalyst","floor":15.0},{"not_picked":["Unload","After Image"],"picked":"Venomology","floor":16.0},{"not_picked":["Slice","Dodge and Roll"],"picked":"Bane","floor":18.0},{"not_picked":["Blade Dance+1","Endless Agony+1","Concentrate"],"picked":"SKIP","floor":19.0},{"not_picked":["Cloak And Dagger","Sucker Punch","Underhanded Strike"],"picked":"SKIP","floor":20.0},{"not_picked":["Deflect+1","Flechettes"],"picked":"Bane","floor":21.0},{"not_picked":["All Out Attack","Acrobatics"],"picked":"Bane+1","floor":23.0},{"not_picked":["Deflect+1","Masterful Stab"],"picked":"After Image","floor":24.0},{"not_picked":["Acrobatics","Accuracy"],"picked":"Leg Sweep","floor":27.0},{"not_picked":["Sucker Punch","Underhanded Strike","Heel Hook+1"],"picked":"SKIP","floor":29.0},{"not_picked":["Quick Slash+1","PiercingWail"],"picked":"Deadly Poison","floor":30.0},{"not_picked":["Burst","Storm of Steel"],"picked":"Envenom","floor":33.0},{"not_picked":["Blade Dance","Dagger Throw+1"],"picked":"Poisoned Stab","floor":35.0},{"not_picked":["Choke","Dagger Throw+1","Outmaneuver"],"picked":"SKIP","floor":38.0},{"not_picked":["Dagger Throw","Storm of Steel"],"picked":"Deadly Poison","floor":39.0},{"not_picked":["Outmaneuver+1","Backstab+1"],"picked":"Bane+1","floor":41.0},{"not_picked":["expansioncontent:GoopSpray","Sadistic Nature"],"picked":"expansioncontent:DecasProtection","floor":48.0},{"not_picked":["Impatience","Deep Breath"],"picked":"Apotheosis","floor":48.0},{"not_picked":["Predator","Corpse Explosion"],"picked":"Quick Slash+1","floor":54.0}],"player_experience":106165,"relics_obtained":[{"floor":6.0,"key":"Dream Catcher"},{"floor":8.0,"key":"Omamori"},{"floor":9.0,"key":"MawBank"},{"floor":17.0,"key":"Lantern"},{"floor":17.0,"key":"Mercury Hourglass"},{"floor":17.0,"key":"CaptainsWheel"},{"floor":24.0,"key":"Akabeko"},{"floor":27.0,"key":"Eternal Feather"},{"floor":31.0,"key":"Juzu Bracelet"},{"floor":43.0,"key":"Kunai"},{"floor":46.0,"key":"Pen Nib"},{"floor":54.0,"key":"Boot"}],"event_choices":[{"damage_healed":0.0,"max_hp_gain":0.0,"max_hp_loss":0.0,"gold_gain":0.0,"event_name":"Shining Light","player_choice":"Entered Light","floor":5.0,"gold_loss":0.0,"damage_taken":14.0,"cards_upgraded":["Neutralize","Defend_G"]},{"damage_healed":0.0,"max_hp_gain":0.0,"max_hp_loss":0.0,"gold_gain":0.0,"event_name":"Scrap Ooze","player_choice":"Success","floor":11.0,"gold_loss":0.0,"damage_taken":18.0,"relics_obtained":["Tiny Chest"]},{"damage_healed":0.0,"max_hp_gain":0.0,"max_hp_loss":0.0,"gold_gain":0.0,"event_name":"World of Goop","player_choice":"Left Gold","floor":12.0,"gold_loss":42.0,"damage_taken":0.0},{"damage_healed":0.0,"max_hp_gain":0.0,"max_hp_loss":0.0,"gold_gain":0.0,"event_name":"Big Fish","player_choice":"Box","floor":13.0,"gold_loss":0.0,"damage_taken":0.0,"relics_obtained":["Ancient Tea Set"],"cards_obtained":["Regret"]},{"damage_healed":0.0,"max_hp_gain":0.0,"max_hp_loss":0.0,"gold_gain":0.0,"event_name":"Addict","player_choice":"Stole Relic","floor":25.0,"gold_loss":0.0,"damage_taken":0.0,"relics_obtained":["White Beast Statue"],"cards_obtained":["Shame"]},{"cards_removed":["Shame"],"damage_healed":0.0,"max_hp_gain":0.0,"max_hp_loss":0.0,"gold_gain":0.0,"event_name":"NoteForYourself","player_choice":"Took Card","floor":37.0,"gold_loss":0.0,"damage_taken":0.0,"cards_obtained":["Defend_P"]},{"damage_healed":0.0,"max_hp_gain":0.0,"max_hp_loss":0.0,"gold_gain":0.0,"event_name":"Winding Halls","player_choice":"Embrace Madness","floor":44.0,"gold_loss":0.0,"damage_taken":9.0,"cards_obtained":["Madness","Madness"]},{"cards_removed":["Strike_G"],"damage_healed":0.0,"max_hp_gain":0.0,"max_hp_loss":0.0,"gold_gain":0.0,"event_name":"Falling","player_choice":"Removed Attack","floor":45.0,"gold_loss":0.0,"damage_taken":0.0},{"damage_healed":0.0,"max_hp_gain":0.0,"max_hp_loss":0.0,"gold_gain":0.0,"event_name":"SensoryStone","player_choice":"Memory 2","floor":48.0,"gold_loss":0.0,"damage_taken":5.0}],"is_beta":false,"boss_relics":[{"not_picked":["Pandora\u0027s Box","Tiny House"],"picked":"Calling Bell"},{"not_picked":["Black Star","HoveringKite"],"picked":"SacredBark"}],"items_purged_floors":[],"is_endless":false,"potions_floor_spawned":[1,8,20,27,29,30,33,35,38,39,41,54],"ascension_level":0}}