{"host":"Tuck","time":1609982124,"event":{"mods":["BaseMod","Minty Spire (QoL Compilation)","StSLib"],"gold_per_floor":[118,118,135,238,257,288,288,318,318,318,318,337,365,187,187,285,285,305,220,234,234,248,277,277,308,331,331,331,357,369,394,394,497,497,511,511,531,549,549,582,390,390,440,492,346,378,378,759,759,759,759,759,405,431,431],"floor_reached":56,"playtime":7563,"items_purged":["Strike_G","Strike_G"],"score":1743,"play_id":"a6b64d85-9066-4373-8da4-3f427773c570","local_time":"20210106181524","is_ascension_mode":true,"campfire_choices":[{"floor":10,"key":"RECALL"},{"data":"Footwork","floor":15,"key":"SMITH"},{"data":"A Thousand Cuts","floor":24,"key":"SMITH"},{"data":"Crippling Poison","floor":32,"key":"SMITH"},{"data":"Crippling Poison","floor":42,"key":"SMITH"},{"floor":49,"key":"REST"},{"data":"After Image","floor":52,"key":"SMITH"}],"circlet_count":0,"master_deck":["Defend_G","Defend_G","Defend_G","Survivor","Neutralize","Tactician","Crippling Poison+1","A Thousand Cuts+1","Bouncing Flask+1","Footwork+1","Poisoned Stab","Noxious Fumes","Backflip","After Image","Noxious Fumes","Malaise","Tactician+1","Distraction+1","Dagger Throw+1","Well Laid Plans","Footwork","Cloak And Dagger","Setup","Corpse Explosion","Madness","Madness","Crippling Poison+1","Footwork","PiercingWail+1","After Image+1","Apotheosis+1","Catalyst","Cloak And Dagger","PiercingWail+1"],"relics":["Ring of the Snake","Medical Kit","Turnip","Art of War","Blue Candle","Astrolabe","Bag of Preparation","Oddly Smooth Stone","Boot","Ancient Tea Set","Juzu Bracelet","Mummified Hand","Darkstone Periapt","Snake Skull","HoveringKite","Gremlin Horn","OrangePellets","Toy Ornithopter","CaptainsWheel","Regal Pillow","MealTicket","Bottled Lightning","Potion Belt","Old Coin","Membership Card","Lantern","Anchor","Happy Flower"],"acts_visited":["Exordium","TheCity","TheBeyond","TheEnding"],"potions_floor_usage":[44,45],"damage_taken":[{"damage":0,"enemies":"Small Slimes","floor":1,"turns":4},{"damage":0,"enemies":"2 Louse","floor":3,"turns":3},{"damage":0,"enemies":"Jaw Worm","floor":5,"turns":4},{"damage":10,"enemies":"Gremlin Nob","floor":6,"turns":4},{"damage":0,"enemies":"3 Sentries","floor":8,"turns":5},{"damage":0,"enemies":"Exordium Thugs","floor":12,"turns":4},{"damage":6,"enemies":"Lagavulin","floor":13,"turns":5},{"damage":8,"enemies":"The Guardian","floor":16,"turns":10},{"damage":0,"enemies":"Chosen","floor":18,"turns":6},{"damage":1,"enemies":"2 Thieves","floor":20,"turns":3},{"damage":0,"enemies":"3 Cultists","floor":22,"turns":2},{"damage":0,"enemies":"Gremlin Leader","floor":23,"turns":5},{"damage":6,"enemies":"Book of Stabbing","floor":25,"turns":5},{"damage":0,"enemies":"Slavers","floor":29,"turns":4},{"damage":4,"enemies":"Snake Plant","floor":30,"turns":4},{"damage":0,"enemies":"Book of Stabbing","floor":31,"turns":4},{"damage":0,"enemies":"Automaton","floor":33,"turns":8},{"damage":0,"enemies":"3 Shapes","floor":35,"turns":3},{"damage":0,"enemies":"Orb Walker","floor":37,"turns":3},{"damage":3,"enemies":"Writhing Mass","floor":38,"turns":5},{"damage":1,"enemies":"Reptomancer","floor":40,"turns":5},{"damage":0,"enemies":"2 Orb Walkers","floor":44,"turns":3},{"damage":0,"enemies":"Nemesis","floor":46,"turns":7},{"damage":0,"enemies":"Reptomancer","floor":48,"turns":4},{"damage":0,"enemies":"Mind Bloom Boss Battle","floor":48,"turns":5},{"damage":8,"enemies":"Time Eater","floor":50,"turns":7},{"damage":0,"enemies":"Shield and Spear","floor":54,"turns":5},{"damage":0,"enemies":"The Heart","floor":55,"turns":7}],"seed_played":"2995588893027423056","potions_obtained":[{"floor":5,"key":"Explosive Potion"},{"floor":6,"key":"SkillPotion"},{"floor":18,"key":"PowerPotion"},{"floor":44,"key":"Swift Potion"},{"floor":48,"key":"GhostInAJar"},{"floor":48,"key":"ColorlessPotion"},{"floor":54,"key":"GhostInAJar"}],"is_trial":false,"path_per_floor":["M","?","M","$","M","E","?","E","T","R","?","M","E","$","R","B",null,"M","?","M","T","M","E","R","E","T","?","?","E","M","E","R","B",null,"M","?","M","M","?","E","$","R","T","?","$","E","?","E","R","B",null,"R","$","E","B",null],"character_chosen":"THE_SILENT","items_purchased":["Footwork","Medical Kit","Poison Potion","Noxious Fumes","Footwork","OrangePellets","Fruit Juice","SkillPotion","Membership Card","Lantern","Anchor","LiquidMemories","Cloak And Dagger"],"campfire_rested":1,"item_purchase_floors":[4,4,4,14,41,41,45,45,53,53,53,53,53],"current_hp_per_floor":[70,70,70,70,70,60,53,53,53,53,53,53,47,47,47,39,70,70,70,69,69,69,69,69,63,63,80,80,80,76,76,76,76,80,80,80,80,77,67,66,66,66,66,71,81,81,81,81,85,77,85,85,85,85,85],"gold":431,"neow_bonus":"THREE_CARDS","is_daily":false,"chose_seed":false,"campfire_upgraded":5,"win_rate":0.0,"timestamp":1609982124,"path_taken":["M","?","M","$","M","E","?","E","T","R","?","M","E","$","R","BOSS","M","?","M","?","M","E","R","E","T","?","?","E","M","E","R","BOSS","M","?","M","M","?","E","?","R","T","?","$","E","?","E","R","BOSS","R","$","E","BOSS"],"items_purchased_type":["Card","Relic","Potion","Card","Card","Relic","Potion","Potion","Relic","Relic","Relic","Potion","Card"],"build_version":"2020-12-18","purchased_purges":2,"victory":true,"max_hp_per_floor":[70,70,70,70,70,70,70,70,70,70,70,70,70,70,70,70,70,70,70,70,70,70,70,70,70,70,80,80,80,80,80,80,80,80,80,80,80,80,80,80,80,80,80,80,85,85,85,85,85,85,85,85,85,85,85],"card_choices":[{"not_picked":["Dagger Throw","Slice"],"picked":"Tactician","floor":0},{"not_picked":["Quick Slash","Prepared"],"picked":"Crippling Poison","floor":1},{"not_picked":["Expertise","Flechettes"],"picked":"Bouncing Flask","floor":3},{"not_picked":["Dagger Spray","Infinite Blades"],"picked":"Poisoned Stab","floor":5},{"not_picked":["Riddle With Holes","Wraith Form v2"],"picked":"Noxious Fumes","floor":6},{"not_picked":["Dagger Throw","Venomology","Quick Slash"],"picked":"SKIP","floor":8},{"not_picked":["Masterful Stab","Dodge and Roll"],"picked":"Backflip","floor":12},{"not_picked":["Terror","Poisoned Stab"],"picked":"After Image","floor":13},{"not_picked":["Phantasmal Killer","Wraith Form v2"],"picked":"Malaise","floor":16},{"not_picked":["Accuracy","Deadly Poison"],"picked":"Dagger Throw+1","floor":18},{"not_picked":["Tactician","Deflect","Riddle With Holes"],"picked":"SKIP","floor":20},{"not_picked":["Heel Hook+1","Expertise+1","Slice"],"picked":"SKIP","floor":22},{"not_picked":["Quick Slash+1","Night Terror"],"picked":"Well Laid Plans","floor":23},{"not_picked":["Riddle With Holes","Flying Knee","Underhanded Strike"],"picked":"SKIP","floor":25},{"not_picked":["Cloak And Dagger","Noxious Fumes"],"picked":"Footwork","floor":29},{"not_picked":["Outmaneuver","Bane"],"picked":"Cloak And Dagger","floor":30},{"not_picked":["Cloak And Dagger","Blade Dance"],"picked":"Setup","floor":31},{"not_picked":["Doppelganger","Malaise"],"picked":"Corpse Explosion","floor":33},{"not_picked":["Outmaneuver+1","Backstab","Expertise"],"picked":"SKIP","floor":35},{"not_picked":["Deflect+1","Cloak And Dagger","Endless Agony"],"picked":"SKIP","floor":37},{"not_picked":["Poisoned Stab","All Out Attack+1","Flying Knee+1"],"picked":"SKIP","floor":38},{"not_picked":["All Out Attack","Glass Knife"],"picked":"Crippling Poison","floor":40},{"not_picked":["Cloak And Dagger+1","Heel Hook"],"picked":"PiercingWail+1","floor":44},{"not_picked":["Deflect","Distraction","Dagger Throw+1"],"picked":"SKIP","floor":46},{"not_picked":["Dodge and Roll+1","Blade Dance+1"],"picked":"After Image","floor":48},{"not_picked":["Tactician","Underhanded Strike+1"],"picked":"Catalyst","floor":48},{"not_picked":["Bane+1","Acrobatics"],"picked":"PiercingWail+1","floor":54}],"player_experience":2248087,"relics_obtained":[{"floor":6,"key":"Girya"},{"floor":8,"key":"Art of War"},{"floor":13,"key":"Blue Candle"},{"floor":21,"key":"Oddly Smooth Stone"},{"floor":23,"key":"Boot"},{"floor":25,"key":"Ancient Tea Set"},{"floor":26,"key":"Juzu Bracelet"},{"floor":29,"key":"Darkstone Periapt"},{"floor":31,"key":"Snake Skull"},{"floor":40,"key":"Gremlin Horn"},{"floor":43,"key":"Toy Ornithopter"},{"floor":44,"key":"CaptainsWheel"},{"floor":46,"key":"Regal Pillow"},{"floor":48,"key":"MealTicket"},{"floor":48,"key":"Old Coin"},{"floor":54,"key":"Happy Flower"}],"event_choices":[{"damage_healed":0,"gold_gain":0,"cards_transformed":["Strike_G"],"player_choice":"Change","damage_taken":0,"max_hp_gain":0,"max_hp_loss":0,"event_name":"Living Wall","floor":2,"gold_loss":0,"cards_obtained":["A Thousand Cuts"]},{"damage_healed":0,"gold_gain":0,"player_choice":"Success","damage_taken":7,"relics_obtained":["Turnip"],"max_hp_gain":0,"max_hp_loss":0,"event_name":"Scrap Ooze","floor":7,"gold_loss":0},{"damage_healed":0,"gold_gain":0,"player_choice":"Ignored","damage_taken":0,"max_hp_gain":0,"max_hp_loss":0,"event_name":"Liars Game","floor":11,"gold_loss":0},{"damage_healed":0,"gold_gain":0,"player_choice":"Obtained Relic","damage_taken":0,"relics_obtained":["Bag of Preparation"],"max_hp_gain":0,"max_hp_loss":0,"event_name":"Addict","floor":19,"gold_loss":85},{"cards_removed":["Die Die Die"],"damage_healed":7,"gold_gain":0,"player_choice":"Offered Rare","damage_taken":0,"max_hp_gain":10,"max_hp_loss":0,"event_name":"Bonfire Elementals","floor":27,"gold_loss":0},{"damage_healed":0,"gold_gain":0,"player_choice":"Upgraded","damage_taken":0,"max_hp_gain":0,"max_hp_loss":0,"event_name":"Upgrade Shrine","floor":28,"gold_loss":0,"cards_upgraded":["Bouncing Flask"]},{"damage_healed":0,"gold_gain":0,"player_choice":"Ignored","damage_taken":0,"max_hp_gain":0,"max_hp_loss":0,"event_name":"Tomb of Lord Red Mask","floor":36,"gold_loss":0},{"damage_healed":0,"gold_gain":0,"player_choice":"Embrace Madness","damage_taken":10,"max_hp_gain":0,"max_hp_loss":0,"event_name":"Winding Halls","floor":39,"gold_loss":0,"cards_obtained":["Madness","Madness"]},{"damage_healed":0,"gold_gain":0,"player_choice":"Fight","damage_taken":0,"max_hp_gain":0,"max_hp_loss":0,"event_name":"Mysterious Sphere","floor":44,"gold_loss":0},{"cards_removed":["Defend_G"],"damage_healed":0,"gold_gain":0,"player_choice":"Purged","damage_taken":0,"max_hp_gain":0,"max_hp_loss":0,"event_name":"Purifier","floor":47,"gold_loss":0},{"damage_healed":0,"gold_gain":0,"player_choice":"Fight","damage_taken":0,"max_hp_gain":0,"max_hp_loss":0,"event_name":"MindBloom","floor":48,"gold_loss":0}],"is_beta":true,"boss_relics":[{"not_picked":["Cursed Key","Sozu"],"picked":"Astrolabe"},{"not_picked":["Velvet Choker","Philosopher\u0027s Stone"],"picked":"HoveringKite"}],"items_purged_floors":[4,14],"is_endless":false,"potions_floor_spawned":[5,6,8,16,18,22,25,29,31,40,44,48,48,54],"ascension_level":1}}