{"host":"ig7tc0uedzltt2sr","time":1609980720,"event":{"mods":["BaseMod","Better Twitch Integration","Block Reminder","Colored Map","Colored Powertips","Communication Mod","Current Relic Mod","GifTheSpireLib","HexUI Lib","Minty Spire (QoL Compilation)","Quick Restart","Random Character Button","Rare Cards Sparkle","Relic Sorter","Relic Stats","Slay the Relics Exporter","StSLib","SuperFastMode","Synergy Search","Twitch Decklist","Twitch Utils","everything is the same but u backflip on backflip","slay the spire mod where everything is the same but ironclad has a cowboy hat"],"gold_per_floor":[112,77,87,104,104,116,135,135,135,109,124,124,149,160,160,160,160],"floor_reached":16,"playtime":163,"items_purged":[],"score":106,"play_id":"fb8aa6d3-cc66-40be-bf0a-8fd02a0c2386","local_time":"20210106165200","is_ascension_mode":false,"campfire_choices":[{"data":"Iron Wave","floor":12,"key":"SMITH"},{"data":"Strike_R","floor":15,"key":"SMITH"}],"circlet_count":0,"master_deck":["Strike_R+1","Strike_R","Strike_R","Strike_R","Strike_R","Defend_R","Defend_R","Defend_R","Defend_R","Bash","Perfected Strike","Entrench","Spot Weakness","Iron Wave+1","Headbutt","Rage","Dropkick","Juggernaut","Clothesline"],"relics":["Burning Blood","Thread and Needle","White Beast Statue"],"acts_visited":["Exordium"],"potions_floor_usage":[],"damage_taken":[{"damage":11,"enemies":"2 Louse","floor":1,"turns":9},{"damage":16,"enemies":"Small Slimes","floor":3,"turns":8},{"damage":7,"enemies":"Cultist","floor":4,"turns":6},{"damage":20,"enemies":"Large Slime","floor":6,"turns":12},{"damage":7,"enemies":"Exordium Wildlife","floor":7,"turns":6},{"damage":8,"enemies":"Exordium Thugs","floor":10,"turns":5},{"damage":5,"enemies":"Red Slaver","floor":11,"turns":5},{"damage":27,"enemies":"3 Sentries","floor":13,"turns":8},{"damage":5,"enemies":"Exordium Wildlife","floor":14,"turns":6},{"damage":43,"enemies":"The Guardian","floor":16,"turns":5}],"seed_played":"5210624201316734347","potions_obtained":[{"floor":3,"key":"Swift Potion"},{"floor":7,"key":"BloodPotion"},{"floor":10,"key":"LiquidBronze"},{"floor":11,"key":"PowerPotion"},{"floor":14,"key":"Strength Potion"}],"is_trial":false,"path_per_floor":["M","?","M","M","?","M","M","?","T","M","M","R","E","M","R","B"],"character_chosen":"IRONCLAD","items_purchased":[],"campfire_rested":0,"item_purchase_floors":[],"current_hp_per_floor":[67,72,62,61,61,47,46,46,46,58,59,59,38,39,39,0,0],"gold":160,"neow_bonus":"ONE_RARE_RELIC","is_daily":false,"chose_seed":false,"campfire_upgraded":2,"win_rate":0.0,"timestamp":1609980720,"path_taken":["M","?","M","M","?","M","M","?","T","M","M","R","E","M","R","BOSS"],"items_purchased_type":[],"build_version":"2020-12-22","purchased_purges":0,"victory":false,"max_hp_per_floor":[72,72,72,72,72,72,72,72,72,72,72,72,72,72,72,72,72],"relic_stats":{"counters":[10,70],"obtain_stats":[{"Thread and Needle":0,"Burning Blood":0,"White Beast Statue":13},{"Thread and Needle":0,"Burning Blood":0,"White Beast Statue":8},{"Thread and Needle":0,"Burning Blood":0,"White Beast Statue":59}],"Burning Blood":54},"card_choices":[{"not_picked":["Clothesline","Sword Boomerang"],"picked":"Perfected Strike","floor":1},{"not_picked":["True Grit","Wild Strike"],"picked":"Entrench","floor":3},{"not_picked":["True Grit","Combust"],"picked":"Spot Weakness","floor":4},{"not_picked":["Anger","Cleave"],"picked":"Iron Wave","floor":6},{"not_picked":["Anger","Armaments"],"picked":"Headbutt","floor":7},{"not_picked":["Flex","Ghostly Armor"],"picked":"Rage","floor":10},{"not_picked":["Pommel Strike","Spot Weakness"],"picked":"Dropkick","floor":11},{"not_picked":["Shrug It Off","Heavy Blade"],"picked":"Juggernaut","floor":13},{"not_picked":["Blood for Blood","Perfected Strike"],"picked":"Clothesline","floor":14}],"player_experience":1433905,"relics_obtained":[{"floor":13,"key":"White Beast Statue"}],"event_choices":[{"damage_healed":18,"gold_gain":0,"player_choice":"Healed","damage_taken":0,"max_hp_gain":0,"max_hp_loss":0,"event_name":"The Cleric","floor":2,"gold_loss":35},{"damage_healed":0,"gold_gain":0,"player_choice":"Ignored","damage_taken":0,"max_hp_gain":0,"max_hp_loss":0,"event_name":"Liars Game","floor":5,"gold_loss":0},{"damage_healed":0,"gold_gain":0,"player_choice":"Ignored","damage_taken":0,"max_hp_gain":0,"max_hp_loss":0,"event_name":"Golden Wing","floor":8,"gold_loss":0}],"is_beta":false,"boss_relics":[],"items_purged_floors":[],"is_endless":false,"potions_floor_spawned":[3,7,10,11,14],"killed_by":"The Guardian","ascension_level":0}}