{"host":"ds1yr10zonoc6w4a","time":1609992248,"event":{"mods":["BaseMod","Better Match","Better Third Choice","BetterRewards","Minty Spire (QoL Compilation)","StSLib","The Animator"],"gold_per_floor":[114,114,114,147,72,107,107,132,132,24,84,84,102,125,125,125,125],"floor_reached":16,"playtime":947,"items_purged":[],"score":289,"play_id":"d7aa9ae2-2ca2-4dde-a761-083865ca18fb","local_time":"20210106210408","is_ascension_mode":true,"campfire_choices":[{"data":"animator:YuiTsuruno","floor":7,"key":"SMITH"},{"data":"animator:Sloth","floor":15,"key":"SMITH"}],"circlet_count":0,"master_deck":["AscendersBane","animator:Defend_MadokaMagica","animator:Strike+1","animator:Defend","animator:Defend","animator:Defend+1","animator:IrohaTamaki","animator:YuiTsuruno+1","animator:Sloth+1","animator:Sloth","animator:Togame","animator:Zero","animator:PandorasActor","animator:Aisha"],"relics":["animator:LivingPicture","animator:TheMissingPiece","animator:PurgingStone","NeowsBlessing","Anchor","TungstenRod","Darkstone Periapt","Bottled Flame"],"acts_visited":["Exordium"],"potions_floor_usage":[16,16],"damage_taken":[{"damage":0,"enemies":"Jaw Worm","floor":1,"turns":1},{"damage":0,"enemies":"Gremlin Nob","floor":6,"turns":1},{"damage":0,"enemies":"Lagavulin","floor":8,"turns":1},{"damage":15,"enemies":"Lagavulin Event","floor":11,"turns":6},{"damage":0,"enemies":"Small Slimes","floor":13,"turns":3},{"damage":0,"enemies":"2 Louse","floor":14,"turns":3},{"damage":29,"enemies":"Hexaghost","floor":16,"turns":15}],"seed_played":"-4939174231629356887","potions_obtained":[{"floor":11,"key":"DistilledChaos"},{"floor":13,"key":"Swift Potion"}],"is_trial":false,"path_per_floor":["M","?","?","?","?","E","R","E","T","$","?","?","M","M","R","B"],"character_chosen":"THE_ANIMATOR","items_purchased":["animator:Zero"],"campfire_rested":0,"item_purchase_floors":[10],"current_hp_per_floor":[54,54,36,36,36,36,36,36,36,36,21,26,26,26,26,0,0],"gold":125,"neow_bonus":"THREE_ENEMY_KILL","is_daily":false,"chose_seed":false,"campfire_upgraded":2,"win_rate":0.0,"timestamp":1609992248,"path_taken":["M","?","?","?","?","E","R","E","T","?","?","?","M","M","R","BOSS"],"items_purchased_type":["Card"],"build_version":"2020-12-22","purchased_purges":0,"victory":false,"max_hp_per_floor":[60,60,60,60,60,60,60,60,60,60,60,65,65,65,65,65,65],"card_choices":[{"not_picked":["animator:Berserker","animator:YaoHaDucy"],"picked":"animator:Sloth","floor":1},{"not_picked":["animator:ZankiKiguchi","animator:DwarfShaman"],"picked":"animator:Sloth","floor":6},{"not_picked":["animator:MetalKnight","animator:Elsword"],"picked":"animator:Togame","floor":8},{"not_picked":["animator:ChaikaBohdan","animator:Vanir"],"picked":"animator:PandorasActor","floor":13},{"not_picked":["animator:Rider","animator:Albedo"],"picked":"animator:Aisha","floor":14}],"player_experience":664058,"relics_obtained":[{"floor":6,"key":"Anchor"},{"floor":8,"key":"TungstenRod"},{"floor":9,"key":"Darkstone Periapt"},{"floor":11,"key":"Bottled Flame"}],"event_choices":[{"cards_removed":["animator:Strike"],"damage_healed":0,"gold_gain":0,"player_choice":"Forget","damage_taken":0,"max_hp_gain":0,"max_hp_loss":0,"event_name":"Living Wall","floor":2,"gold_loss":0},{"damage_healed":54,"gold_gain":0,"player_choice":"Upgrade","damage_taken":18,"max_hp_gain":0,"max_hp_loss":60,"event_name":"betterThird:BetterShining","floor":3,"gold_loss":0,"cards_upgraded":["animator:Defend","animator:Strike"]},{"cards_removed":["animator:Strike"],"damage_healed":0,"gold_gain":0,"player_choice":"Card Removal","damage_taken":0,"max_hp_gain":0,"max_hp_loss":0,"event_name":"The Cleric","floor":5,"gold_loss":75},{"damage_healed":0,"gold_gain":0,"player_choice":"Searched \u00271\u0027 times","damage_taken":0,"max_hp_gain":0,"max_hp_loss":0,"event_name":"Dead Adventurer","floor":11,"gold_loss":0},{"damage_healed":0,"gold_gain":0,"player_choice":"Donut","damage_taken":0,"max_hp_gain":5,"max_hp_loss":0,"event_name":"Big Fish","floor":12,"gold_loss":0}],"is_beta":false,"boss_relics":[],"items_purged_floors":[],"is_endless":false,"potions_floor_spawned":[11,13],"killed_by":"Hexaghost","ascension_level":17}}