{"host":"fxh4234sf5pb3xr6","time":1609996953,"event":{"mods":["BaseMod","Colored Map","Colored Powertips","Minty Spire (QoL Compilation)","StSLib"],"gold_per_floor":[111,111,111,127,146,186,207,240,265,265,290,290,330,330,330,449,449,468,482,482,505,505,505,521,521,544,181,181,181,199,215,215,215,215],"floor_reached":33,"playtime":1643,"items_purged":["Defend_B"],"score":390,"play_id":"cddbffa7-f082-41bb-bb79-0a94b43656ed","local_time":"20210107002233","is_ascension_mode":true,"campfire_choices":[{"floor":12,"key":"REST"},{"floor":15,"key":"REST"},{"floor":23,"key":"REST"},{"floor":25,"key":"REST"},{"data":"Creative AI","floor":29,"key":"SMITH"},{"data":"Storm","floor":32,"key":"SMITH"}],"circlet_count":0,"master_deck":["Strike_B+1","Strike_B+1","Defend_B","Zap+1","Dualcast+1","Master of Strategy","Loop","Hologram","Cold Snap","Cold Snap","Rip and Tear+1","Conserve Battery","Cold Snap+1","Beam Cell+1","Ball Lightning+1","Creative AI+1","Cold Snap+1","Cold Snap+1","Rip and Tear+1","Storm+1","Consume","Cold Snap+1"],"relics":["Cracked Core","Golden Idol","Molten Egg 2","PreservedInsect","Art of War","Whetstone","Velvet Choker","War Paint","FossilizedHelix","Bird Faced Urn"],"acts_visited":["Exordium","TheCity"],"potions_floor_usage":[8,13,13,33,33],"damage_taken":[{"damage":2,"enemies":"Jaw Worm","floor":1,"turns":3},{"damage":0,"enemies":"Small Slimes","floor":4,"turns":3},{"damage":1,"enemies":"Cultist","floor":5,"turns":4},{"damage":29,"enemies":"Lagavulin","floor":6,"turns":10},{"damage":6,"enemies":"Looter","floor":7,"turns":2},{"damage":5,"enemies":"Gremlin Nob","floor":8,"turns":3},{"damage":1,"enemies":"Large Slime","floor":11,"turns":7},{"damage":0,"enemies":"3 Sentries","floor":13,"turns":5},{"damage":10,"enemies":"Hexaghost","floor":16,"turns":8},{"damage":16,"enemies":"Shell Parasite","floor":18,"turns":4},{"damage":8,"enemies":"2 Thieves","floor":19,"turns":4},{"damage":9,"enemies":"Sentry and Sphere","floor":21,"turns":6},{"damage":15,"enemies":"Snake Plant","floor":24,"turns":4},{"damage":5,"enemies":"3 Cultists","floor":30,"turns":5},{"damage":12,"enemies":"Centurion and Healer","floor":31,"turns":4},{"damage":57,"enemies":"Automaton","floor":33,"turns":8}],"seed_played":"-7518813487246691906","potions_obtained":[{"floor":1,"key":"Energy Potion"},{"floor":4,"key":"EssenceOfSteel"},{"floor":8,"key":"EssenceOfSteel"},{"floor":16,"key":"Swift Potion"},{"floor":18,"key":"BlessingOfTheForge"}],"is_trial":false,"path_per_floor":["M","?","?","M","M","E","M","E","T","?","M","R","E","?","R","B",null,"M","M","?","M","?","R","M","R","T","$","?","R","M","M","R","B"],"character_chosen":"DEFECT","items_purchased":["FossilizedHelix"],"campfire_rested":4,"item_purchase_floors":[27],"current_hp_per_floor":[52,52,52,52,51,22,16,11,11,4,3,23,23,23,43,33,60,44,36,36,27,27,47,32,52,52,52,52,52,53,47,47,0,0],"gold":215,"neow_bonus":"RANDOM_COLORLESS_2","is_daily":false,"chose_seed":false,"campfire_upgraded":2,"win_rate":0.0,"timestamp":1609996953,"path_taken":["M","?","?","?","M","E","M","E","T","?","M","R","E","?","R","BOSS","M","M","?","?","?","R","M","R","T","$","?","R","?","?","R","BOSS"],"items_purchased_type":["Relic"],"build_version":"2020-12-22","purchased_purges":1,"victory":false,"max_hp_per_floor":[75,69,69,69,69,69,69,69,69,69,69,69,69,69,69,69,69,69,69,69,69,69,69,69,69,69,69,69,69,69,69,69,69,69],"card_choices":[{"not_picked":["Magnetism","HandOfGreed"],"picked":"Master of Strategy","floor":0},{"not_picked":["Hologram","Conserve Battery"],"picked":"Loop","floor":1},{"not_picked":["Redo","Hello World"],"picked":"Cold Snap","floor":4},{"not_picked":["Sweeping Beam","Barrage"],"picked":"Cold Snap","floor":5},{"not_picked":["Consume","Doom and Gloom+1"],"picked":"Rip and Tear+1","floor":6},{"not_picked":["Stack","Sweeping Beam+1"],"picked":"Conserve Battery","floor":7},{"not_picked":["Scrape+1","Auto Shields"],"picked":"Cold Snap+1","floor":8},{"not_picked":["Cold Snap+1","Capacitor"],"picked":"Beam Cell+1","floor":11},{"not_picked":["Meteor Strike+1","Static Discharge"],"picked":"Ball Lightning+1","floor":13},{"not_picked":["Meteor Strike+1","Seek"],"picked":"Creative AI","floor":16},{"not_picked":["Sweeping Beam+1","Turbo"],"picked":"Cold Snap+1","floor":18},{"not_picked":["Stack","Consume"],"picked":"Cold Snap+1","floor":19},{"not_picked":["Loop","Steam+1"],"picked":"Storm","floor":21},{"not_picked":["Leap+1","Stack","Scrape+1"],"picked":"SKIP","floor":24},{"not_picked":["Redo","Stack","Coolheaded"],"picked":"SKIP","floor":30},{"not_picked":["Fusion","Rebound+1","Go for the Eyes+1"],"picked":"SKIP","floor":31}],"player_experience":318986,"relics_obtained":[{"floor":6,"key":"Molten Egg 2"},{"floor":8,"key":"PreservedInsect"},{"floor":9,"key":"Art of War"},{"floor":13,"key":"Whetstone"},{"floor":26,"key":"War Paint"},{"floor":28,"key":"Bird Faced Urn"}],"event_choices":[{"damage_healed":0,"gold_gain":0,"player_choice":"Lose Max HP","damage_taken":0,"relics_obtained":["Golden Idol"],"max_hp_gain":0,"max_hp_loss":6,"event_name":"Golden Idol","floor":2,"gold_loss":0},{"damage_healed":0,"gold_gain":0,"cards_transformed":["Strike_B"],"player_choice":"Transformed","damage_taken":0,"max_hp_gain":0,"max_hp_loss":0,"event_name":"Transmorgrifier","floor":3,"gold_loss":0,"cards_obtained":["Hologram"]},{"cards_removed":["Strike_B"],"damage_healed":0,"gold_gain":0,"player_choice":"Card Removal","damage_taken":7,"max_hp_gain":0,"max_hp_loss":0,"event_name":"Golden Wing","floor":10,"gold_loss":0},{"damage_healed":0,"gold_gain":0,"player_choice":"Ignored","damage_taken":0,"max_hp_gain":0,"max_hp_loss":0,"event_name":"Liars Game","floor":14,"gold_loss":0},{"damage_healed":0,"gold_gain":0,"player_choice":"Copied","damage_taken":0,"max_hp_gain":0,"max_hp_loss":0,"event_name":"Duplicator","floor":20,"gold_loss":0,"cards_obtained":["Rip and Tear"]},{"damage_healed":0,"gold_gain":0,"cards_transformed":["Defend_B","Defend_B"],"player_choice":"Became Test Subject","damage_taken":0,"max_hp_gain":0,"max_hp_loss":0,"event_name":"Drug Dealer","floor":22,"gold_loss":0,"cards_obtained":["Consume","Cold Snap"]},{"damage_healed":0,"gold_gain":0,"player_choice":"Relic","damage_taken":0,"max_hp_gain":0,"max_hp_loss":0,"event_name":"Wheel of Change","floor":28,"gold_loss":0}],"is_beta":false,"boss_relics":[{"not_picked":["SlaversCollar","FrozenCore"],"picked":"Velvet Choker"}],"items_purged_floors":[27],"is_endless":false,"potions_floor_spawned":[1,4,8,16,18],"killed_by":"Automaton","ascension_level":5}}