{"host":"a0paspe0zwqgzttz","time":1609990845,"event":{"mods":["AchievementEnabler","Act Like it!","BaseMod","BetterRewards","Colored Powertips","Conspire","Downfall","GifTheSpireLib","Hermit","Highlight Path","Lobotomy","Mad Scientist","Marisa????????","Minty Spire (QoL Compilation)","Quick Restart","Replay The Spire","Robot Space Explorer","Shop Mod","StSLib","SuperFastMode","The Bug Knight","The Construct","The Cursed","The Hierophant","The Jungle","The Mystic","The Necromancer","The Runesmith","The Senshi","The Servant 0.9.4"],"gold_per_floor":[109,109,119,136,36,36,50,50,50,50,70,100,100,100,100,196,196,206,282,332,400,450,450,461,511,511,511,11,39,89,101,101,101,101],"floor_reached":33,"playtime":1228,"items_purged":[],"score":363,"play_id":"4603cbe4-1bb5-47bc-962f-8d8cc4da85f1","local_time":"20210106224045","is_ascension_mode":false,"campfire_choices":[{"data":"TheCursedMod:Hemoplague","floor":6,"key":"SMITH"},{"data":"TheCursedMod:SurpriseAttack","floor":8,"key":"SMITH"},{"floor":13,"key":"DIG"},{"floor":15,"key":"REST"},{"floor":23,"key":"REST"},{"floor":27,"key":"REST"},{"floor":32,"key":"DIG"}],"circlet_count":0,"master_deck":["TheCursedMod:Strike_TheCursed","TheCursedMod:Strike_TheCursed","TheCursedMod:Strike_TheCursed+1","TheCursedMod:Strike_TheCursed","TheCursedMod:Defend_TheCursed","TheCursedMod:Defend_TheCursed+1","TheCursedMod:Defend_TheCursed+1","TheCursedMod:Defend_TheCursed","TheCursedMod:CursedWand","TheCursedMod:CleanUpWorkshop","TheCursedMod:Dregs","TheCursedMod:SaltUponWound","TheCursedMod:Hemoplague+1","TheCursedMod:SurpriseAttack+1","Ghostly+1","TheCursedMod:LuckyCharm","TheCursedMod:FleshFromBone","TheCursedMod:Stigma","TheCursedMod:AntiAging","TheCursedMod:SpitefulStrike","TheCursedMod:Torture","Ghostly","Ghostly","Ghostly","Ghostly","Ghostly","TheCursedMod:SmokeScreen+1","TheCursedMod:Stigma"],"relics":["TheCursedMod:BlackMagicAdvanced","Toy Ornithopter","Singing Bowl","Shovel","Regal Pillow","SsserpentHead","Lantern","construct:RocketBooster","Toxic Egg 2","TheCursedMod:Tack","Runesmith:Nanobots","conspire:TreasureMap","Gremlin Food","construct:FoamFinger"],"acts_visited":["Exordium","TheCity"],"potions_floor_usage":[16,24,31,33],"damage_taken":[{"damage":2,"enemies":"conspire:RoseBush","floor":1,"turns":3},{"damage":0,"enemies":"Small Slimes","floor":3,"turns":4},{"damage":6,"enemies":"Jaw Worm","floor":4,"turns":4},{"damage":2,"enemies":"conspire:2 RoseBushes","floor":7,"turns":6},{"damage":3,"enemies":"Lots of Slimes","floor":11,"turns":6},{"damage":0,"enemies":"HollowMod:MossKnight","floor":12,"turns":10},{"damage":0,"enemies":"The Guardian","floor":16,"turns":8},{"damage":47,"enemies":"Chosen","floor":18,"turns":6},{"damage":14,"enemies":"Spheric Guardian","floor":21,"turns":5},{"damage":32,"enemies":"Snecko","floor":24,"turns":8},{"damage":20,"enemies":"conspire:SneckoGhost","floor":29,"turns":6},{"damage":1,"enemies":"conspire:HollyBat","floor":31,"turns":9},{"damage":34,"enemies":"Pondfish","floor":33,"turns":8}],"seed_played":"5705188896503386865","potions_obtained":[{"floor":4,"key":"SneckoOil"},{"floor":12,"key":"SteroidPotion"},{"floor":16,"key":"LiquidBronze"},{"floor":24,"key":"SkillPotion"}],"is_trial":false,"path_per_floor":["M","?","M","M","?","R","M","R","T","?","M","E","R","?","R","B",null,"M","T","T","M","?","R","M","?","T","R","$","E","?","M","R","B"],"character_chosen":"THE_CURSED","items_purchased":["TheCursedMod:Tack","Runesmith:Nanobots","conspire:TreasureMap"],"campfire_rested":3,"item_purchase_floors":[28,28,28],"current_hp_per_floor":[73,58,58,52,52,52,50,50,50,50,47,47,47,47,75,75,75,30,30,30,18,18,39,16,16,16,43,43,23,23,29,29,0,0],"gold":101,"neow_bonus":"RANDOM_COMMON_RELIC","is_daily":false,"chose_seed":false,"campfire_upgraded":2,"win_rate":0.0,"timestamp":1609990845,"path_taken":["M","?","M","M","?","R","M","R","T","?","?","E","R","?","R","BOSS","M","?","?","?","?","R","M","?","T","R","?","E","?","M","R","BOSS"],"items_purchased_type":["Relic","Relic","Relic"],"build_version":"2020-12-22","purchased_purges":0,"victory":false,"max_hp_per_floor":[75,75,75,75,75,75,75,75,75,75,75,75,75,75,75,75,75,77,77,77,79,39,39,43,43,43,43,43,43,43,45,45,45,45],"card_choices":[{"not_picked":["TheCursedMod:Stretching","TheCursedMod:Wield"],"picked":"TheCursedMod:SaltUponWound","floor":1},{"not_picked":["TheCursedMod:Torture","TheCursedMod:CursedBlade"],"picked":"TheCursedMod:Hemoplague","floor":3},{"not_picked":["TheCursedMod:RavingStaff","TheCursedMod:Stretching"],"picked":"TheCursedMod:SurpriseAttack","floor":4},{"not_picked":["TheCursedMod:RavingStaff","TheCursedMod:SurpriseAttack"],"picked":"TheCursedMod:LuckyCharm","floor":7},{"not_picked":["TheCursedMod:RapidMovement","TheCursedMod:SoulReap"],"picked":"TheCursedMod:FleshFromBone","floor":11},{"not_picked":["TheCursedMod:ForbiddenAlchemy","TheCursedMod:AshesToAshes"],"picked":"TheCursedMod:Stigma","floor":12},{"not_picked":["TheCursedMod:VoidForm","TheCursedMod:ManaCirculation"],"picked":"TheCursedMod:AntiAging","floor":16},{"not_picked":["TheCursedMod:CursedBlade","TheCursedMod:RavingStaff"],"picked":"TheCursedMod:SpitefulStrike","floor":18},{"not_picked":["TheCursedMod:HellfireBreathing+1","TheCursedMod:EmpowerCircles+1"],"picked":"TheCursedMod:Torture","floor":21},{"not_picked":["TheCursedMod:CursedAmulet","TheCursedMod:ManaBullet","TheCursedMod:FuryStrike+1"],"picked":"Singing Bowl","floor":24},{"not_picked":["TheCursedMod:ManaCirculation","TheCursedMod:RapidMovement+1"],"picked":"TheCursedMod:SmokeScreen+1","floor":29},{"not_picked":["TheCursedMod:ManaBullet","TheCursedMod:Obscuration+1"],"picked":"TheCursedMod:Stigma","floor":31}],"player_experience":441842,"relics_obtained":[{"floor":9,"key":"Singing Bowl"},{"floor":12,"key":"Shovel"},{"floor":13,"key":"Regal Pillow"},{"floor":19,"key":"Lantern"},{"floor":20,"key":"construct:RocketBooster"},{"floor":26,"key":"Toxic Egg 2"},{"floor":29,"key":"Gremlin Food"},{"floor":32,"key":"construct:FoamFinger"}],"event_choices":[{"damage_healed":0,"gold_gain":0,"player_choice":"Entered Light","damage_taken":15,"max_hp_gain":0,"max_hp_loss":0,"event_name":"Shining Light","floor":2,"gold_loss":0,"cards_upgraded":["TheCursedMod:Strike_TheCursed","TheCursedMod:Defend_TheCursed"]},{"damage_healed":0,"gold_gain":0,"player_choice":"Argue","damage_taken":0,"max_hp_gain":0,"max_hp_loss":0,"event_name":"conspire:LoneGhost","floor":5,"gold_loss":0},{"damage_healed":0,"gold_gain":0,"player_choice":"Trade","damage_taken":0,"relics_obtained":["SsserpentHead"],"max_hp_gain":0,"max_hp_loss":0,"event_name":"FaceTrader","floor":14,"gold_loss":0},{"damage_healed":0,"gold_gain":0,"player_choice":"Became a Ghost","damage_taken":0,"max_hp_gain":0,"max_hp_loss":40,"event_name":"Ghosts","floor":22,"gold_loss":0,"cards_obtained":["Ghostly","Ghostly","Ghostly","Ghostly","Ghostly"]},{"damage_healed":0,"gold_gain":0,"player_choice":"Ignored","damage_taken":0,"max_hp_gain":0,"max_hp_loss":0,"event_name":"Beggar","floor":25,"gold_loss":0}],"is_beta":false,"boss_relics":[{"not_picked":["conspire:SeveredTorchhead","Replay:Wanted Poster"],"picked":"TheCursedMod:BlackMagicAdvanced"}],"items_purged_floors":[],"is_endless":false,"potions_floor_spawned":[4,12,16,24],"killed_by":"Pondfish","ascension_level":0}}