{"host":"tnsigirk6wurdark","time":1609991413,"event":{"mods":["BaseMod","Colored Map","Colored Powertips","DeckTracker","Highlight Path","Minty Spire (QoL Compilation)","Quick Restart","Relic Sorter","StSLib","SuperFastMode","Synergy Search"],"gold_per_floor":[117,137,154,166,185,211,229,261,261,19,19,19,38,51,51,154,154,172,27,27,39,55,83,97,97,97,117,147,3,3,26,26,130,130,147,147,156,20,47,47,91,91,91,129,21,46,68,110,110,110,110],"floor_reached":50,"playtime":3965,"items_purged":["Strike_G","Strike_G","Strike_G"],"score":788,"play_id":"e94decd8-090d-4570-92dc-67960d938b9f","local_time":"20210107035013","is_ascension_mode":true,"campfire_choices":[{"floor":15,"key":"REST"},{"data":"Footwork","floor":25,"key":"SMITH"},{"data":"Footwork","floor":30,"key":"SMITH"},{"data":"Noxious Fumes","floor":32,"key":"SMITH"},{"data":"Night Terror","floor":40,"key":"SMITH"},{"data":"Slice","floor":42,"key":"SMITH"},{"data":"1","floor":49,"key":"LIFT"}],"circlet_count":0,"master_deck":["Strike_G","Defend_G","Defend_G","Defend_G","Defend_G","Defend_G","Survivor","Neutralize","Deflect","Slice","Slice+1","Footwork+1","PiercingWail","Dagger Spray","Backflip","Sadistic Nature","Footwork+1","Deflect","Night Terror+1","Infinite Blades+1","Noxious Fumes+1","Calculated Gamble","PiercingWail+1","Cloak And Dagger","Backflip+1","Caltrops+1","PiercingWail+1","Bandage Up","Deflect","Cloak And Dagger+1","Caltrops+1","Quick Slash+1","Bouncing Flask","Crippling Poison","Slice+1","Footwork+1"],"relics":["Ring of the Snake","Pantograph","White Beast Statue","Question Card","GremlinMask","Runic Pyramid","HandDrill","Thread and Needle","Letter Opener","Smiling Mask","InkBottle","CeramicFish","Philosopher\u0027s Stone","Bottled Tornado","Orichalcum","Girya","Potion Belt"],"acts_visited":["Exordium","TheCity","TheBeyond"],"potions_floor_usage":[5,7,8,13,14,14,16,16,18,21,22,23,23,27,28,28,33,33,33,39,39,39,41,44,46,47,48,50],"damage_taken":[{"damage":4,"enemies":"Jaw Worm","floor":1,"turns":9},{"damage":1,"enemies":"Cultist","floor":2,"turns":4},{"damage":0,"enemies":"Small Slimes","floor":3,"turns":3},{"damage":14,"enemies":"3 Louse","floor":4,"turns":4},{"damage":5,"enemies":"Exordium Wildlife","floor":5,"turns":6},{"damage":15,"enemies":"3 Sentries","floor":6,"turns":14},{"damage":6,"enemies":"Red Slaver","floor":7,"turns":5},{"damage":26,"enemies":"Lagavulin","floor":8,"turns":13},{"damage":0,"enemies":"3 Louse","floor":13,"turns":4},{"damage":1,"enemies":"Large Slime","floor":14,"turns":5},{"damage":73,"enemies":"Slime Boss","floor":16,"turns":19},{"damage":11,"enemies":"Spheric Guardian","floor":18,"turns":14},{"damage":12,"enemies":"3 Byrds","floor":21,"turns":8},{"damage":1,"enemies":"Snake Plant","floor":22,"turns":5},{"damage":0,"enemies":"Book of Stabbing","floor":23,"turns":9},{"damage":0,"enemies":"Shelled Parasite and Fungi","floor":24,"turns":7},{"damage":0,"enemies":"Snecko","floor":27,"turns":7},{"damage":0,"enemies":"Slavers","floor":28,"turns":6},{"damage":3,"enemies":"Cultist and Chosen","floor":31,"turns":9},{"damage":6,"enemies":"Champ","floor":33,"turns":16},{"damage":0,"enemies":"Orb Walker","floor":35,"turns":5},{"damage":4,"enemies":"3 Darklings","floor":39,"turns":6},{"damage":11,"enemies":"Giant Head","floor":41,"turns":12},{"damage":9,"enemies":"Nemesis","floor":44,"turns":9},{"damage":2,"enemies":"4 Shapes","floor":46,"turns":5},{"damage":0,"enemies":"Maw","floor":47,"turns":8},{"damage":8,"enemies":"Reptomancer","floor":48,"turns":8},{"damage":86,"enemies":"Time Eater","floor":50,"turns":12}],"seed_played":"-2432474524965338797","potions_obtained":[{"floor":3,"key":"Regen Potion"},{"floor":6,"key":"DistilledChaos"},{"floor":7,"key":"SpeedPotion"},{"floor":8,"key":"Weak Potion"},{"floor":13,"key":"EntropicBrew"},{"floor":14,"key":"Block Potion"},{"floor":16,"key":"LiquidMemories"},{"floor":18,"key":"ColorlessPotion"},{"floor":21,"key":"LiquidMemories"},{"floor":22,"key":"Dexterity Potion"},{"floor":23,"key":"Fruit Juice"},{"floor":24,"key":"Regen Potion"},{"floor":27,"key":"EntropicBrew"},{"floor":28,"key":"AttackPotion"},{"floor":31,"key":"ColorlessPotion"},{"floor":33,"key":"Fire Potion"},{"floor":35,"key":"Dexterity Potion"},{"floor":39,"key":"DistilledChaos"},{"floor":41,"key":"LiquidBronze"},{"floor":44,"key":"Fire Potion"},{"floor":46,"key":"EssenceOfSteel"},{"floor":47,"key":"FearPotion"},{"floor":48,"key":"Fire Potion"}],"is_trial":false,"path_per_floor":["M","M","M","M","M","E","M","E","T","$","?","$","M","M","R","B",null,"M","$","T","M","M","E","M","R","T","M","E","$","R","M","R","B",null,"M","?","?","$","M","R","E","R","T","E","$","M","M","E","R","B"],"character_chosen":"THE_SILENT","items_purchased":["Sadistic Nature","HandDrill","CeramicFish","Deflect","Strength Potion","Bouncing Flask"],"campfire_rested":1,"item_purchase_floors":[10,19,29,38,38,45],"current_hp_per_floor":[66,65,65,51,61,46,40,14,14,14,14,14,14,13,34,7,70,59,59,59,47,46,51,51,51,51,66,66,66,66,63,63,69,75,75,75,70,70,70,70,63,63,63,58,58,60,64,60,60,0,0],"gold":110,"neow_bonus":"THREE_CARDS","is_daily":false,"chose_seed":false,"campfire_upgraded":5,"win_rate":0.0,"timestamp":1609991413,"path_taken":["M","M","M","M","M","E","M","E","T","$","?","$","M","M","R","BOSS","M","$","?","M","M","E","M","R","T","?","E","$","R","M","R","BOSS","M","?","?","$","M","R","E","R","T","E","$","M","M","E","R","BOSS"],"items_purchased_type":["Card","Relic","Relic","Card","Potion","Card"],"build_version":"2020-12-22","purchased_purges":3,"victory":false,"max_hp_per_floor":[70,70,70,70,70,70,70,70,70,70,70,70,70,70,70,70,70,70,70,70,70,70,75,75,75,75,75,75,75,75,75,75,75,75,75,75,75,75,75,75,75,75,75,75,75,75,75,75,75,75,75],"card_choices":[{"not_picked":["Bane","Outmaneuver"],"picked":"Deflect","floor":0},{"not_picked":["Bane","Backflip"],"picked":"Slice","floor":1},{"not_picked":["Bane","Deflect"],"picked":"Slice","floor":2},{"not_picked":["Distraction","Underhanded Strike"],"picked":"Footwork","floor":3},{"not_picked":["Acrobatics","Blade Dance","Caltrops"],"picked":"SKIP","floor":4},{"not_picked":["Concentrate","Poisoned Stab"],"picked":"PiercingWail","floor":5},{"not_picked":["Prepared","Blade Dance","Choke"],"picked":"SKIP","floor":6},{"not_picked":["Deadly Poison","Outmaneuver"],"picked":"Dagger Spray","floor":7},{"not_picked":["Dodge and Roll","Underhanded Strike"],"picked":"Backflip","floor":8},{"not_picked":["Cloak And Dagger","Expertise","Deflect"],"picked":"Footwork","floor":13},{"not_picked":["Reflex","Catalyst","Acrobatics"],"picked":"Deflect","floor":14},{"not_picked":["Bullet Time","Adrenaline","Storm of Steel"],"picked":"Night Terror","floor":16},{"not_picked":["Heel Hook","Noxious Fumes","Cloak And Dagger+1"],"picked":"Infinite Blades+1","floor":18},{"not_picked":["Dodge and Roll","Blur","Underhanded Strike"],"picked":"Noxious Fumes","floor":21},{"not_picked":["Skewer","Reflex","Dagger Spray"],"picked":"Calculated Gamble","floor":22},{"not_picked":["Dagger Spray","Phantasmal Killer","Slice"],"picked":"PiercingWail+1","floor":23},{"not_picked":["Prepared+1","Flechettes+1","Bane+1"],"picked":"Cloak And Dagger","floor":24},{"not_picked":["Reflex","Bane","Underhanded Strike+1"],"picked":"Backflip+1","floor":27},{"not_picked":["Backstab+1","Glass Knife","Dagger Spray"],"picked":"Caltrops+1","floor":28},{"not_picked":["Backflip","Sucker Punch","Underhanded Strike"],"picked":"PiercingWail+1","floor":31},{"not_picked":["Caltrops","Flying Knee+1","Accuracy+1","Predator"],"picked":"SKIP","floor":35},{"not_picked":["Deep Breath","PanicButton","Finesse"],"picked":"Bandage Up","floor":37},{"not_picked":["Bane+1","Poisoned Stab+1","Slice+1"],"picked":"Cloak And Dagger+1","floor":39},{"not_picked":["Concentrate+1","PiercingWail","Expertise"],"picked":"Caltrops+1","floor":41},{"not_picked":["Masterful Stab+1","Caltrops","Deflect"],"picked":"Quick Slash+1","floor":44},{"not_picked":["Tools of the Trade","Poisoned Stab+1","Backstab+1"],"picked":"Crippling Poison","floor":46},{"not_picked":["PiercingWail","Underhanded Strike+1","Accuracy"],"picked":"Slice+1","floor":47},{"not_picked":["All Out Attack","Acrobatics","Endless Agony+1"],"picked":"Footwork+1","floor":48}],"player_experience":643877,"relics_obtained":[{"floor":6,"key":"Pantograph"},{"floor":8,"key":"White Beast Statue"},{"floor":9,"key":"Question Card"},{"floor":20,"key":"Thread and Needle"},{"floor":23,"key":"Letter Opener"},{"floor":26,"key":"Smiling Mask"},{"floor":28,"key":"InkBottle"},{"floor":41,"key":"Bottled Tornado"},{"floor":43,"key":"Orichalcum"},{"floor":44,"key":"Girya"},{"floor":48,"key":"Potion Belt"}],"event_choices":[{"damage_healed":0,"gold_gain":0,"player_choice":"Trade","damage_taken":0,"relics_obtained":["GremlinMask"],"max_hp_gain":0,"max_hp_loss":0,"event_name":"FaceTrader","floor":11,"gold_loss":0},{"cards_removed":["Strike_G"],"damage_healed":0,"gold_gain":0,"player_choice":"Removed Attack","damage_taken":0,"max_hp_gain":0,"max_hp_loss":0,"event_name":"Falling","floor":36,"gold_loss":0},{"damage_healed":0,"gold_gain":0,"player_choice":"Memory 2","damage_taken":5,"max_hp_gain":0,"max_hp_loss":0,"event_name":"SensoryStone","floor":37,"gold_loss":0}],"is_beta":false,"boss_relics":[{"not_picked":["SacredBark","Astrolabe"],"picked":"Runic Pyramid"},{"not_picked":["Cursed Key","Fusion Hammer"],"picked":"Philosopher\u0027s Stone"}],"items_purged_floors":[10,38,45],"is_endless":false,"potions_floor_spawned":[3,6,7,8,13,14,16,18,21,22,23,24,27,28,31,33,35,39,41,44,46,47,48],"killed_by":"Time Eater","ascension_level":4}}