{"host":"n4oa921u88t6jog9","time":1609996018,"event":{"mods":["AchievementEnabler","BaseMod","DeckTracker","Keyboard Shortcuts","Minty Spire (QoL Compilation)","Quick Restart","StSLib","SuperFastMode"],"gold_per_floor":[10,10,30,30,45,45,45,45,68,91,91,107,121,121,121],"floor_reached":14,"playtime":406,"items_purged":[],"score":160,"play_id":"a24d800c-1d32-416d-ad54-d6be3490cdd6","local_time":"20210107140658","is_ascension_mode":true,"campfire_choices":[{"data":"Cloak And Dagger","floor":6.0,"key":"SMITH"},{"data":"Flechettes","floor":8.0,"key":"SMITH"}],"circlet_count":0,"master_deck":["AscendersBane","Strike_G","Strike_G","Strike_G","Strike_G","Defend_G+1","Defend_G","Defend_G","Survivor","Neutralize+1","Flechettes+1","Cloak And Dagger+1","Leg Sweep","Infinite Blades","Noxious Fumes","PiercingWail"],"relics":["Ring of the Snake","Golden Idol","Tiny Chest"],"acts_visited":["Exordium"],"potions_floor_usage":[],"damage_taken":[{"damage":0.0,"enemies":"2 Louse","floor":1.0,"turns":3.0},{"damage":2.0,"enemies":"Small Slimes","floor":3.0,"turns":5.0},{"damage":9.0,"enemies":"Jaw Worm","floor":5.0,"turns":4.0},{"damage":1.0,"enemies":"2 Fungi Beasts","floor":10.0,"turns":4.0},{"damage":0.0,"enemies":"Blue Slaver","floor":12.0,"turns":5.0},{"damage":6.0,"enemies":"Lots of Slimes","floor":13.0,"turns":4.0},{"damage":12,"enemies":"3 Sentries","floor":14,"turns":4}],"seed_played":"-4598802297239173387","potions_obtained":[{"floor":1.0,"key":"SkillPotion"},{"floor":3.0,"key":"BlessingOfTheForge"},{"floor":12.0,"key":"Regen Potion"}],"is_trial":false,"path_per_floor":["M","?","M","?","M","R","$","R","T","M","?","M","M","E"],"character_chosen":"THE_SILENT","items_purchased":[],"campfire_rested":0,"item_purchase_floors":[],"current_hp_per_floor":[59,59,57,34,25,25,25,25,25,24,4,4,12,0,0],"gold":121,"neow_bonus":"REMOVE_TWO","is_daily":false,"chose_seed":false,"campfire_upgraded":2,"win_rate":0.0,"timestamp":1609996018,"path_taken":["M","?","M","?","M","R","?","R","T","M","?","M","M","E"],"items_purchased_type":[],"build_version":"2020-12-22","purchased_purges":0,"victory":false,"max_hp_per_floor":[66,66,66,66,66,66,66,66,66,66,66,66,66,66,66],"card_choices":[{"not_picked":["Riddle With Holes","Escape Plan"],"picked":"Flechettes","floor":1.0},{"not_picked":["Backflip","Deflect"],"picked":"Cloak And Dagger","floor":3.0},{"not_picked":["Predator","Distraction"],"picked":"Leg Sweep","floor":5.0},{"not_picked":["Quick Slash","Prepared"],"picked":"Infinite Blades","floor":10.0},{"not_picked":["Riddle With Holes","Finisher"],"picked":"Noxious Fumes","floor":12.0},{"not_picked":["Underhanded Strike","Bullet Time"],"picked":"PiercingWail","floor":13.0}],"player_experience":388061,"relics_obtained":[{"floor":9.0,"key":"Tiny Chest"}],"event_choices":[{"cards_removed":["Strike_G"],"damage_healed":0.0,"max_hp_gain":0.0,"max_hp_loss":0.0,"gold_gain":0.0,"event_name":"Living Wall","player_choice":"Forget","floor":2.0,"gold_loss":0.0,"damage_taken":0.0},{"damage_healed":0.0,"max_hp_gain":0.0,"max_hp_loss":0.0,"gold_gain":0.0,"event_name":"Golden Idol","player_choice":"Take Damage","floor":4.0,"gold_loss":0.0,"damage_taken":23.0,"relics_obtained":["Golden Idol"]},{"damage_healed":0.0,"max_hp_gain":0.0,"max_hp_loss":0.0,"gold_gain":0.0,"event_name":"Shining Light","player_choice":"Entered Light","floor":11.0,"gold_loss":0.0,"damage_taken":20.0,"cards_upgraded":["Neutralize","Defend_G"]}],"is_beta":false,"boss_relics":[],"items_purged_floors":[],"is_endless":false,"potions_floor_spawned":[1,3,12],"killed_by":"3 Sentries","ascension_level":19}}