{"host":"ig7tc0uedzltt2sr","time":1609988773,"event":{"mods":["BaseMod","Better Twitch Integration","Block Reminder","Colored Map","Colored Powertips","Communication Mod","Current Relic Mod","GifTheSpireLib","HexUI Lib","Minty Spire (QoL Compilation)","Quick Restart","Random Character Button","Rare Cards Sparkle","Relic Sorter","Relic Stats","Slay the Relics Exporter","StSLib","SuperFastMode","Synergy Search","Twitch Decklist","Twitch Utils","everything is the same but u backflip on backflip","slay the spire mod where everything is the same but ironclad has a cowboy hat"],"gold_per_floor":[116,127,145,145,145,145,145,145,171,126,145,157,157,177,177,177,177],"floor_reached":16,"playtime":114,"items_purged":[],"score":92,"play_id":"6716dd40-3e43-499e-bf1c-8d6083d090d1","local_time":"20210106190613","is_ascension_mode":false,"campfire_choices":[{"data":"Ghostly Armor","floor":6,"key":"SMITH"},{"data":"Defend_R","floor":8,"key":"SMITH"},{"data":"Armaments","floor":15,"key":"SMITH"}],"circlet_count":0,"master_deck":["Strike_R","Strike_R","Strike_R","Strike_R","Strike_R","Defend_R+1","Defend_R","Defend_R","Defend_R","Bash","Battle Trance","Ghostly Armor+1","Thunderclap","Pain","Armaments+1","Searing Blow","Bludgeon","Whirlwind"],"relics":["Burning Blood","NeowsBlessing","WarpedTongs","Anchor"],"acts_visited":["Exordium"],"potions_floor_usage":[],"damage_taken":[{"damage":0,"enemies":"2 Louse","floor":1,"turns":2},{"damage":0,"enemies":"Small Slimes","floor":2,"turns":2},{"damage":0,"enemies":"Cultist","floor":3,"turns":1},{"damage":8,"enemies":"Looter","floor":10,"turns":5},{"damage":21,"enemies":"3 Louse","floor":11,"turns":10},{"damage":13,"enemies":"Blue Slaver","floor":12,"turns":7},{"damage":20,"enemies":"2 Fungi Beasts","floor":14,"turns":4},{"damage":61,"enemies":"The Guardian","floor":16,"turns":8}],"seed_played":"7256468258053930256","potions_obtained":[{"floor":1,"key":"LiquidBronze"},{"floor":2,"key":"Swift Potion"},{"floor":14,"key":"Regen Potion"}],"is_trial":false,"path_per_floor":["M","M","M","?","$","R","?","R","T","M","M","M","$","M","R","B"],"character_chosen":"IRONCLAD","items_purchased":[],"campfire_rested":0,"item_purchase_floors":[],"current_hp_per_floor":[80,80,80,80,80,80,80,80,80,78,63,56,56,42,42,0,0],"gold":177,"neow_bonus":"THREE_ENEMY_KILL","is_daily":false,"chose_seed":false,"campfire_upgraded":3,"win_rate":0.0,"timestamp":1609988773,"path_taken":["M","M","M","?","$","R","?","R","T","M","?","M","$","M","R","BOSS"],"items_purchased_type":[],"build_version":"2020-12-22","purchased_purges":0,"victory":false,"max_hp_per_floor":[80,80,80,80,80,80,80,80,80,80,80,80,80,80,80,80,80],"relic_stats":{"counters":[8,39],"obtain_stats":[{"Anchor":9,"NeowsBlessing":0,"Burning Blood":0,"WarpedTongs":7},{"Anchor":3,"NeowsBlessing":0,"Burning Blood":0,"WarpedTongs":3},{"Anchor":5,"NeowsBlessing":0,"Burning Blood":0,"WarpedTongs":5}],"Burning Blood":24,"WarpedTongs":[33]},"card_choices":[{"not_picked":["Flame Barrier","Spot Weakness"],"picked":"Battle Trance","floor":1},{"not_picked":["Clothesline","Searing Blow"],"picked":"Ghostly Armor","floor":2},{"not_picked":["Inflame","Carnage"],"picked":"Thunderclap","floor":3},{"not_picked":["Havoc","Shrug It Off"],"picked":"Armaments","floor":10},{"not_picked":["Thunderclap","Twin Strike"],"picked":"Searing Blow","floor":11},{"not_picked":["Anger","Havoc"],"picked":"Bludgeon","floor":12},{"not_picked":["Sword Boomerang","Flex"],"picked":"Whirlwind","floor":14}],"player_experience":1441804,"relics_obtained":[{"floor":9,"key":"Anchor"}],"event_choices":[{"damage_healed":0,"gold_gain":0,"player_choice":"Ignored","damage_taken":0,"max_hp_gain":0,"max_hp_loss":0,"event_name":"Golden Idol","floor":4,"gold_loss":0},{"damage_healed":0,"gold_gain":0,"player_choice":"Rummage","damage_taken":0,"relics_obtained":["WarpedTongs"],"max_hp_gain":0,"max_hp_loss":0,"event_name":"Accursed Blacksmith","floor":7,"gold_loss":0,"cards_obtained":["Pain"]}],"is_beta":false,"boss_relics":[],"items_purged_floors":[],"is_endless":false,"potions_floor_spawned":[1,2,14],"killed_by":"The Guardian","ascension_level":0}}