{"host":"ig7tc0uedzltt2sr","time":1609996454,"event":{"mods":["BaseMod","Better Twitch Integration","Block Reminder","Colored Map","Colored Powertips","Communication Mod","Current Relic Mod","GifTheSpireLib","HexUI Lib","Minty Spire (QoL Compilation)","Quick Restart","Random Character Button","Rare Cards Sparkle","Relic Sorter","Relic Stats","Slay the Relics Exporter","StSLib","SuperFastMode","Synergy Search","Twitch Decklist","Twitch Utils","everything is the same but u backflip on backflip","slay the spire mod where everything is the same but ironclad has a cowboy hat"],"gold_per_floor":[116,116,128,140,157,157,183,183,183,183,198,198,198],"floor_reached":12,"playtime":74,"items_purged":[],"score":80,"play_id":"1d5364ab-87e8-46b4-9a7d-e3cbfa54aec8","local_time":"20210106211414","is_ascension_mode":false,"campfire_choices":[{"floor":6,"key":"REST"},{"floor":8,"key":"REST"}],"circlet_count":0,"master_deck":["Strike_R","Strike_R","Strike_R","Strike_R","Strike_R","Defend_R","Defend_R","Defend_R","Defend_R","Bash","Pummel","Metallicize","Flex","Corruption","Sentinel","Second Wind"],"relics":["Burning Blood","NeowsBlessing","Gambling Chip"],"acts_visited":["Exordium"],"potions_floor_usage":[],"damage_taken":[{"damage":0,"enemies":"Small Slimes","floor":1,"turns":2},{"damage":0,"enemies":"Cultist","floor":3,"turns":1},{"damage":0,"enemies":"Jaw Worm","floor":4,"turns":1},{"damage":7,"enemies":"2 Fungi Beasts","floor":5,"turns":5},{"damage":67,"enemies":"Lagavulin","floor":7,"turns":12},{"damage":17,"enemies":"Red Slaver","floor":11,"turns":7},{"damage":37,"enemies":"Gremlin Nob","floor":12,"turns":4}],"seed_played":"-2025243350036276163","potions_obtained":[{"floor":1,"key":"SteroidPotion"},{"floor":4,"key":"PowerPotion"},{"floor":5,"key":"CultistPotion"},{"floor":11,"key":"SpeedPotion"}],"is_trial":false,"path_per_floor":["M","?","M","M","M","R","E","R","T","$","M","E"],"character_chosen":"IRONCLAD","items_purchased":[],"campfire_rested":2,"item_purchase_floors":[],"current_hp_per_floor":[80,80,80,80,79,80,19,43,43,43,32,0,0],"gold":198,"neow_bonus":"THREE_ENEMY_KILL","is_daily":false,"chose_seed":false,"campfire_upgraded":0,"win_rate":0.0,"timestamp":1609996454,"path_taken":["M","?","M","M","M","R","E","R","T","?","M","E"],"items_purchased_type":[],"build_version":"2020-12-22","purchased_purges":0,"victory":false,"max_hp_per_floor":[80,80,80,80,80,80,80,80,80,80,80,80,80],"relic_stats":{"counters":[7,32],"Gambling Chip":[10],"obtain_stats":[{"NeowsBlessing":0,"Gambling Chip":7,"Burning Blood":0},{"NeowsBlessing":0,"Gambling Chip":5,"Burning Blood":0},{"NeowsBlessing":0,"Gambling Chip":21,"Burning Blood":0}],"Burning Blood":18},"card_choices":[{"not_picked":["Evolve","Perfected Strike"],"picked":"Pummel","floor":1},{"not_picked":["Sever Soul","Pommel Strike"],"picked":"Metallicize","floor":3},{"not_picked":["Warcry","Thunderclap"],"picked":"Flex","floor":4},{"not_picked":["Headbutt","Cleave"],"picked":"Corruption","floor":5},{"not_picked":["Sword Boomerang","Clothesline"],"picked":"Sentinel","floor":7},{"not_picked":["Body Slam","Sword Boomerang"],"picked":"Second Wind","floor":11}],"player_experience":1447020,"relics_obtained":[{"floor":7,"key":"Gambling Chip"}],"event_choices":[{"damage_healed":0,"gold_gain":0,"player_choice":"Bought 0 Potions","damage_taken":0,"max_hp_gain":0,"max_hp_loss":0,"event_name":"The Woman in Blue","floor":2,"gold_loss":0}],"is_beta":false,"boss_relics":[],"items_purged_floors":[],"is_endless":false,"potions_floor_spawned":[1,4,5,11],"killed_by":"Gremlin Nob","ascension_level":0}}