{"host":"i9h64q9gphvrup4n","time":1609977951,"event":{"mods":["2.2 Compatiblity","AchievementEnabler","Aspiration","Astrologer","Bard","BaseMod","Beaked The Cultist","BetterRewards","Colored Powertips","Conspire","Downfall","Gremlin Mod","Hermit","Hubris","Infinite Spire","Jorbs\u0027s Wanderer Trilogy","Minty Spire (QoL Compilation)","Replay The Spire","Shop Mod","StSLib","SuperFastMode","The Blackbeard","The Bladedancer","The Bug Knight","The Construct","The Cursed","The Disciple","The Hierophant","The Jungle","The Necromancer","The Runesmith","The Wild Card","slay the spire mod where everything is the same but ironclad has a cowboy hat","vexMod"],"gold_per_floor":[110,123,140,140,159,192,192,224,224,224,256,22,22,36,36,137,137,157,132,150,85,85,85,118,131,158,173,204,33,33,33],"floor_reached":30,"playtime":1259,"items_purged":[],"score":352,"play_id":"cf4da873-4a90-44ad-bf6c-308ef7e10c6b","local_time":"20210106180551","is_ascension_mode":true,"campfire_choices":[{"floor":7,"key":"REST"},{"floor":15,"key":"REST"},{"floor":23,"key":"RECALL"}],"circlet_count":0,"master_deck":["beaked:Strike_Y","beaked:Strike_Y","beaked:Strike_Y","beaked:Strike_Y","beaked:Strike_Y","beaked:Strike_Y","beaked:Defend_Y","beaked:Defend_Y","beaked:Defend_Y","beaked:Defend_Y","beaked:Ceremony","beaked:Ceremony","beaked:Ceremony","beaked:Evade+1","beaked:FeelMyPain+1","beaked:Windmill","beaked:DesperateSwing","beaked:WarriorSpirit","beaked:Windmill","beaked:Recite","beaked:Brace","beaked:Windmill","beaked:Windmill","beaked:Insight","expansioncontent:Chronoboost","beaked:StickSmack","beaked:WildInstinct","beaked:FeelMyPain","beaked:Flinch+1","beaked:BloodRitual+1","beaked:WarriorEssence+1","beaked:Pecker","beaked:BraceForImpact","beaked:FeelMyPain","ReplayUltimateDefense","expansioncontent:QuickStudy","Bandage Up"],"relics":["beaked:MendingPlumage","NeowsBlessing","hubris:Potato","Replay:Winged Headress","Kunai","HollowMod:PaleOreRelic","aspiration:SecretTechniqueScroll","hubris:DeckOfHolding","Runesmith:Nanobots","ReplayTheSpireMod:ShopPack"],"acts_visited":["Exordium","TheCity"],"potions_floor_usage":[11,14,16,16,16,16,20,24,25,30],"damage_taken":[{"damage":0,"enemies":"Small Slimes","floor":1,"turns":1},{"damage":0,"enemies":"Cultist","floor":2,"turns":1},{"damage":0,"enemies":"Jaw Worm","floor":3,"turns":1},{"damage":16,"enemies":"Exordium Thugs","floor":5,"turns":5},{"damage":47,"enemies":"Lagavulin","floor":6,"turns":8},{"damage":30,"enemies":"Gremlin Nob","floor":8,"turns":4},{"damage":12,"enemies":"3 Sentries","floor":11,"turns":5},{"damage":13,"enemies":"Lots of Slimes","floor":14,"turns":2},{"damage":40,"enemies":"Fading Forest","floor":16,"turns":11},{"damage":28,"enemies":"Chosen","floor":18,"turns":5},{"damage":28,"enemies":"Shell Parasite","floor":20,"turns":3},{"damage":38,"enemies":"Slavers","floor":24,"turns":4},{"damage":26,"enemies":"Sentry and Sphere","floor":25,"turns":4},{"damage":10,"enemies":"Snecko","floor":27,"turns":4},{"damage":29,"enemies":"Replay:Snechameleon","floor":28,"turns":5},{"damage":33,"enemies":"Book of Stabbing","floor":30,"turns":2}],"seed_played":"-7089027721686519299","potions_obtained":[{"floor":6,"key":"FearPotion"},{"floor":10,"key":"FearPotion"},{"floor":10,"key":"AttackPotion"},{"floor":10,"key":"Strength Potion"},{"floor":11,"key":"Energy Potion"},{"floor":14,"key":"EntropicBrew"},{"floor":16,"key":"AttackPotion"},{"floor":24,"key":"SkillPotion"},{"floor":27,"key":"Ancient Potion"},{"floor":28,"key":"FearPotion"}],"is_trial":false,"path_per_floor":["M","M","M","?","M","E","R","E","T","?","E","$","$","M","R","B",null,"M","?","M","?","?","R","E","M","T","M","E","$","E"],"character_chosen":"BEAKED_THE_CULTIST","items_purchased":["beaked:Brace","beaked:Windmill","beaked:Insight","expansioncontent:Chronoboost","ReplayTheSpireMod:ShopPack","beaked:FeelMyPain"],"campfire_rested":2,"item_purchase_floors":[12,12,12,12,29,29],"current_hp_per_floor":[50,50,50,50,44,16,31,14,14,14,23,23,23,19,34,44,50,37,37,22,42,42,42,23,14,14,19,13,13,0,0],"gold":33,"neow_bonus":"THREE_ENEMY_KILL","is_daily":false,"chose_seed":false,"campfire_upgraded":0,"win_rate":0.0,"timestamp":1609977951,"path_taken":["M","M","M","?","?","E","R","E","T","?","E","?","$","?","R","BOSS","M","?","M","?","?","R","E","?","T","M","E","$","E"],"items_purchased_type":["Card","Card","Card","Card","Relic","Card"],"build_version":"2020-12-22","purchased_purges":0,"victory":false,"max_hp_per_floor":[50,50,50,50,50,50,50,50,50,50,50,50,50,50,50,50,50,50,50,50,50,50,50,50,50,50,50,50,50,50,50],"card_choices":[{"not_picked":["beaked:BloodRitual","beaked:DigDeep"],"picked":"beaked:Evade","floor":1},{"not_picked":["beaked:CrazyRituals","beaked:WarriorEssence"],"picked":"beaked:FeelMyPain","floor":2},{"not_picked":["beaked:Overpower","beaked:Daydream"],"picked":"beaked:Windmill","floor":3},{"not_picked":["beaked:Cower","beaked:Replenish"],"picked":"beaked:DesperateSwing","floor":5},{"not_picked":["beaked:Mantra","beaked:Roost"],"picked":"beaked:WarriorSpirit","floor":6},{"not_picked":["beaked:Cower","beaked:Struggle"],"picked":"beaked:Windmill","floor":8},{"not_picked":["ReplayTheSpireMod:RavenHex","beaked:RitualOfBody"],"picked":"beaked:Recite","floor":11},{"not_picked":["beaked:MimicMachine","beaked:Redirect"],"picked":"beaked:StickSmack","floor":14},{"not_picked":["beaked:LiftOff","beaked:KnowThyFoe"],"picked":"beaked:WildInstinct","floor":16},{"not_picked":["beaked:CursingBlood+1","beaked:SurvivalInstinct"],"picked":"beaked:FeelMyPain","floor":18},{"not_picked":["beaked:Cower","beaked:Replenish"],"picked":"beaked:Flinch+1","floor":20},{"not_picked":["beaked:Insight","beaked:Redirect"],"picked":"beaked:BloodRitual+1","floor":24},{"not_picked":["beaked:StunningBlow","beaked:Tradeoff"],"picked":"beaked:WarriorEssence+1","floor":25},{"not_picked":["beaked:MimicHuntress","beaked:Mantra"],"picked":"beaked:Pecker","floor":27},{"not_picked":["beaked:FeelMyPain","beaked:Recite"],"picked":"beaked:BraceForImpact","floor":28},{"not_picked":["Metamorphosis","Poisoned Strike"],"picked":"ReplayUltimateDefense","floor":29},{"not_picked":["Dramatic Entrance","ReplayTheSpireMod:Trickstab"],"picked":"expansioncontent:QuickStudy","floor":29},{"not_picked":["Replay:SS_fish_1","Replay:SS_hec_1"],"picked":"Bandage Up","floor":29}],"player_experience":675101,"relics_obtained":[{"floor":6,"key":"hubris:Potato"},{"floor":8,"key":"Replay:Winged Headress"},{"floor":9,"key":"Kunai"},{"floor":11,"key":"HollowMod:PaleOreRelic"},{"floor":24,"key":"hubris:DeckOfHolding"},{"floor":28,"key":"Runesmith:Nanobots"}],"event_choices":[{"damage_healed":0,"gold_gain":0,"player_choice":"Upgraded","damage_taken":0,"max_hp_gain":0,"max_hp_loss":0,"event_name":"Upgrade Shrine","floor":4,"gold_loss":0,"cards_upgraded":["beaked:Evade"]},{"damage_healed":0,"gold_gain":0,"player_choice":"Got Potions","damage_taken":0,"max_hp_gain":0,"max_hp_loss":0,"event_name":"Lab","floor":10,"gold_loss":0},{"damage_healed":0,"gold_gain":0,"player_choice":"Upgraded","damage_taken":0,"max_hp_gain":0,"max_hp_loss":0,"event_name":"Upgrade Shrine","floor":22,"gold_loss":0,"cards_upgraded":["beaked:FeelMyPain"]}],"is_beta":false,"boss_relics":[{"not_picked":["hubris:RunicObelisk","Calling Bell"],"picked":"aspiration:SecretTechniqueScroll"}],"items_purged_floors":[],"is_endless":false,"potions_floor_spawned":[6,11,14,16,24,27,28],"killed_by":"Book of Stabbing","ascension_level":1}}