{"host":"zksvs3x2ysy9npnz","time":1609988839,"event":{"mods":["Aspiration","BaseMod","Beaked The Cultist","BetterRewards","Clockwork Mod","Colored Map","Conspire","Downfall","Duelist Mod","Ekko","Halation","Highlight Path","Hubris","Hunter ??","Infinite Spire","Jedi Mod","JesterMod","Minty Spire (QoL Compilation)","Permanent Neow","Quick Restart","Relic Stats","Replay The Spire","Retaliation","Shade Mod","Shop Mod","StSLib"],"gold_per_floor":[99,111,111,128,172,80,80,100,128,74,74,107,107,122,140,244,244,244,244,244,244,244,244,244,244,244,244,244,244,244,244,244,244,244,244,244,244,244,244,244,244,244,244,244,244,244,244,244,244,244,244],"floor_reached":50,"playtime":3842,"items_purged":["hexamod:FlamesFromBeyond","hexamod:Strike"],"score":687,"play_id":"426f8bac-5a02-4e90-a1b4-c1914af13bdd","local_time":"20210107040719","is_ascension_mode":true,"campfire_choices":[{"data":"hexamod:Sear","floor":1.0,"key":"SMITH"},{"data":"hexamod:EtherealExpedition","floor":13.0,"key":"SMITH"},{"data":"hexamod:EtherealExpedition","floor":18.0,"key":"SMITH"},{"data":"hexamod:FastForward","floor":27,"key":"SMITH"},{"data":"theDuelist:VeilDarkness+1","floor":35,"key":"SMITH"},{"data":"theDuelist:VeilDarkness+2","floor":44,"key":"SMITH"}],"circlet_count":0,"master_deck":["hexamod:Strike+1","hexamod:Strike+1","hexamod:Defend","hexamod:Defend","hexamod:Defend+1","hexamod:Defend","hexamod:Sear+1","hexamod:Float","hexamod:Firestarter","hexamod:EtherealExpedition+1","hexamod:Hexaguard","hexamod:GhostShield","hexamod:EtherealExpedition+1","hexamod:SkipABeat+1","hexamod:RecurringNightmare","hexamod:ThermalTransfer+1","hexamod:FastForward+1","hexamod:Hexaguard","hexamod:FlamesFromBeyond+1","hexamod:TimeWarp","hexamod:GhostShield+1","hexamod:Hexaguard+1","hexamod:ShieldOfDarkness+1","theDuelist:VeilDarkness+3","theDuelist:SpiritHarp","theDuelist:DefensiveTactics","Conserve Battery+1","expansioncontent:DefensiveMode"],"relics":["hexamod:SpiritBrand","Omamori","infinitespire:Satchel","halation:LostSnail","halation:TwoAmDonut","hubris:SphereOfDissonance","jedi:Pinwheel","downfall:Hecktoplasm","WarpedTongs","PrismaticShard","Replay:Bottled Steam","Blood Vial","hubris:Towel","Whetstone","aspiration:FrozenJewel","aspiration:IroncladSkillbook","hexamod:TheBrokenSeal","aspiration:PoetsPen_weak","infinitespire:WardingShard","infinitespire:Eraser","halation:PinkSoulGem","beaked:ShinyBauble"],"acts_visited":["Exordium","TheCity","TheBeyond"],"potions_floor_usage":[32,36,50],"damage_taken":[{"damage":0.0,"enemies":"Jaw Worm","floor":2.0,"turns":4.0},{"damage":0.0,"enemies":"Small Slimes","floor":4.0,"turns":3.0},{"damage":0.0,"enemies":"downfall:FleeingMerchant","floor":6.0,"turns":4.0},{"damage":0.0,"enemies":"2 Louse","floor":8.0,"turns":2.0},{"damage":10.0,"enemies":"3 Sentries","floor":9.0,"turns":8.0},{"damage":5.0,"enemies":"downfall:FleeingMerchant","floor":10.0,"turns":4.0},{"damage":2.0,"enemies":"Lagavulin","floor":12.0,"turns":4.0},{"damage":0.0,"enemies":"Blue Slaver","floor":14.0,"turns":3.0},{"damage":6.0,"enemies":"2 Fungi Beasts","floor":15.0,"turns":4.0},{"damage":10.0,"enemies":"downfall:Ironclad","floor":16.0,"turns":9.0},{"damage":8.0,"enemies":"3 Byrds","floor":19.0,"turns":4.0},{"damage":1.0,"enemies":"Centurion and Healer","floor":21.0,"turns":6.0},{"damage":4.0,"enemies":"Cultist and Chosen","floor":22.0,"turns":6.0},{"damage":15,"enemies":"Nightmare","floor":25,"turns":9},{"damage":9,"enemies":"Snecko","floor":29,"turns":6},{"damage":0,"enemies":"Shelled Parasite and Fungi","floor":32,"turns":6},{"damage":0,"enemies":"downfall:Watcher","floor":33,"turns":9},{"damage":0,"enemies":"3 Darklings","floor":36,"turns":7},{"damage":0,"enemies":"Orb Walker","floor":37,"turns":3},{"damage":6,"enemies":"Sphere and 2 Shapes","floor":38,"turns":5},{"damage":0,"enemies":"Maw","floor":40,"turns":5},{"damage":0,"enemies":"Reptomancer","floor":42,"turns":8},{"damage":0,"enemies":"Nightmare","floor":48,"turns":1},{"damage":2,"enemies":"Jaw Worm Horde","floor":49,"turns":6},{"damage":82,"enemies":"downfall:Silent","floor":50,"turns":5}],"seed_played":"-5718923714188298617","potions_obtained":[{"floor":5.0,"key":"ColorlessPotion"},{"floor":9.0,"key":"hexamod:DoubleChargePotion"},{"floor":12.0,"key":"Flashbang"},{"floor":14.0,"key":"FearPotion"},{"floor":16.0,"key":"Adrenaline Potion"},{"floor":19.0,"key":"jedi:tentaclejuice"},{"floor":22.0,"key":"BlessingOfTheForge"},{"floor":29,"key":"DuplicationPotion"},{"floor":32,"key":"Fire Potion"},{"floor":38,"key":"FearPotion"},{"floor":49,"key":"Guardian:BlockOnCardUsePotion"}],"is_trial":false,"path_per_floor":["R","M","?","M","?","$","T","M","E","$","?","E","R","M","M","B",null,"R","M","?","M","M","?","T","NM","?","R","?","M","T","AVR","M","B",null,"R","M","M","M","?","M","T","E","AVR","R","?","?","?","NM","M","B"],"character_chosen":"THE_SPIRIT","items_purchased":["halation:LostSnail","hexamod:RecurringNightmare"],"campfire_rested":0,"item_purchase_floors":[6,10],"current_hp_per_floor":[70,70,70,70,70,70,70,70,60,55,55,53,53,53,47,37,70,70,62,62,61,57,49,49,41,41,41,41,41,41,41,80,80,80,80,80,80,78,70,76,76,80,80,80,70,70,70,76,80,0,0],"gold":244,"neow_bonus":"RANDOM_COMMON_RELIC","is_daily":false,"chose_seed":false,"campfire_upgraded":6,"win_rate":0.0,"timestamp":1609988839,"path_taken":["R","M","?","M","?","?","T","?","E","$","?","E","R","M","M","BOSS","R","M","?","?","M","?","T","NM","?","R","?","?","?","AVR","M","BOSS","R","M","M","M","?","?","T","E","AVR","R","?","?","?","NM","M","BOSS"],"items_purchased_type":["Relic","Card"],"build_version":"2020-12-22","purchased_purges":2,"victory":false,"max_hp_per_floor":[70,70,70,70,70,70,70,70,70,70,70,70,70,70,70,70,70,70,70,70,70,70,70,70,70,70,70,70,70,70,70,80,80,80,80,80,80,80,80,80,80,80,80,80,80,80,80,80,80,80,80],"relic_stats":{"Blood Vial":12,"counters":[25,130],"Whetstone":["hexamod:ThermalTransfer","hexamod:Strike"],"obtain_stats":[{"beaked:ShinyBauble":48,"hubris:SphereOfDissonance":9,"hexamod:TheBrokenSeal":32,"aspiration:PoetsPen_weak":34,"Omamori":0,"Whetstone":30,"jedi:Pinwheel":12,"hubris:Towel":26,"PrismaticShard":23,"aspiration:FrozenJewel":31,"aspiration:IroncladSkillbook":31,"WarpedTongs":20,"Blood Vial":25,"infinitespire:WardingShard":42,"infinitespire:Satchel":5,"downfall:Hecktoplasm":17,"halation:TwoAmDonut":7,"halation:LostSnail":6,"infinitespire:Eraser":43,"halation:PinkSoulGem":46,"hexamod:SpiritBrand":0,"Replay:Bottled Steam":24},{"beaked:ShinyBauble":23,"hubris:SphereOfDissonance":5,"hexamod:TheBrokenSeal":16,"aspiration:PoetsPen_weak":17,"Omamori":0,"Whetstone":15,"jedi:Pinwheel":7,"hubris:Towel":14,"PrismaticShard":13,"aspiration:FrozenJewel":15,"aspiration:IroncladSkillbook":15,"WarpedTongs":11,"Blood Vial":14,"infinitespire:WardingShard":22,"infinitespire:Satchel":2,"downfall:Hecktoplasm":10,"halation:TwoAmDonut":3,"halation:LostSnail":3,"infinitespire:Eraser":22,"halation:PinkSoulGem":22,"hexamod:SpiritBrand":0,"Replay:Bottled Steam":13},{"beaked:ShinyBauble":120,"hubris:SphereOfDissonance":21,"hexamod:TheBrokenSeal":82,"aspiration:PoetsPen_weak":91,"Omamori":0,"Whetstone":76,"jedi:Pinwheel":29,"hubris:Towel":70,"PrismaticShard":61,"aspiration:FrozenJewel":76,"aspiration:IroncladSkillbook":76,"WarpedTongs":49,"Blood Vial":70,"infinitespire:WardingShard":119,"infinitespire:Satchel":7,"downfall:Hecktoplasm":45,"halation:TwoAmDonut":11,"halation:LostSnail":11,"infinitespire:Eraser":119,"halation:PinkSoulGem":119,"hexamod:SpiritBrand":0,"Replay:Bottled Steam":61}],"WarpedTongs":[81]},"card_choices":[{"not_picked":["hexamod:PhantomFireball","hexamod:ExtraCrispy"],"picked":"hexamod:Firestarter","floor":2.0},{"not_picked":["hexamod:SuperheatedStrike","hexamod:HauntingEcho"],"picked":"hexamod:EtherealExpedition","floor":4.0},{"not_picked":["hexamod:RainOfEmbers","hexamod:InspiringFlames"],"picked":"hexamod:ThirdSeal","floor":5.0},{"not_picked":["hexamod:InspiringFlames","hexamod:NightmareStrike"],"picked":"hexamod:Hexaguard","floor":5.0},{"not_picked":["hexamod:RadiantFlame","hexamod:HeatShield"],"picked":"hexamod:ThirdSeal","floor":6.0},{"not_picked":["hexamod:RetreatToShadows","hexamod:EmpoweringStance"],"picked":"hexamod:GhostShield","floor":6.0},{"not_picked":["hexamod:HauntingEcho","hexamod:EmpoweringStance"],"picked":"hexamod:EtherealExpedition","floor":8.0},{"not_picked":["hexamod:Firestarter","hexamod:StepThrough","hexamod:NightmareGuise"],"picked":"SKIP","floor":8.0},{"not_picked":["hexamod:GhostShield","hexamod:BurningTouch"],"picked":"hexamod:SkipABeat","floor":9.0},{"not_picked":["hexamod:NightmareGuise","hexamod:HeatCrush"],"picked":"hexamod:FlamesFromBeyond","floor":9.0},{"not_picked":["hexamod:NightmareStrike","hexamod:HauntingEcho","hexamod:RainOfEmbers"],"picked":"SKIP","floor":9.0},{"not_picked":["hexamod:Incineration","hexamod:StepThrough","hexamod:SpectersWail"],"picked":"SKIP","floor":10.0},{"not_picked":["hexamod:GhostOfSpireFuture","hexamod:PhantomCloak","hexamod:SwordOfDarkness"],"picked":"SKIP","floor":10.0},{"not_picked":["hexamod:Firestarter","hexamod:NecessarySacrifice","hexamod:Incineration"],"picked":"SKIP","floor":10.0},{"not_picked":["hexamod:NightmareStrike","hexamod:EmpoweredFlame"],"picked":"hexamod:FastForward","floor":12.0},{"not_picked":["hexamod:CrushingStance","hexamod:StepThrough","hexamod:NightmareStrike"],"picked":"SKIP","floor":12.0},{"not_picked":["hexamod:BurningTouch","hexamod:GhostOfSpirePast"],"picked":"hexamod:Hexaguard","floor":14.0},{"not_picked":["hexamod:BurningTouch","hexamod:RainOfEmbers","hexamod:HauntingEcho"],"picked":"SKIP","floor":14.0},{"not_picked":["hexamod:DynamicBlow","hexamod:BacktrackSmack","hexamod:BurningTouch"],"picked":"SKIP","floor":14.0},{"not_picked":["hexamod:GhostLash","hexamod:ShieldOfDarkness"],"picked":"hexamod:FlamesFromBeyond","floor":15.0},{"not_picked":["hexamod:SpectersWail","hexamod:CatchUp","hexamod:ThermalTransfer"],"picked":"SKIP","floor":15.0},{"not_picked":["hexamod:CatchUp","hexamod:NightmareStrike","hexamod:ThermalTransfer"],"picked":"SKIP","floor":15.0},{"not_picked":["hexamod:TimeWarp","hexamod:ParanormalForm"],"picked":"hexamod:FifthSeal","floor":16.0},{"not_picked":["hexamod:UnleashSpirits","hexamod:ParanormalForm"],"picked":"hexamod:TimeWarp","floor":16.0},{"not_picked":["hexamod:EmpoweringStance","hexamod:HexaLevel"],"picked":"hexamod:SixthSeal","floor":16.0},{"not_picked":["hexamod:FourthSeal","hexamod:ThirdSeal"],"picked":"hexamod:SecondSeal","floor":19.0},{"not_picked":["hexamod:NightmareGuise","hexamod:NightmareStrike"],"picked":"hexamod:GhostShield","floor":19.0},{"not_picked":["hexamod:InspiringFlames","hexamod:NightmareStrike"],"picked":"hexamod:Hexaguard+1","floor":19.0},{"not_picked":["hexamod:RetreatToShadows","hexamod:Firestarter"],"picked":"hexamod:ShieldOfDarkness+1","floor":19.0},{"not_picked":["hexamod:NightmareGuise","hexamod:GhostShield","hexamod:PhantomCloak+1"],"picked":"SKIP","floor":21.0},{"not_picked":["hexamod:GhostOfSpireFuture","hexamod:PowerFromBeyond","hexamod:HeatShield"],"picked":"SKIP","floor":21.0},{"not_picked":["hexamod:PowerFromBeyond","hexamod:RetreatToShadows","hexamod:DynamicBlow+1"],"picked":"SKIP","floor":21.0},{"not_picked":["hexamod:ThirdSeal","hexamod:SixthSeal"],"picked":"hexamod:FirstSeal","floor":22.0},{"not_picked":["hexamod:UnleashSpirits","hexamod:BurningTouch+1","hexamod:HauntingEcho"],"picked":"SKIP","floor":22.0},{"not_picked":["hexamod:HauntingEcho","hexamod:SpectralSpark+1","hexamod:SpectersWail"],"picked":"SKIP","floor":22.0},{"not_picked":["Consecrate+1","Shade:GreyBargain+1"],"picked":"theDuelist:VeilDarkness+1","floor":25},{"not_picked":["hexamod:SixthSeal","hexamod:FirstSeal"],"picked":"hexamod:FourthSeal","floor":25},{"not_picked":["theDuelist:MechMoleZombie","Combo Defend","champ:FightOn"],"picked":"SKIP","floor":25},{"not_picked":["theDuelist:ScrapIronScarecrow","Clockwork:Roundhouse","theDuelist:BaconSaver+1"],"picked":"SKIP","floor":29},{"not_picked":["theDuelist:ReleaseFromStone+1","theDuelist:VampireLord","Headbutt+1"],"picked":"SKIP","floor":29},{"not_picked":["Cleave","theDuelist:OjamaBlack","beaked:FeelMyPain"],"picked":"theDuelist:SpiritHarp","floor":32},{"not_picked":["hexamod:ThirdSeal","hexamod:FourthSeal","hexamod:FirstSeal","hexamod:SecondSeal"],"picked":"SKIP","floor":32},{"not_picked":["theDuelist:Nameless:War:BlueEyes","theDuelist:MachineMonsterMetronome","Storm of Steel"],"picked":"theDuelist:DefensiveTactics","floor":33},{"not_picked":["theDuelist:AgainstTheWind","theDuelist:ShiranuiSmith+1","CultistPetCall","Lockon"],"picked":"SKIP","floor":36},{"not_picked":["theDuelist:UnderworldCannon+1","theDuelist:CyberDragonDrei+1","Clockwork:StasisBreak"],"picked":"Conserve Battery+1","floor":37},{"not_picked":["theDuelist:BottomlessTrapHole","theDuelist:FlameSwordsman","Discover Pet+1","theDuelist:GhostrickGhoul"],"picked":"SKIP","floor":38},{"not_picked":["Guardian:Gem_Blue","theDuelist:MegafleetDragon","theDuelist:ScrapIronScarecrow+1","theDuelist:RainbowFlower"],"picked":"SKIP","floor":40},{"not_picked":["theDuelist:GiantOrc","theDuelist:PredaplantPterapenthes","theDuelist:Zombyra","theDuelist:CyberDinosaur"],"picked":"SKIP","floor":42},{"not_picked":["Replay:SS_forest_5","expansioncontent:DonusPower","expansioncontent:SlimeTackle"],"picked":"expansioncontent:DefensiveMode","floor":45},{"not_picked":["Dodge and Roll","theDuelist:DustKnight+1","ekkoTheBoyWhoShatteredTime:NeedlesslyLargeRod+1","hubris:Counter+1"],"picked":"SKIP","floor":48},{"not_picked":["Flying Knee+1","theDuelist:GishkiPsychelone","theDuelist:NaturiaRosewhip","Resurrection Giant"],"picked":"SKIP","floor":49}],"player_experience":1796587,"relics_obtained":[{"floor":5.0,"key":"infinitespire:Satchel"},{"floor":7.0,"key":"halation:TwoAmDonut"},{"floor":9.0,"key":"hubris:SphereOfDissonance"},{"floor":12.0,"key":"jedi:Pinwheel"},{"floor":23.0,"key":"PrismaticShard"},{"floor":24.0,"key":"Replay:Bottled Steam"},{"floor":25,"key":"Blood Vial"},{"floor":30,"key":"Whetstone"},{"floor":42,"key":"infinitespire:WardingShard"},{"floor":48,"key":"beaked:ShinyBauble"}],"event_choices":[{"damage_healed":0.0,"max_hp_gain":0.0,"max_hp_loss":0.0,"gold_gain":0.0,"event_name":"Accursed Blacksmith","player_choice":"Rummage","floor":20.0,"gold_loss":0.0,"damage_taken":0.0,"relics_obtained":["WarpedTongs"],"cards_obtained":["Pain"]},{"cards_removed":["hexamod:ThirdSeal"],"damage_healed":0,"gold_gain":0,"player_choice":"Purged","damage_taken":0,"max_hp_gain":0,"max_hp_loss":0,"event_name":"Purifier","floor":28,"gold_loss":0},{"damage_healed":0,"gold_gain":0,"player_choice":"Leave","damage_taken":0,"max_hp_gain":0,"max_hp_loss":0,"event_name":"conspire:Investor","floor":47,"gold_loss":0}],"is_beta":false,"boss_relics":[{"not_picked":["Philosopher\u0027s Stone","halation:PinkAlligatorPlush"],"picked":"downfall:Hecktoplasm"},{"not_picked":["conspire:RoyalGoblet","halation:PlatinumPhoenix"],"picked":"aspiration:PoetsPen_weak"}],"items_purged_floors":[31,43],"is_endless":false,"potions_floor_spawned":[9,12,14,15,16,19,22,25,32,38,48,49],"killed_by":"downfall:Silent","ascension_level":1}}