{"host":"jaenq4nnke2yzwbu","time":1609996892,"event":{"mods":["BaseMod","Colored Map","Colored Powertips","Hermit","Minty Spire (QoL Compilation)","StSLib","The Cursed"],"gold_per_floor":[112,112,125,54,73,73,85,85,85,85,96,96,126,76,76,76,76],"floor_reached":16,"playtime":961,"items_purged":[],"score":100,"play_id":"856b271c-62b8-4010-80ce-80c93f47b956","local_time":"20210107062132","is_ascension_mode":false,"campfire_choices":[{"data":"Self Repair","floor":6.0,"key":"SMITH"},{"data":"Zap","floor":10.0,"key":"SMITH"},{"data":"Dualcast","floor":12.0,"key":"SMITH"},{"data":"Gash","floor":15.0,"key":"SMITH"}],"circlet_count":0,"master_deck":["Strike_B","Strike_B","Strike_B","Defend_B","Defend_B","Defend_B","Defend_B","Zap+1","Dualcast+1","Loop+1","Self Repair+1","Static Discharge","Turbo","Chill","Gash+1"],"relics":["Cracked Core","MealTicket","Matryoshka"],"acts_visited":[],"potions_floor_usage":[],"damage_taken":[{"damage":4.0,"enemies":"2 Louse","floor":1.0,"turns":3.0},{"damage":1.0,"enemies":"Cultist","floor":3.0,"turns":3.0},{"damage":0.0,"enemies":"Small Slimes","floor":5.0,"turns":3.0},{"damage":11.0,"enemies":"Blue Slaver","floor":7.0,"turns":4.0},{"damage":7.0,"enemies":"Exordium Thugs","floor":11.0,"turns":8.0},{"damage":44.0,"enemies":"Lagavulin","floor":13.0,"turns":9.0},{"damage":0,"enemies":"Hexaghost","floor":16,"turns":1}],"seed_played":"-6874066901845325416","potions_obtained":[{"floor":1.0,"key":"Swift Potion"},{"floor":3.0,"key":"SteroidPotion"},{"floor":11.0,"key":"DuplicationPotion"}],"is_trial":false,"path_per_floor":["M","?","M","$","M","R","M","$","T","R","M","R","E","?","R","B"],"character_chosen":"DEFECT","items_purchased":["Static Discharge"],"campfire_rested":0,"item_purchase_floors":[4],"current_hp_per_floor":[78,78,77,77,82,82,81,81,81,81,82,82,48,48,48,48,48],"gold":76,"neow_bonus":"TEN_PERCENT_HP_BONUS","is_daily":false,"chose_seed":false,"campfire_upgraded":4,"win_rate":0.0,"timestamp":1609996892,"path_taken":["M","?","M","?","M","R","M","$","T","R","M","R","E","?","R","BOSS"],"items_purchased_type":["Card"],"build_version":"2020-12-22","purchased_purges":0,"victory":false,"max_hp_per_floor":[82,82,82,82,82,82,82,82,82,82,82,82,82,82,82,82,82],"card_choices":[{"not_picked":["Rebound","Heatsinks"],"picked":"Loop","floor":1.0},{"not_picked":["Blizzard","Cold Snap"],"picked":"Self Repair","floor":3.0},{"not_picked":["Compile Driver","FTL"],"picked":"Turbo","floor":5.0},{"not_picked":["Sweeping Beam","Redo"],"picked":"Chill","floor":7.0},{"not_picked":["Steam Power","Rip and Tear","Rebound"],"picked":"SKIP","floor":11.0},{"not_picked":["Reprogram","Streamline"],"picked":"Gash","floor":13.0}],"player_experience":42226,"relics_obtained":[{"floor":9.0,"key":"MealTicket"},{"floor":13.0,"key":"Matryoshka"}],"event_choices":[{"damage_healed":0.0,"max_hp_gain":0.0,"max_hp_loss":0.0,"gold_gain":0.0,"event_name":"Accursed Blacksmith","player_choice":"Forge","floor":2.0,"gold_loss":0.0,"damage_taken":0.0,"cards_upgraded":["Loop"]},{"cards_removed":["Strike_B"],"damage_healed":0.0,"max_hp_gain":0.0,"max_hp_loss":0.0,"gold_gain":0.0,"event_name":"The Cleric","player_choice":"Card Removal","floor":14.0,"gold_loss":50.0,"damage_taken":0.0}],"is_beta":false,"boss_relics":[],"items_purged_floors":[],"is_endless":false,"potions_floor_spawned":[1,3,11],"killed_by":"Hexaghost","ascension_level":0}}