{"host":"2trduz1ri6pz0bhu","time":1609991825,"event":{"mods":["AchievementEnabler","BaseMod","Colored Powertips","DeckTracker","Minty Spire (QoL Compilation)","Quick Restart","StSLib","Steal the Spire","SuperFastMode","Synergy Search","The Wild Card"],"gold_per_floor":[109,184,359,375,375,406,406,422,474,498,126,126,126,201,201,322,322,341,97,97,121,141,176,195,195,264,264,287,287,287,307,307,432,432,452,468,492,51,75,111,137,193,205,217,79,79,103,117,117,117],"floor_reached":51,"playtime":3685,"items_purged":["Doubt","theWildCard:BasicStrike","theWildCard:BasicDefend","theWildCard:CallToAdventure"],"score":948,"play_id":"d452b95c-8434-43c0-8669-9f25d76b298f","local_time":"20210106225705","is_ascension_mode":true,"campfire_choices":[{"data":"theWildCard:ArcaneArts","floor":7.0,"key":"SMITH"},{"data":"theWildCard:StingingStrike","floor":13.0,"key":"SMITH"},{"data":"theWildCard:ArchaicAssault","floor":15.0,"key":"SMITH"},{"data":"theWildCard:PowerOfTheArcana","floor":25.0,"key":"SMITH"},{"data":"theWildCard:MagicMettle","floor":27.0,"key":"SMITH"},{"data":"theWildCard:ArcanaArtistry","floor":29.0,"key":"SMITH"},{"data":"theWildCard:ShieldOfMany","floor":32.0,"key":"SMITH"},{"data":"theWildCard:TheArcanaUnleashed","floor":44.0,"key":"SMITH"},{"data":"theWildCard:Satanael","floor":46.0,"key":"SMITH"},{"data":"theWildCard:Arsene","floor":49.0,"key":"SMITH"}],"circlet_count":0,"master_deck":["theWildCard:BasicStrike","theWildCard:BasicStrike","theWildCard:Arsene+1","theWildCard:ArcaneArts+1","theWildCard:IdentityTheft","theWildCard:Sakuya","theWildCard:StingingStrike+1","theWildCard:ArchaicAssault+1","theWildCard:Safeguard","theWildCard:Satanael+1","theWildCard:Polydeuces+1","theWildCard:TheArcanaUnleashed+1","theWildCard:PowerOfTheArcana+1","theWildCard:MagicMettle+1","theWildCard:ArcaneArts+1","theWildCard:SeveringSlash","theWildCard:ArcanaArtistry+1","theWildCard:ShieldOfMany+1","theWildCard:TheArcanaUnleashed+1","theWildCard:ChangingDestiny+1","theWildCard:Patience+1","theWildCard:Impatience+1","theWildCard:PaleRider+1","theWildCard:ArchaicAssault","Sadistic Nature","theWildCard:StingingStrike+1","theWildCard:Desolation"],"relics":["theWildCard:VelvetContract","NeowsBlessing","Golden Idol","Oddly Smooth Stone","Vajra","Mercury Hourglass","Ice Cream","theWildCard:Wildcard","Bag of Preparation","Bottled Flame","Astrolabe","Blood Vial","MawBank","Mummified Hand","Molten Egg 2"],"acts_visited":["Exordium","TheCity","TheBeyond"],"potions_floor_usage":[],"damage_taken":[{"damage":0.0,"enemies":"Cultist","floor":1.0,"turns":1.0},{"damage":0.0,"enemies":"2 Louse","floor":4.0,"turns":1.0},{"damage":0.0,"enemies":"Lagavulin","floor":6.0,"turns":1.0},{"damage":0.0,"enemies":"Jaw Worm","floor":8.0,"turns":3.0},{"damage":3.0,"enemies":"Large Slime","floor":10.0,"turns":5.0},{"damage":15.0,"enemies":"Slime Boss","floor":16.0,"turns":11.0},{"damage":0.0,"enemies":"Shell Parasite","floor":18.0,"turns":6.0},{"damage":0.0,"enemies":"Spheric Guardian","floor":21.0,"turns":7.0},{"damage":0.0,"enemies":"Centurion and Healer","floor":22.0,"turns":6.0},{"damage":40.0,"enemies":"Slavers","floor":23.0,"turns":7.0},{"damage":1.0,"enemies":"Cultist and Chosen","floor":24.0,"turns":7.0},{"damage":0.0,"enemies":"Snecko","floor":28.0,"turns":5.0},{"damage":0.0,"enemies":"Chosen and Byrds","floor":31.0,"turns":6.0},{"damage":2.0,"enemies":"Collector","floor":33.0,"turns":13.0},{"damage":0.0,"enemies":"Orb Walker","floor":35.0,"turns":5.0},{"damage":0.0,"enemies":"3 Darklings","floor":36.0,"turns":6.0},{"damage":2.0,"enemies":"Maw","floor":37.0,"turns":8.0},{"damage":0.0,"enemies":"Transient","floor":39.0,"turns":5.0},{"damage":0.0,"enemies":"Giant Head","floor":40.0,"turns":2.0},{"damage":0.0,"enemies":"Writhing Mass","floor":41.0,"turns":2.0},{"damage":0.0,"enemies":"Nemesis","floor":42.0,"turns":3.0},{"damage":2.0,"enemies":"Sphere and 2 Shapes","floor":47.0,"turns":2.0},{"damage":0.0,"enemies":"Jaw Worm Horde","floor":48.0,"turns":1.0},{"damage":0,"enemies":"Time Eater","floor":50,"turns":13}],"seed_played":"7919510341327312413","potions_obtained":[{"floor":4.0,"key":"SpeedPotion"},{"floor":6.0,"key":"GamblersBrew"},{"floor":8.0,"key":"Strength Potion"},{"floor":16.0,"key":"Dexterity Potion"},{"floor":28.0,"key":"Block Potion"},{"floor":33.0,"key":"DistilledChaos"},{"floor":35.0,"key":"EntropicBrew"}],"is_trial":false,"path_per_floor":["M","?","?","M","?","E","R","M","T","M","$","T","R","?","R","B",null,"M","$","?","M","M","E","M","R","T","R","M","R","?","M","R","B",null,"M","M","M","$","M","E","M","E","T","R","$","R","M","M","R","B",null],"character_chosen":"THE_WILD_CARD","items_purchased":["theWildCard:Safeguard","Mercury Hourglass","theWildCard:TheArcanaUnleashed","Sadistic Nature","Blood Vial"],"campfire_rested":0,"item_purchase_floors":[11,11,19,38,38],"current_hp_per_floor":[60,49,49,49,49,49,49,49,49,46,46,46,46,41,41,34,56,56,56,56,56,56,24,36,36,36,36,51,51,51,51,51,49,56,56,56,54,54,56,56,56,56,56,56,56,56,54,56,56,56],"gold":117,"neow_bonus":"THREE_ENEMY_KILL","is_daily":false,"chose_seed":false,"campfire_upgraded":10,"win_rate":0.0,"timestamp":1609991825,"path_taken":["M","?","?","M","?","E","R","M","T","M","$","?","R","?","R","BOSS","M","?","?","?","M","E","M","R","T","R","M","R","?","?","R","BOSS","M","M","M","$","M","E","M","E","T","R","$","R","M","?","R","BOSS"],"items_purchased_type":["Card","Relic","Card","Card","Relic"],"build_version":"2020-12-22","purchased_purges":4,"victory":true,"max_hp_per_floor":[60,60,60,60,56,56,56,56,56,56,56,56,56,56,56,56,56,56,56,56,56,56,56,56,56,56,56,56,56,56,56,56,56,56,56,56,56,56,56,56,56,56,56,56,56,56,56,56,56,56],"card_choices":[{"not_picked":["theWildCard:MaskChange","theWildCard:BladeOfGenerations"],"picked":"theWildCard:ArcaneArts","floor":1.0},{"not_picked":["theWildCard:Unburden","theWildCard:UnendingRitual"],"picked":"theWildCard:IdentityTheft","floor":4.0},{"not_picked":["theWildCard:EnergizedStroke","theWildCard:Unburden"],"picked":"theWildCard:Sakuya","floor":6.0},{"not_picked":["theWildCard:ManOfManyFaces","theWildCard:Providence"],"picked":"theWildCard:StingingStrike","floor":8.0},{"not_picked":["theWildCard:Salvation","theWildCard:Abstinence"],"picked":"theWildCard:ArchaicAssault","floor":10.0},{"not_picked":["theWildCard:Deicide","theWildCard:ChangingDestiny"],"picked":"theWildCard:Satanael","floor":16.0},{"not_picked":["theWildCard:Unburden","theWildCard:BladeOfGenerations"],"picked":"theWildCard:Polydeuces+1","floor":18.0},{"not_picked":["theWildCard:EnergizedStroke","theWildCard:Polydeuces+1"],"picked":"theWildCard:PowerOfTheArcana","floor":21.0},{"not_picked":["theWildCard:UnendingRitual","theWildCard:Patience"],"picked":"theWildCard:MagicMettle","floor":22.0},{"not_picked":["theWildCard:Metatron","theWildCard:UnderLockAndKey"],"picked":"theWildCard:ArcaneArts+1","floor":23.0},{"not_picked":["theWildCard:ArcaneArts+1","theWildCard:StalwartBlade"],"picked":"theWildCard:SeveringSlash","floor":24.0},{"not_picked":["theWildCard:Ruination","theWildCard:SeveringSlash+1"],"picked":"theWildCard:ArcanaArtistry","floor":28.0},{"not_picked":["theWildCard:LadyLuck","theWildCard:Unburden+1"],"picked":"theWildCard:ShieldOfMany","floor":31.0},{"not_picked":["theWildCard:FuelForTheFire","theWildCard:Satanael"],"picked":"theWildCard:TheArcanaUnleashed","floor":33.0},{"not_picked":["theWildCard:MaskChange+1","theWildCard:StalwartBlade+1","theWildCard:SeveringSlash"],"picked":"SKIP","floor":35.0},{"not_picked":["theWildCard:StingingStrike","theWildCard:Proficiency"],"picked":"theWildCard:PaleRider+1","floor":36.0},{"not_picked":["theWildCard:ArcaneArts","theWildCard:Polydeuces"],"picked":"theWildCard:ArchaicAssault","floor":37.0},{"not_picked":["theWildCard:ShieldOfMany","theWildCard:Patience+1"],"picked":"theWildCard:StingingStrike+1","floor":39.0},{"not_picked":["theWildCard:SeveringSlash","theWildCard:Alice+1","theWildCard:FinalHour"],"picked":"SKIP","floor":40.0},{"not_picked":["theWildCard:MaskChange+1","theWildCard:IdentityTheft","theWildCard:TheGreatSeal+1"],"picked":"SKIP","floor":41.0},{"not_picked":["theWildCard:Proficiency+1","theWildCard:EnergizedStroke"],"picked":"theWildCard:Desolation","floor":42.0},{"not_picked":["theWildCard:SacrificialStroke+1","theWildCard:Unburden+1","theWildCard:BladeOfGenerations+1"],"picked":"SKIP","floor":47.0},{"not_picked":["theWildCard:Unburden","theWildCard:ArcaneArts+1","theWildCard:ShieldOfMany"],"picked":"SKIP","floor":48.0}],"player_experience":5987,"relics_obtained":[{"floor":6.0,"key":"Oddly Smooth Stone"},{"floor":9.0,"key":"Vajra"},{"floor":12.0,"key":"Ice Cream"},{"floor":23.0,"key":"Bag of Preparation"},{"floor":26.0,"key":"Bottled Flame"},{"floor":40.0,"key":"MawBank"},{"floor":42.0,"key":"Mummified Hand"},{"floor":43.0,"key":"Molten Egg 2"}],"event_choices":[{"damage_healed":0.0,"max_hp_gain":0.0,"max_hp_loss":0.0,"gold_gain":75.0,"event_name":"World of Goop","player_choice":"Gather Gold","floor":2.0,"gold_loss":0.0,"damage_taken":11.0},{"damage_healed":0.0,"max_hp_gain":0.0,"max_hp_loss":0.0,"gold_gain":175.0,"event_name":"Liars Game","player_choice":"AGREE","floor":3.0,"gold_loss":0.0,"damage_taken":0.0,"cards_obtained":["Doubt"]},{"damage_healed":0.0,"max_hp_gain":0.0,"max_hp_loss":4.0,"gold_gain":0.0,"event_name":"Golden Idol","player_choice":"Lose Max HP","floor":5.0,"gold_loss":0.0,"damage_taken":0.0,"relics_obtained":["Golden Idol"]},{"damage_healed":0.0,"max_hp_gain":0.0,"max_hp_loss":0.0,"gold_gain":75.0,"event_name":"FaceTrader","player_choice":"Touch","floor":14.0,"gold_loss":0.0,"damage_taken":5.0},{"damage_healed":0.0,"max_hp_gain":0.0,"max_hp_loss":0.0,"gold_gain":0.0,"event_name":"Upgrade Shrine","player_choice":"Upgraded","floor":20.0,"gold_loss":0.0,"damage_taken":0.0,"cards_upgraded":["theWildCard:TheArcanaUnleashed"]},{"cards_removed":["theWildCard:BasicDefend"],"damage_healed":0.0,"max_hp_gain":0.0,"max_hp_loss":0.0,"gold_gain":0.0,"event_name":"Wheel of Change","player_choice":"Card Removal","floor":30.0,"gold_loss":0.0,"damage_taken":0.0}],"is_beta":false,"boss_relics":[{"not_picked":["Ectoplasm","Philosopher\u0027s Stone"],"picked":"theWildCard:Wildcard"},{"not_picked":["Snecko Eye","Tiny House"],"picked":"Astrolabe"}],"items_purged_floors":[11,19,38,45],"is_endless":false,"potions_floor_spawned":[4,6,8,16,18,21,28,33,35,39,41,47],"ascension_level":1}}