{"host":"9hmnsypyq1c5u7i3","time":1609986041,"event":{"mods":["BaseMod","Downfall","Minty Spire (QoL Compilation)","Quick Restart","StSLib"],"gold_per_floor":[99,111,171,189,205,205,205,221,232,263,276,309,309,409,422,522,522,522,538,557,569,581,106,106,106,121,147,147,158,178,211,224,325,325,325,336,355,24,62,62,62,62,95,95,95,127,127,140,156,156],"floor_reached":51,"playtime":8866,"items_purged":["Slimebound:Strike_Slimebound","Slimebound:Defend_Slimebound","Slimebound:Tackle"],"score":813,"play_id":"d04effaf-4d3c-4386-a804-36cc94b8b685","local_time":"20210106202041","is_ascension_mode":false,"campfire_choices":[{"data":"Slimebound:Split","floor":1.0,"key":"SMITH"},{"data":"Slimebound:LeadByExample","floor":6.0,"key":"SMITH"},{"data":"Slimebound:GrowthPunch","floor":13.0,"key":"SMITH"},{"data":"Slimebound:MassFeed","floor":18,"key":"SMITH"},{"data":"expansioncontent:YouAreMine","floor":25,"key":"SMITH"},{"data":"Slimebound:RallyTheTroops","floor":35,"key":"SMITH"},{"data":"expansioncontent:Chronoboost","floor":40,"key":"SMITH"},{"data":"Slimebound:SpikyOuterGoop","floor":42,"key":"SMITH"},{"floor":45,"key":"RECALL"},{"data":"Slimebound:SelfFormingGoo","floor":47,"key":"SMITH"}],"circlet_count":0,"master_deck":["Slimebound:Defend_Slimebound","Slimebound:Defend_Slimebound","Slimebound:Split+1","Slimebound:CorrosiveSpit","Slimebound:GrowthPunch+1","Slimebound:GoopSpray","Slimebound:LeadByExample+1","Slimebound:SlimeTap","Slimebound:GrowthPunch","Slimebound:SelfFormingGoo+1","Slimebound:MegaLick","Slimebound:DisruptingSlam","Slimebound:LivingWall","Slimebound:LevelUp+1","Slimebound:ForwardTackle","Slimebound:SlimeSlap","Slimebound:MassFeed+1","Slimebound:SpikyOuterGoop+1","Slimebound:LivingWall","Slimebound:SplitMire+1","Slimebound:Repurpose","expansioncontent:YouAreMine+1","Slimebound:SlimeTap+1","Slimebound:Nibble+1","Slimebound:OneTwoCombo","Slimebound:SlimeBrawl+1","Slimebound:SplitLeeching","Slimebound:RallyTheTroops+1","Slimebound:SplitLeeching+1","Slimebound:SplitLeeching+1","expansioncontent:Chronoboost+1","Slimebound:Teamwork","Slimebound:LevelUp+1","Slimebound:OneTwoCombo","Pain","Slimebound:LeechLife"],"relics":["Slimebound:AbsorbEndCombat","Meat on the Bone","Bottled Flame","Question Card","Kunai","Coffee Dripper","Orichalcum","Medical Kit","Pocketwatch","Bottled Tornado","Anchor","SlaversCollar","Membership Card","Singing Bowl","Bag of Marbles","Ornamental Fan","WarpedTongs","Lantern"],"acts_visited":["Exordium","TheCity","TheBeyond"],"potions_floor_usage":[20,21,21,27],"damage_taken":[{"damage":18.0,"enemies":"Small Slimes","floor":2.0,"turns":4.0},{"damage":58.0,"enemies":"Lagavulin Event","floor":3.0,"turns":8.0},{"damage":8.0,"enemies":"2 Louse","floor":4.0,"turns":3.0},{"damage":12.0,"enemies":"Cultist","floor":5.0,"turns":4.0},{"damage":11.0,"enemies":"2 Fungi Beasts","floor":8.0,"turns":4.0},{"damage":14.0,"enemies":"Gremlin Gang","floor":9.0,"turns":4.0},{"damage":33.0,"enemies":"Lagavulin","floor":10.0,"turns":6.0},{"damage":16.0,"enemies":"Red Slaver","floor":11.0,"turns":2.0},{"damage":18.0,"enemies":"3 Sentries","floor":12.0,"turns":4.0},{"damage":45.0,"enemies":"downfall:Heads","floor":14.0,"turns":8.0},{"damage":16.0,"enemies":"Blue Slaver","floor":15.0,"turns":5.0},{"damage":37.0,"enemies":"downfall:Watcher","floor":16.0,"turns":8.0},{"damage":24,"enemies":"Spheric Guardian","floor":19,"turns":4},{"damage":14,"enemies":"Chosen","floor":20,"turns":4},{"damage":51,"enemies":"3 Cultists","floor":21,"turns":6},{"damage":29,"enemies":"Snake Plant","floor":22,"turns":5},{"damage":12,"enemies":"downfall:FleeingMerchant","floor":23,"turns":4},{"damage":19,"enemies":"Centurion and Healer","floor":26,"turns":5},{"damage":44,"enemies":"Slavers","floor":27,"turns":5},{"damage":23,"enemies":"3 Cultists","floor":29,"turns":6},{"damage":19,"enemies":"Cultist and Chosen","floor":30,"turns":6},{"damage":25,"enemies":"Gremlin Leader","floor":31,"turns":6},{"damage":24,"enemies":"Centurion and Healer","floor":32,"turns":4},{"damage":40,"enemies":"downfall:Silent","floor":33,"turns":8},{"damage":9,"enemies":"3 Shapes","floor":36,"turns":6},{"damage":8,"enemies":"Orb Walker","floor":37,"turns":4},{"damage":24,"enemies":"downfall:FleeingMerchant","floor":38,"turns":4},{"damage":18,"enemies":"downfall:FleeingMerchant","floor":39,"turns":3},{"damage":27,"enemies":"Giant Head","floor":43,"turns":6},{"damage":38,"enemies":"Nemesis","floor":46,"turns":5},{"damage":66,"enemies":"Jaw Worm Horde","floor":48,"turns":5},{"damage":17,"enemies":"4 Shapes","floor":49,"turns":3},{"damage":30,"enemies":"downfall:Ironclad","floor":50,"turns":7}],"seed_played":"1158539398075069014","potions_obtained":[{"floor":3.0,"key":"Slimebound:SlimedPotion"},{"floor":10.0,"key":"sneckomod:MuddlingPotion"},{"floor":12.0,"key":"SmokeBomb"},{"floor":15.0,"key":"Fruit Juice"},{"floor":20,"key":"Guardian:BlockOnCardUsePotion"},{"floor":21,"key":"Regen Potion"},{"floor":29,"key":"BlessingOfTheForge"},{"floor":30,"key":"SpeedPotion"},{"floor":48,"key":"Swift Potion"},{"floor":49,"key":"PowerPotion"}],"is_trial":false,"path_per_floor":["R","M","?","M","M","R","T","M","M","E","M","E","R","?","M","B",null,"R","M","M","M","M","$","T","R","M","E","?","M","M","E","M","B",null,"R","M","M","$","?","R","T","R","E","?","R","E","R","M","M","B",null],"character_chosen":"SLIMEBOUND","items_purchased":["Orichalcum","expansioncontent:YouAreMine","Medical Kit","Membership Card","expansioncontent:Chronoboost","Slimebound:Teamwork","Singing Bowl","Slimebound:OneTwoCombo","Bag of Marbles"],"campfire_rested":0,"item_purchase_floors":[23,23,23,38,38,38,39,39,39],"current_hp_per_floor":[66,60,34,50,52,52,52,53,53,48,46,40,40,21,29,34,66,66,52,59,48,47,55,55,55,68,72,72,85,90,99,109,99,115,115,119,123,123,115,115,115,115,122,122,122,115,115,93,110,130],"gold":156,"neow_bonus":"TEN_PERCENT_HP_BONUS","is_daily":false,"chose_seed":false,"campfire_upgraded":9,"win_rate":0.0,"timestamp":1609986041,"path_taken":["R","M","?","M","M","R","T","M","M","E","M","E","R","?","M","BOSS","R","M","M","M","M","$","T","R","M","E","?","M","M","E","M","BOSS","R","M","M","$","?","R","T","R","E","?","R","E","R","?","M","BOSS"],"items_purchased_type":["Relic","Card","Relic","Relic","Card","Card","Relic","Card","Relic"],"build_version":"2020-12-22","purchased_purges":3,"victory":true,"max_hp_per_floor":[66,66,66,66,66,66,66,66,66,66,66,66,66,66,66,66,66,66,66,71,75,75,75,75,75,83,91,91,99,103,107,111,115,115,115,119,123,123,123,123,123,123,125,125,125,127,127,141,157,157],"card_choices":[{"not_picked":["Slimebound:LeechingTouch","Slimebound:ViciousTackle"],"picked":"Slimebound:GrowthPunch","floor":2.0},{"not_picked":["Slimebound:Dissolve","Slimebound:SlimeSpikes"],"picked":"Slimebound:GoopSpray","floor":3.0},{"not_picked":["Slimebound:SplitBruiser","Slimebound:GoopTackle"],"picked":"Slimebound:LeadByExample","floor":4.0},{"not_picked":["Slimebound:SplitBruiser","Slimebound:WasteNot"],"picked":"Slimebound:SlimeTap","floor":5.0},{"not_picked":["Slimebound:RollThrough","Slimebound:SlimeSpikes"],"picked":"Slimebound:GrowthPunch","floor":8.0},{"not_picked":["Slimebound:GrowthPunch","Slimebound:RollThrough"],"picked":"Slimebound:SelfFormingGoo","floor":9.0},{"not_picked":["Slimebound:MinionMaster","Slimebound:FinishingTackle"],"picked":"Slimebound:MegaLick","floor":10.0},{"not_picked":["Slimebound:SplitBruiser","Slimebound:LeechEnergy","Slimebound:Schlurp"],"picked":"Slimebound:DisruptingSlam","floor":11.0},{"not_picked":["Slimebound:DisruptingSlam","Slimebound:ProtectTheBoss","Slimebound:SplitBruiser"],"picked":"Slimebound:LivingWall","floor":12.0},{"not_picked":["Slimebound:GrowthPunch","Slimebound:LeechEnergy","Slimebound:PressTheAttack"],"picked":"Slimebound:LevelUp","floor":14.0},{"not_picked":["Slimebound:Schlurp","Slimebound:MegaLick","Slimebound:GoopSpray"],"picked":"Slimebound:SlimeSlap","floor":15.0},{"not_picked":["Slimebound:DuplicatedForm","Slimebound:PrepareCrush","Slimebound:SlimeSlap"],"picked":"Slimebound:MassFeed","floor":16.0},{"not_picked":["Slimebound:Schlurp","Slimebound:RejuvenatingLick","Slimebound:ForwardTackle+1"],"picked":"Slimebound:SpikyOuterGoop","floor":19},{"not_picked":["Slimebound:FormOfPuddle","Slimebound:SplitAcid","Slimebound:ComboTackle","Slimebound:FlameTackle"],"picked":"SKIP","floor":20},{"not_picked":["Slimebound:LeechingTouch","Slimebound:SlimeSpikes","Slimebound:ForwardTackle+1"],"picked":"Slimebound:LivingWall","floor":21},{"not_picked":["Slimebound:ForwardTackle+1","Slimebound:Equalize","Slimebound:SamplingLick"],"picked":"Slimebound:SplitMire+1","floor":22},{"not_picked":["Slimebound:SplitLeeching","Slimebound:TongueLash","Slimebound:Prepare"],"picked":"Slimebound:Repurpose","floor":23},{"not_picked":["Slimebound:ViciousTackle","Slimebound:ComboTackle","Slimebound:ProtectTheBoss"],"picked":"Slimebound:SlimeTap+1","floor":26},{"not_picked":["Slimebound:SamplingLick","Slimebound:FormOfPuddle","Slimebound:LivingWall","Slimebound:ComboTackle"],"picked":"SKIP","floor":27},{"not_picked":["Slimebound:SamplingLick+1","Slimebound:SlimeBarrage","Slimebound:GrowthPunch"],"picked":"Slimebound:Nibble+1","floor":29},{"not_picked":["Slimebound:TongueLash+1","Slimebound:Gluttony","Slimebound:SlimeBrawl+1"],"picked":"Slimebound:OneTwoCombo","floor":30},{"not_picked":["Slimebound:GrowthPunch","Slimebound:LeechEnergy+1","Slimebound:Prepare"],"picked":"Slimebound:SlimeBrawl+1","floor":31},{"not_picked":["Slimebound:Repurpose","Slimebound:Dissolve","Slimebound:PressTheAttack"],"picked":"Slimebound:SplitLeeching","floor":32},{"not_picked":["Slimebound:LeechLife","Slimebound:DouseInSlime","Slimebound:MassFeed"],"picked":"Slimebound:RallyTheTroops","floor":33},{"not_picked":["Slimebound:LeechEnergy+1","Slimebound:SlimeSpikes+1","Slimebound:FinishingTackle"],"picked":"Slimebound:SplitLeeching+1","floor":36},{"not_picked":["Slimebound:SamplingLick","Slimebound:ComboTackle","Slimebound:ViciousTackle"],"picked":"Slimebound:SplitLeeching+1","floor":37},{"not_picked":["Slimebound:SplitLeeching+1","Slimebound:SplitMire","Slimebound:SlimeTap","Slimebound:ProtectTheBoss"],"picked":"SKIP","floor":38},{"not_picked":["Slimebound:ViciousTackle","Slimebound:BestDefense","Slimebound:PressTheAttack+1"],"picked":"Slimebound:LevelUp+1","floor":39},{"not_picked":["Slimebound:Schlurp+1","Slimebound:Repurpose","Slimebound:GoopSpray","Slimebound:Dissolve+1"],"picked":"Singing Bowl","floor":43},{"not_picked":["Slimebound:Nibble+1","Slimebound:SlimeBarrage","Slimebound:BestDefense+1","Slimebound:SplitAcid"],"picked":"Singing Bowl","floor":46},{"not_picked":["Slimebound:AcidTongue","Slimebound:RollThrough+1","Slimebound:Dissolve","Slimebound:RainOfGoop"],"picked":"Singing Bowl","floor":48},{"not_picked":["Slimebound:LeechingTouch","Slimebound:RollThrough+1","Slimebound:MegaLick"],"picked":"Slimebound:LeechLife","floor":49}],"player_experience":796756,"relics_obtained":[{"floor":7.0,"key":"Bottled Flame"},{"floor":10.0,"key":"Question Card"},{"floor":12.0,"key":"Kunai"},{"floor":24,"key":"Pocketwatch"},{"floor":27,"key":"Bottled Tornado"},{"floor":31,"key":"Anchor"},{"floor":43,"key":"Ornamental Fan"},{"floor":46,"key":"Lantern"}],"event_choices":[{"cards_removed":["Slimebound:Strike_Slimebound"],"damage_healed":0,"gold_gain":0,"player_choice":"Purged","damage_taken":0,"max_hp_gain":0,"max_hp_loss":0,"event_name":"Purifier","floor":28,"gold_loss":0},{"damage_healed":0,"gold_gain":0,"player_choice":"Rummage","damage_taken":0,"relics_obtained":["WarpedTongs"],"max_hp_gain":0,"max_hp_loss":0,"event_name":"Accursed Blacksmith","floor":44,"gold_loss":0,"cards_obtained":["Pain"]}],"is_beta":false,"boss_relics":[{"not_picked":["Fusion Hammer","Black Star"],"picked":"Coffee Dripper"},{"not_picked":["Tiny House","Velvet Choker"],"picked":"SlaversCollar"}],"items_purged_floors":[23,38,39],"is_endless":false,"potions_floor_spawned":[3,10,12,15,20,21,29,30,33,36,43,48,49],"ascension_level":0}}