{"host":"mydft8i2zzydgggw","time":1609991388,"event":{"mods":["AchievementEnabler","BaseMod","BetterRewards","Colored Map","Colored Powertips","DeckTracker","Keyboard Shortcuts","Minty Spire (QoL Compilation)","Quick Restart","Rare Cards Sparkle","StSLib","SuperFastMode","The Poker Player","everything is the same but u backflip on backflip"],"gold_per_floor":[109,109,123,134,134,59,92,102,125,158,3,3,15,31,31,133,133,150,75,91,91,91,91,119,139,139,169,709,721,6,21,21,21,21],"floor_reached":33,"playtime":871,"items_purged":["Strike_R","Strike_R"],"score":352,"play_id":"1cf5c15e-27eb-497e-a0fb-145ff8ebed37","local_time":"20210107124948","is_ascension_mode":true,"campfire_choices":[{"data":"Infernal Blade","floor":12,"key":"SMITH"},{"data":"Body Slam","floor":15,"key":"SMITH"},{"data":"Bloodletting","floor":23,"key":"SMITH"},{"data":"Armaments","floor":32,"key":"SMITH"}],"circlet_count":0,"master_deck":["Strike_R","Strike_R","Defend_R","Defend_R","Defend_R","Bash","Perfected Strike","Anger","Infernal Blade+1","Body Slam+1","Bloodletting+1","Perfected Strike","Disarm","Reaper","Burning Pact+1","Anger+1","Dropkick","Headbutt+1","Armaments+1","Master of Strategy","Armaments+1"],"relics":["Black Blood","Bronze Scales","MealTicket","Dream Catcher","Lantern","Vajra","Anchor","Blood Vial","Omamori","Bag of Preparation","Bottled Lightning","Nunchaku"],"acts_visited":["Exordium","TheCity"],"potions_floor_usage":[7,7,10,14,14,24,28,33,33],"damage_taken":[{"damage":4,"enemies":"2 Louse","floor":1,"turns":3},{"damage":1,"enemies":"Cultist","floor":3,"turns":3},{"damage":7,"enemies":"Jaw Worm","floor":4,"turns":3},{"damage":17,"enemies":"Gremlin Nob","floor":7,"turns":4},{"damage":0,"enemies":"2 Fungi Beasts","floor":8,"turns":3},{"damage":40,"enemies":"Lagavulin","floor":10,"turns":6},{"damage":1,"enemies":"Gremlin Gang","floor":13,"turns":3},{"damage":0,"enemies":"Lots of Slimes","floor":14,"turns":3},{"damage":72,"enemies":"Slime Boss","floor":16,"turns":9},{"damage":28,"enemies":"2 Thieves","floor":18,"turns":4},{"damage":15,"enemies":"3 Byrds","floor":20,"turns":3},{"damage":32,"enemies":"Gremlin Leader","floor":24,"turns":6},{"damage":22,"enemies":"Centurion and Healer","floor":25,"turns":7},{"damage":37,"enemies":"Slavers","floor":27,"turns":5},{"damage":14,"enemies":"Snake Plant","floor":29,"turns":2},{"damage":8,"enemies":"Chosen and Byrds","floor":31,"turns":2},{"damage":102,"enemies":"Automaton","floor":33,"turns":6}],"seed_played":"2947941972508057682","potions_obtained":[{"floor":1,"key":"Strength Potion"},{"floor":3,"key":"SteroidPotion"},{"floor":7,"key":"Strength Potion"},{"floor":10,"key":"BloodPotion"},{"floor":13,"key":"EssenceOfSteel"},{"floor":24,"key":"Fruit Juice"},{"floor":25,"key":"BloodPotion"},{"floor":27,"key":"FearPotion"},{"floor":29,"key":"LiquidBronze"}],"is_trial":false,"path_per_floor":["M","?","M","M","?","$","E","M","T","E","$","R","M","M","R","B",null,"M","?","M","$","?","R","E","M","T","E","?","M","$","M","R","B"],"character_chosen":"IRONCLAD","items_purchased":["Anchor","Armaments","Bottled Lightning","Nunchaku","Master of Strategy"],"campfire_rested":0,"item_purchase_floors":[11,30,30,30,30],"current_hp_per_floor":[80,62,67,66,66,80,69,75,75,57,72,72,77,80,80,14,80,69,69,75,80,80,80,65,67,67,59,19,19,34,47,47,0,0],"gold":21,"neow_bonus":"RANDOM_COMMON_RELIC","is_daily":false,"chose_seed":false,"campfire_upgraded":4,"win_rate":0.0,"timestamp":1609991388,"path_taken":["M","?","M","M","?","$","E","M","T","E","$","R","M","M","R","BOSS","M","?","M","?","?","R","E","M","T","E","?","M","$","?","R","BOSS"],"items_purchased_type":["Relic","Card","Relic","Relic","Card"],"build_version":"2020-12-22","purchased_purges":2,"victory":false,"max_hp_per_floor":[80,80,80,80,80,80,80,80,80,80,80,80,80,80,80,80,80,80,80,80,80,80,80,85,85,85,85,85,85,85,85,85,85,85],"card_choices":[{"not_picked":["Combust","Rampage"],"picked":"Perfected Strike","floor":1},{"not_picked":["Fire Breathing","Wild Strike","Evolve"],"picked":"SKIP","floor":3},{"not_picked":["Evolve","Flex"],"picked":"Anger","floor":4},{"not_picked":["Havoc","Whirlwind"],"picked":"Body Slam","floor":7},{"not_picked":["Evolve","Anger"],"picked":"Bloodletting","floor":8},{"not_picked":["Twin Strike","Dark Embrace","Corruption"],"picked":"SKIP","floor":10},{"not_picked":["Ghostly Armor","Warcry"],"picked":"Perfected Strike","floor":13},{"not_picked":["Seeing Red","Flex"],"picked":"Disarm","floor":14},{"not_picked":["Offering","Fiend Fire"],"picked":"Reaper","floor":16},{"not_picked":["Combust","Flex","Sentinel+1"],"picked":"SKIP","floor":18},{"not_picked":["Evolve+1","Spot Weakness+1","Warcry"],"picked":"SKIP","floor":20},{"not_picked":["Heavy Blade+1","Clash"],"picked":"Burning Pact+1","floor":24},{"not_picked":["Wild Strike","Body Slam+1"],"picked":"Anger+1","floor":25},{"not_picked":["Rage","Rupture"],"picked":"Dropkick","floor":27},{"not_picked":["Warcry","Wild Strike"],"picked":"Headbutt+1","floor":29},{"not_picked":["Shockwave","Evolve"],"picked":"Armaments+1","floor":31}],"player_experience":133993,"relics_obtained":[{"floor":7,"key":"Dream Catcher"},{"floor":9,"key":"Lantern"},{"floor":10,"key":"Vajra"},{"floor":24,"key":"Blood Vial"},{"floor":26,"key":"Omamori"},{"floor":27,"key":"Bag of Preparation"}],"event_choices":[{"damage_healed":0,"gold_gain":0,"player_choice":"Success","damage_taken":18,"relics_obtained":["MealTicket"],"max_hp_gain":0,"max_hp_loss":0,"event_name":"Scrap Ooze","floor":2,"gold_loss":0},{"damage_healed":0,"gold_gain":0,"cards_transformed":["Strike_R"],"player_choice":"Transformed","damage_taken":0,"max_hp_gain":0,"max_hp_loss":0,"event_name":"Transmorgrifier","floor":5,"gold_loss":0,"cards_obtained":["Infernal Blade"]},{"cards_removed":["Defend_R"],"damage_healed":0,"gold_gain":0,"player_choice":"Gave Gold","damage_taken":0,"max_hp_gain":0,"max_hp_loss":0,"event_name":"Beggar","floor":19,"gold_loss":75},{"damage_healed":0,"gold_gain":0,"player_choice":"Ignored","damage_taken":0,"max_hp_gain":0,"max_hp_loss":0,"event_name":"Ghosts","floor":22,"gold_loss":0},{"damage_healed":0,"gold_gain":540,"player_choice":"GOLD GOLD GOLD GOLD GOLD GOLD ","damage_taken":57,"max_hp_gain":0,"max_hp_loss":0,"event_name":"Knowing Skull","floor":28,"potions_obtained":[],"gold_loss":0,"cards_obtained":[]}],"is_beta":false,"boss_relics":[{"not_picked":["Empty Cage","Runic Cube"],"picked":"Black Blood"}],"items_purged_floors":[6,30],"is_endless":false,"potions_floor_spawned":[1,3,7,10,13,24,25,27,29],"killed_by":"Automaton","ascension_level":2}}