{"host":"94qggqh0xz0sp6ai","time":1609999299,"event":{"mods":["Abigail Mod","Act Like it!","BaseMod","CapriCore","Downfall","Friendly Minions","Gensokyo","Hermit","Jorbs\u0027s Wanderer Trilogy","Koishi","Marisa（霧雨　魔理沙）","Minty Spire (QoL Compilation)","Permanent Neow","Reimu（博??梦）","StSLib","The Alterego","The Construct","The Cursed","The Hierophant","The Immortal","The Marked","The Servant 0.9.4","TheBandit","Waifu the Spire"],"gold_per_floor":[112,124,124,135,153,184,201,201,228,228,258,272,272,282,282,386,386,405,423,9,9,9,9,42,42,42,42,69,69,96,110,110,213,213,225,225,225,225,225,225,254,254,254,265,75,108,120,161,173,185,185],"floor_reached":50,"playtime":1682,"items_purged":[],"score":603,"play_id":"9a0592e8-cbfa-4ce5-86a5-e2065f4ed9ac","local_time":"20210107000139","is_ascension_mode":true,"campfire_choices":[{"data":"theMarked:ComboAttacks","floor":8,"key":"SMITH"},{"data":"theMarked:HeritageOfTheMarked","floor":10,"key":"SMITH"},{"data":"theMarked:SoldierOfQuellstein","floor":13,"key":"SMITH"},{"data":"theMarked:WardOff","floor":15,"key":"SMITH"},{"data":"theMarked:MysticalArsenal","floor":23,"key":"SMITH"},{"floor":25,"key":"REST"},{"data":"theMarked:Vacuum","floor":27,"key":"SMITH"},{"floor":29,"key":"DIG"},{"floor":32,"key":"REST"},{"data":"theMarked:BindingBlade","floor":40,"key":"SMITH"},{"floor":42,"key":"REST"},{"floor":47,"key":"REST"},{"floor":49,"key":"REST"}],"circlet_count":0,"master_deck":["theMarked:Strike+1","theMarked:Defend","theMarked:Defend","theMarked:Defend","theMarked:Defend","theMarked:SoldierOfQuellstein+1","theMarked:HeritageOfTheMarked+1","theMarked:WardOff","theMarked:ElementalBlade","theMarked:WardOff+1","theMarked:Frustration","theMarked:BanishingStrike+1","theMarked:ComboAttacks+1","theMarked:ChainLightning","theMarked:Seal","theMarked:Vacuum+1","theMarked:WardOff","theMarked:MysticalArsenal+1","theMarked:ParalyzingBlade","theMarked:Challenge","theMarked:BindingBlade+1","Madness","Madness","theMarked:Abjuration","theMarked:EnhanceMovement","theMarked:StartUp+1","theMarked:BanishingStrike+1"],"relics":["theMarked:ArtifactOfAir","Ice Cream","Tiny Chest","Happy Flower","Empty Cage","Shovel","Regal Pillow","Juzu Bracelet","WingedGreaves","FossilizedHelix","Pen Nib","Black Star","Sundial","Turnip","Whetstone","Kunai","Membership Card","Centennial Puzzle","MawBank","StrikeDummy","Ancient Tea Set"],"acts_visited":["Exordium","TheCity","TheBeyond"],"potions_floor_usage":[19,24,33,41,48,50,50],"damage_taken":[{"damage":2,"enemies":"2 Louse","floor":1,"turns":4},{"damage":4,"enemies":"Cultist","floor":2,"turns":4},{"damage":0,"enemies":"Small Slimes","floor":4,"turns":3},{"damage":4,"enemies":"3 Louse","floor":5,"turns":6},{"damage":10,"enemies":"3 Sentries","floor":6,"turns":7},{"damage":1,"enemies":"2 Fungi Beasts","floor":7,"turns":4},{"damage":13,"enemies":"Lagavulin","floor":11,"turns":5},{"damage":11,"enemies":"Large Slime","floor":12,"turns":6},{"damage":5,"enemies":"Looter","floor":14,"turns":3},{"damage":6,"enemies":"Hexaghost","floor":16,"turns":6},{"damage":13,"enemies":"Shell Parasite","floor":18,"turns":4},{"damage":35,"enemies":"2 Thieves","floor":19,"turns":3},{"damage":20,"enemies":"Slavers","floor":24,"turns":6},{"damage":18,"enemies":"Gremlin Leader","floor":28,"turns":6},{"damage":7,"enemies":"Snake Plant","floor":31,"turns":3},{"damage":25,"enemies":"Champ","floor":33,"turns":9},{"damage":7,"enemies":"3 Shapes","floor":35,"turns":5},{"damage":24,"enemies":"Nemesis","floor":41,"turns":6},{"damage":36,"enemies":"3 Darklings","floor":44,"turns":6},{"damage":11,"enemies":"Giant Head","floor":46,"turns":7},{"damage":38,"enemies":"Reptomancer","floor":48,"turns":5},{"damage":59,"enemies":"Time Eater","floor":50,"turns":7}],"seed_played":"4063538456129401223","potions_obtained":[{"floor":2,"key":"Strength Potion"},{"floor":5,"key":"Fire Potion"},{"floor":7,"key":"SkillPotion"},{"floor":16,"key":"Regen Potion"},{"floor":28,"key":"Dexterity Potion"},{"floor":31,"key":"DuplicationPotion"},{"floor":44,"key":"GamblersBrew"},{"floor":46,"key":"Slimebound:ThreeZeroPotion"}],"is_trial":false,"path_per_floor":["M","M","?","M","M","E","M","R","T","R","E","M","R","M","R","B",null,"M","M","$","?","?","R","E","R","T","R","E","R","T","M","R","B",null,"M","?","?","?","T","R","E","R","T","M","$","E","R","E","R","B"],"character_chosen":"THE_DEFAULT","items_purchased":["theMarked:MysticalArsenal","theMarked:ParalyzingBlade","Shovel","Membership Card","theMarked:EnhanceMovement"],"campfire_rested":5,"item_purchase_floors":[20,20,20,45,45],"current_hp_per_floor":[68,64,64,64,60,50,49,49,49,49,36,25,25,20,20,14,70,57,31,31,31,31,31,11,47,47,47,29,29,29,22,58,33,70,63,63,63,54,54,54,30,66,66,30,30,19,55,17,53,0,0],"gold":185,"neow_bonus":"THREE_CARDS","is_daily":false,"chose_seed":false,"campfire_upgraded":7,"win_rate":0.0,"timestamp":1609999299,"path_taken":["M","M","?","M","M","E","M","R","T","R","E","?","R","M","R","BOSS","M","M","$","?","?","R","E","R","T","R","E","R","?","M","R","BOSS","M","?","?","?","?","R","E","R","T","M","?","E","R","E","R","BOSS"],"items_purchased_type":["Card","Card","Relic","Relic","Card"],"build_version":"2020-12-22","purchased_purges":0,"victory":false,"max_hp_per_floor":[70,70,70,70,70,70,70,70,70,70,70,70,70,70,70,70,70,70,70,70,70,70,70,70,70,70,70,70,70,70,70,70,70,70,70,70,70,70,70,70,70,70,70,70,70,70,70,70,70,70,70],"card_choices":[{"not_picked":["theMarked:BanishingStrike","theMarked:Standoff"],"picked":"theMarked:HeritageOfTheMarked","floor":0},{"not_picked":["theMarked:CreepingChasm","theMarked:WastefulAttack"],"picked":"theMarked:WardOff","floor":1},{"not_picked":["theMarked:ChainLightning","theMarked:Reabsorb"],"picked":"theMarked:ElementalBlade","floor":2},{"not_picked":["theMarked:TwofoldDefense","theMarked:ShockingTouch"],"picked":"theMarked:WardOff","floor":4},{"not_picked":["theMarked:ChainLightning","theMarked:WardOff"],"picked":"theMarked:Frustration","floor":5},{"not_picked":["theMarked:HeightenedSenses","theMarked:Generate"],"picked":"theMarked:BanishingStrike","floor":6},{"not_picked":["theMarked:HeightenedSenses","theMarked:EmpowerWeapon"],"picked":"theMarked:ComboAttacks","floor":7},{"not_picked":["theMarked:HeightenedSenses","theMarked:Parry","theMarked:RepellingDischarge"],"picked":"SKIP","floor":11},{"not_picked":["theMarked:Static","theMarked:RepellingDischarge"],"picked":"theMarked:ChainLightning","floor":12},{"not_picked":["theMarked:RepellingDischarge","theMarked:StartUp"],"picked":"theMarked:Seal","floor":14},{"not_picked":["theMarked:FavorableWinds","theMarked:SuspiciousRaven"],"picked":"theMarked:Vacuum","floor":16},{"not_picked":["theMarked:Static","theMarked:ElectricStrings","theMarked:HeightenedSenses"],"picked":"SKIP","floor":18},{"not_picked":["theMarked:BanishingStrike","theMarked:Electrify+1"],"picked":"theMarked:WardOff","floor":19},{"not_picked":["theMarked:ElectricStrings","theMarked:TakeCover"],"picked":"theMarked:Challenge","floor":24},{"not_picked":["theMarked:CreepingChasm","theMarked:Aftermath+1","theMarked:Convert+1"],"picked":"SKIP","floor":28},{"not_picked":["theMarked:LightningStrikesTwice","theMarked:TwofoldDefense+1","theMarked:RogueSparks"],"picked":"SKIP","floor":31},{"not_picked":["theMarked:DispelDoubt","theMarked:SuspiciousRaven"],"picked":"theMarked:BindingBlade","floor":33},{"not_picked":["theMarked:Opportunist","theMarked:WardOff","theMarked:RogueSparks"],"picked":"SKIP","floor":35},{"not_picked":["theMarked:BanishingStrike","theMarked:Parkour"],"picked":"theMarked:Abjuration","floor":41},{"not_picked":["theMarked:RepellingDischarge","theMarked:ChainLightning+1","theMarked:HeightenedSenses+1"],"picked":"SKIP","floor":44},{"not_picked":["theMarked:ElectricStrings","theMarked:Static+1"],"picked":"theMarked:StartUp+1","floor":46},{"not_picked":["theMarked:ShockingTouch","theMarked:TunnelVision+1"],"picked":"theMarked:BanishingStrike+1","floor":48}],"player_experience":1356019,"relics_obtained":[{"floor":6,"key":"Ice Cream"},{"floor":9,"key":"Tiny Chest"},{"floor":11,"key":"Happy Flower"},{"floor":24,"key":"Regal Pillow"},{"floor":26,"key":"Juzu Bracelet"},{"floor":28,"key":"WingedGreaves"},{"floor":29,"key":"FossilizedHelix"},{"floor":30,"key":"Pen Nib"},{"floor":39,"key":"Sundial"},{"floor":41,"key":"Turnip"},{"floor":41,"key":"Whetstone"},{"floor":43,"key":"Kunai"},{"floor":46,"key":"Centennial Puzzle"},{"floor":46,"key":"MawBank"},{"floor":48,"key":"StrikeDummy"},{"floor":48,"key":"Ancient Tea Set"}],"event_choices":[{"cards_removed":["theMarked:Strike"],"damage_healed":0,"gold_gain":0,"player_choice":"Purged","damage_taken":0,"max_hp_gain":0,"max_hp_loss":0,"event_name":"Purifier","floor":3,"gold_loss":0},{"damage_healed":0,"gold_gain":0,"player_choice":"Ignored","damage_taken":0,"max_hp_gain":0,"max_hp_loss":0,"event_name":"Cursed Tome","floor":21,"gold_loss":0},{"damage_healed":0,"gold_gain":0,"player_choice":"Ignored","damage_taken":0,"max_hp_gain":0,"max_hp_loss":0,"event_name":"Ghosts","floor":22,"gold_loss":0},{"damage_healed":0,"gold_gain":0,"player_choice":"Memory 1","damage_taken":0,"max_hp_gain":0,"max_hp_loss":0,"event_name":"SensoryStone","floor":36,"gold_loss":0},{"cards_removed":["theMarked:Strike"],"damage_healed":0,"gold_gain":0,"player_choice":"Purged","damage_taken":0,"max_hp_gain":0,"max_hp_loss":0,"event_name":"Purifier","floor":37,"gold_loss":0},{"damage_healed":0,"gold_gain":0,"player_choice":"Embrace Madness","damage_taken":9,"max_hp_gain":0,"max_hp_loss":0,"event_name":"Winding Halls","floor":38,"gold_loss":0,"cards_obtained":["Madness","Madness"]}],"is_beta":false,"boss_relics":[{"not_picked":["RedLine:ReiMu","Ectoplasm"],"picked":"Empty Cage"},{"not_picked":["Velvet Choker","Fusion Hammer"],"picked":"Black Star"}],"items_purged_floors":[],"is_endless":false,"potions_floor_spawned":[2,5,7,12,16,18,28,31,44,46],"killed_by":"Time Eater","ascension_level":1}}