{"host":"x7n7968bn9ekn290","time":1609995752,"event":{"mods":["AchievementEnabler","BaseMod","Colored Map","Colored Powertips","Googly Eyes","Highlight Path","Minty Spire (QoL Compilation)","Quick Restart","Rare Cards Sparkle","Relic Stats","ShortenTheSpire","Spire Birthday Party","slay the spire mod where everything is the same but ironclad has a cowboy hat"],"gold_per_floor":[110,110,110,110,133,173,47,47,47,61,61,75,98,123,123,247,247,271,290,314,339,18,18,18,18],"floor_reached":24,"playtime":893,"items_purged":["Injury"],"score":200,"play_id":"2b1b4108-b954-49ae-9aba-a896450ba038","local_time":"20210106210232","is_ascension_mode":false,"campfire_choices":[{"floor":8,"key":"REST"},{"floor":15,"key":"REST"},{"floor":23,"key":"REST"}],"circlet_count":0,"master_deck":["Strike_G","Strike_G","Strike_G","Strike_G","Strike_G","Defend_G","Defend_G","Defend_G","Defend_G","Defend_G","Survivor","Neutralize+1","Deflect","Accuracy","Terror","Dodge and Roll","Deflect","Prepared","Poisoned Stab","Deadly Poison","Poisoned Stab","Deadly Poison+1","Sucker Punch","Catalyst","Backstab","Bandage Up"],"relics":["Ring of the Snake","Golden Idol","PreservedInsect","Kunai","Mercury Hourglass","SacredBark","Blood Vial"],"acts_visited":["Exordium","TheCity"],"potions_floor_usage":[16,16,16,21,21],"damage_taken":[{"damage":4,"enemies":"Small Slimes","floor":1,"turns":7},{"damage":0,"enemies":"2 Louse","floor":5,"turns":4},{"damage":60,"enemies":"Gremlin Nob","floor":6,"turns":7},{"damage":1,"enemies":"Jaw Worm","floor":10,"turns":6},{"damage":0,"enemies":"3 Louse","floor":12,"turns":4},{"damage":3,"enemies":"2 Fungi Beasts","floor":13,"turns":5},{"damage":1,"enemies":"Looter","floor":14,"turns":4},{"damage":39,"enemies":"Hexaghost","floor":16,"turns":9},{"damage":2,"enemies":"Chosen","floor":18,"turns":6},{"damage":27,"enemies":"Spheric Guardian","floor":19,"turns":7},{"damage":15,"enemies":"Snake Plant","floor":20,"turns":4},{"damage":29,"enemies":"Cultist and Chosen","floor":21,"turns":7},{"damage":36,"enemies":"Snecko","floor":24,"turns":5}],"seed_played":"3661776388834297978","potions_obtained":[{"floor":6,"key":"Swift Potion"},{"floor":10,"key":"Poison Potion"},{"floor":12,"key":"ColorlessPotion"},{"floor":13,"key":"AttackPotion"},{"floor":16,"key":"EssenceOfSteel"},{"floor":18,"key":"BlessingOfTheForge"}],"is_trial":false,"path_per_floor":["M","?","?","?","M","E","$","R","T","M","?","M","M","M","R","B",null,"M","M","M","M","$","R","M"],"character_chosen":"THE_SILENT","items_purchased":["Dodge and Roll","Blood Vial","Backstab","Bandage Up"],"campfire_rested":3,"item_purchase_floors":[7,22,22,22],"current_hp_per_floor":[73,78,78,78,78,18,18,42,42,41,41,41,38,37,61,22,82,80,53,38,9,9,33,0,0],"gold":18,"neow_bonus":"TEN_PERCENT_HP_BONUS","is_daily":false,"chose_seed":false,"campfire_upgraded":0,"win_rate":0.0,"timestamp":1609995752,"path_taken":["M","?","?","?","?","E","$","R","T","M","?","M","M","M","R","BOSS","M","M","M","M","$","R","M"],"items_purchased_type":["Card","Relic","Card","Card"],"build_version":"2020-12-22","purchased_purges":1,"victory":false,"max_hp_per_floor":[77,82,82,82,82,82,82,82,82,82,82,82,82,82,82,82,82,82,82,82,82,82,82,82,82],"relic_stats":{"Blood Vial":2,"counters":[13,72],"Golden Idol":73,"PreservedInsect":0,"Kunai":[7],"obtain_stats":[{"Blood Vial":22,"Golden Idol":4,"SacredBark":17,"PreservedInsect":6,"Kunai":9,"Ring of the Snake":0,"Mercury Hourglass":11},{"Blood Vial":12,"Golden Idol":1,"SacredBark":8,"PreservedInsect":3,"Kunai":3,"Ring of the Snake":0,"Mercury Hourglass":4},{"Blood Vial":67,"Golden Idol":7,"SacredBark":44,"PreservedInsect":18,"Kunai":18,"Ring of the Snake":0,"Mercury Hourglass":24}],"Ring of the Snake":[26],"Mercury Hourglass":[160]},"card_choices":[{"not_picked":["Dagger Throw","Distraction"],"picked":"Deflect","floor":1},{"not_picked":["Flechettes","Slice"],"picked":"Accuracy","floor":5},{"not_picked":["Skewer","Caltrops"],"picked":"Terror","floor":6},{"not_picked":["Backflip","Bane"],"picked":"Deflect","floor":10},{"not_picked":["Bane","Masterful Stab"],"picked":"Prepared","floor":12},{"not_picked":["Bouncing Flask","Slice"],"picked":"Poisoned Stab","floor":13},{"not_picked":["Outmaneuver","Adrenaline"],"picked":"Deadly Poison","floor":14},{"not_picked":["Underhanded Strike+1","Distraction+1"],"picked":"Poisoned Stab","floor":18},{"not_picked":["Outmaneuver","Choke"],"picked":"Deadly Poison+1","floor":19},{"not_picked":["Prepared","Expertise"],"picked":"Sucker Punch","floor":20},{"not_picked":["Eviscerate","Bane"],"picked":"Catalyst","floor":21}],"player_experience":26089,"relics_obtained":[{"floor":6,"key":"PreservedInsect"},{"floor":9,"key":"Kunai"}],"event_choices":[{"damage_healed":0,"gold_gain":0,"player_choice":"Donut","damage_taken":0,"max_hp_gain":5,"max_hp_loss":0,"event_name":"Big Fish","floor":2,"gold_loss":0},{"damage_healed":0,"gold_gain":0,"player_choice":"Grow","damage_taken":0,"max_hp_gain":0,"max_hp_loss":0,"event_name":"Living Wall","floor":3,"gold_loss":0,"cards_upgraded":["Neutralize"]},{"damage_healed":0,"gold_gain":0,"player_choice":"Take Wound","damage_taken":0,"relics_obtained":["Golden Idol"],"max_hp_gain":0,"max_hp_loss":0,"event_name":"Golden Idol","floor":4,"gold_loss":0,"cards_obtained":["Injury"]},{"damage_healed":0,"gold_gain":0,"player_choice":"Searched \u00271\u0027 times","damage_taken":0,"relics_obtained":["Mercury Hourglass"],"max_hp_gain":0,"max_hp_loss":0,"event_name":"Dead Adventurer","floor":11,"gold_loss":0}],"is_beta":false,"boss_relics":[{"not_picked":["Runic Dome","Velvet Choker"],"picked":"SacredBark"}],"items_purged_floors":[7],"is_endless":false,"potions_floor_spawned":[6,10,12,13,16,18],"killed_by":"Snecko","ascension_level":0}}