{"host":"vddkjx04kiwje1tk","time":1609992753,"event":{"mods":["AchievementEnabler","BaseMod","Colored Map","Minty Spire (QoL Compilation)","Quick Restart","SuperFastMode"],"gold_per_floor":[116,132,132,151,171,201,216,216,216,226,183,215,215,95,95,198,198,213,67,22,22],"floor_reached":20,"playtime":518,"items_purged":["Strike_R"],"score":248,"play_id":"f75302c8-2f5e-4720-ac2e-0f4bc4cbe78e","local_time":"20210107131233","is_ascension_mode":true,"campfire_choices":[{"data":"Bash","floor":8,"key":"SMITH"},{"floor":13,"key":"REST"},{"data":"Sword Boomerang","floor":15,"key":"SMITH"}],"circlet_count":0,"master_deck":["Strike_R","Strike_R","Strike_R","Strike_R","Defend_R","Defend_R","Defend_R","Defend_R","Bash+1","Demon Form+1","Warcry","Impervious","Sword Boomerang+1","Feed","Twin Strike"],"relics":["Burning Blood","Matryoshka","Potion Belt","Sundial","Paper Frog","SlaversCollar","Brimstone"],"acts_visited":["Exordium","TheCity"],"potions_floor_usage":[10,12,18],"damage_taken":[{"damage":4,"enemies":"Small Slimes","floor":1,"turns":4},{"damage":6,"enemies":"Cultist","floor":2,"turns":4},{"damage":1,"enemies":"2 Louse","floor":4,"turns":3},{"damage":30,"enemies":"Large Slime","floor":5,"turns":3},{"damage":32,"enemies":"Gremlin Nob","floor":6,"turns":4},{"damage":2,"enemies":"3 Louse","floor":7,"turns":5},{"damage":12,"enemies":"Looter","floor":10,"turns":3},{"damage":15,"enemies":"Lagavulin","floor":12,"turns":7},{"damage":8,"enemies":"Slime Boss","floor":16,"turns":5},{"damage":41,"enemies":"Spheric Guardian","floor":18,"turns":7},{"damage":13,"enemies":"2 Thieves","floor":20,"turns":2}],"seed_played":"-6058159673597212473","potions_obtained":[{"floor":2,"key":"SteroidPotion"},{"floor":5,"key":"DuplicationPotion"},{"floor":12,"key":"BlessingOfTheForge"}],"is_trial":false,"path_per_floor":["M","M","?","M","M","E","M","R","T","M","?","E","R","$","R","B",null,"M","$","M"],"character_chosen":"IRONCLAD","items_purchased":["Sword Boomerang","Brimstone"],"campfire_rested":1,"item_purchase_floors":[14,19],"current_hp_per_floor":[72,72,72,72,48,22,26,26,26,20,20,11,32,32,32,30,62,27,27,14,14],"gold":22,"neow_bonus":"THREE_RARE_CARDS","is_daily":false,"chose_seed":false,"campfire_upgraded":2,"win_rate":0.0,"timestamp":1609992753,"path_taken":["M","M","?","?","M","E","M","R","T","M","?","E","R","$","R","BOSS","M","$","M"],"items_purchased_type":["Card","Relic"],"build_version":"2020-12-22","purchased_purges":1,"victory":false,"max_hp_per_floor":[72,72,72,72,72,72,72,72,72,72,72,72,72,72,72,72,72,72,72,72,72],"card_choices":[{"not_picked":["Impervious","Reaper"],"picked":"Demon Form","floor":0},{"not_picked":["Flex","Body Slam","Sentinel"],"picked":"SKIP","floor":1},{"not_picked":["Rage","Metallicize","Flex"],"picked":"SKIP","floor":2},{"not_picked":["Anger","Flex","Perfected Strike"],"picked":"SKIP","floor":4},{"not_picked":["Iron Wave","Searing Blow"],"picked":"Warcry","floor":5},{"not_picked":["Shockwave","Flex"],"picked":"Impervious","floor":6},{"not_picked":["Shrug It Off","Armaments","Wild Strike"],"picked":"SKIP","floor":7},{"not_picked":["Perfected Strike","Armaments","Warcry"],"picked":"SKIP","floor":10},{"not_picked":["Bloodletting","Sword Boomerang","Warcry"],"picked":"SKIP","floor":12},{"not_picked":["Brutality","Exhume"],"picked":"Feed","floor":16},{"not_picked":["Metallicize+1","Armaments"],"picked":"Twin Strike","floor":18}],"player_experience":245972,"relics_obtained":[{"floor":6,"key":"Matryoshka"},{"floor":9,"key":"Potion Belt"},{"floor":9,"key":"Sundial"},{"floor":12,"key":"Paper Frog"}],"event_choices":[{"damage_healed":0,"gold_gain":0,"player_choice":"Upgraded","damage_taken":0,"max_hp_gain":0,"max_hp_loss":0,"event_name":"Upgrade Shrine","floor":3,"gold_loss":0,"cards_upgraded":["Demon Form"]},{"damage_healed":0,"gold_gain":0,"player_choice":"Left Gold","damage_taken":0,"max_hp_gain":0,"max_hp_loss":0,"event_name":"World of Goop","floor":11,"gold_loss":43}],"is_beta":false,"boss_relics":[{"not_picked":["Runic Cube","Tiny House"],"picked":"SlaversCollar"}],"items_purged_floors":[14],"is_endless":false,"potions_floor_spawned":[2,5,12],"killed_by":"2 Thieves","ascension_level":7}}