{"host":"niv6bi8ufjzyofbf","time":1609994846,"event":{"mods":["ATMod(∞¢Ë™Mod)","Act Like it!","BaseMod","Colored Powertips","Conspire","Downfall","Gensokyo","Hermit","Mad Scientist","Marisa£®ÏF”Í°°ƒß¿Ì…≥£©","Minty Spire (QoL Compilation)","Quick Restart","Rare Cards Sparkle","Reimu£®≤©¿ˆ¡È√Œ£©","Replay The Spire","Shop Mod","Spicy Shops","StSLib","SuperFastMode","The Cursed","The Servant 0.9.4","Youmu£®ªÍ∆«—˝√Œ£©","°æ“≈ŒÔø®≈∆°øREMEMod","≤–¡Ù÷ÆŒÔ"],"gold_per_floor":[12333,11429,11447,10746,10746,10746,10780,10780,10849,10849,10849,10866,10891,10907,10907,11005,11005,11021,11036,11055,10536,10553,10553,10553],"floor_reached":23,"playtime":1556,"items_purged":["hermit:Defend_Hermit","hermit:Defend_Hermit","hermit:Defend_Hermit","hermit:Defend_Hermit","hermit:Strike_Hermit"],"score":285,"play_id":"fd667917-c2cc-4ecc-950d-9482cb62b7e4","local_time":"20210107124726","is_ascension_mode":true,"campfire_choices":[{"data":"FoulBorder2:ReiMu","floor":6,"key":"SMITH"},{"data":"AT_EmpoweredMortalDraw","floor":8,"key":"SMITH"},{"data":"hermit:EyeOfTheStorm","floor":10,"key":"SMITH"},{"data":"PlaceholderMod:DirectingGroup","floor":15,"key":"SMITH"}],"circlet_count":0,"master_deck":["hermit:Strike_Hermit","hermit:Strike_Hermit+1","hermit:Strike_Hermit+1","hermit:Snapshot+1","hermit:Covet","hermit:Snipe","Parasite","hermit:EyeOfTheStorm+1","hermit:Malice","hermit:Brawl","FoulBorder2:ReiMu+1","hermit:GoldenBullet","AT_EmpoweredMortalDraw+1","hermit:Gambit","PlaceholderMod:DirectingGroup+1","Pot Of Greed","Pot Of Greed","hermit:Misfire","Secret Technique","EchoesOfTheInclemencyOfAllBeings+1","Shame","hermit:Malice","hermit:Snipe","hermit:Snipe","PlaceholderMod:PericyclicReaction","Pot Of Greed","Gensokyo:BrilliantDragonBullet+1","WitchLeyline+1"],"relics":["hermit:Momento","REME_ComplimentaryCards","AT_ATBox","Membership Card","Peace Pipe","Tiny Chest","PlaceholderMod:SoulofChaos","AT_BladeRuinedKing","PrismaticShard","BargainBundle","MerchantsRug","TheAbacus","Bird Faced Urn","Bronze Scales","Ancient Tea Set","AT_RedTearstoneRing","Blood Vial","Darkstone Periapt","Grinning Jar","Cursed Key","Pen Nib","hermit:RyeStalk","Chemical X","HornCleat","Orrery"],"acts_visited":["Exordium","TheCity"],"potions_floor_usage":[7,7,16,18],"damage_taken":[{"damage":11,"enemies":"Cultist","floor":1,"turns":4},{"damage":0,"enemies":"2 Louse","floor":3,"turns":1},{"damage":1,"enemies":"Gremlin Nob","floor":7,"turns":3},{"damage":0,"enemies":"Small Slimes","floor":12,"turns":1},{"damage":22,"enemies":"conspire:2 RoseBushes","floor":14,"turns":3},{"damage":28,"enemies":"The Guardian","floor":16,"turns":5},{"damage":0,"enemies":"Spheric Guardian","floor":18,"turns":1},{"damage":33,"enemies":"2 Thieves","floor":19,"turns":3},{"damage":17,"enemies":"conspire:HollyBat","floor":20,"turns":5},{"damage":23,"enemies":"Centurion and Healer","floor":22,"turns":2},{"damage":0,"enemies":"conspire:Head Lice","floor":23,"turns":1}],"seed_played":"-8567709737565104631","potions_obtained":[{"floor":3,"key":"Adrenaline Potion"},{"floor":16,"key":"SkillPotion"},{"floor":19,"key":"Strength Potion"},{"floor":22,"key":"Toxic Potion"}],"is_trial":false,"path_per_floor":["M","$","M","$","?","R","E","R","T","R","?","M","T","M","R","B",null,"M","M","M","$","M","E"],"character_chosen":"HERMIT","items_purchased":["Membership Card","Peace Pipe","Tiny Chest","PlaceholderMod:SoulofChaos","AT_BladeRuinedKing","PrismaticShard","REME_GoldPotion","hermit:Tonic","Toxic Potion","hermit:EyeOfTheStorm","hermit:Malice","hermit:Brawl","BargainBundle","MerchantsRug","TheAbacus","Bird Faced Urn","Bronze Scales","Ancient Tea Set","AT_RedTearstoneRing","hermit:GoldenBullet","AT_EmpoweredMortalDraw","hermit:Gambit","Pen Nib","hermit:RyeStalk","Chemical X","HornCleat","hermit:Malice","hermit:Snipe","Orrery"],"campfire_rested":0,"item_purchase_floors":[2,2,2,2,2,2,2,2,2,2,2,2,4,4,4,4,4,4,4,4,4,4,21,21,21,21,21,21,21],"current_hp_per_floor":[64,64,67,67,70,70,73,73,73,73,59,61,64,49,49,27,90,90,59,48,54,33,35,35],"gold":10553,"neow_bonus":"UPGRADE_CARD","is_daily":false,"chose_seed":false,"campfire_upgraded":4,"win_rate":0.0,"timestamp":1609994846,"path_taken":["M","$","?","$","?","R","E","R","T","R","?","M","?","?","R","BOSS","M","M","M","$","M","E"],"items_purchased_type":["Relic","Relic","Relic","Relic","Relic","Relic","Potion","Potion","Potion","Card","Card","Card","Relic","Relic","Relic","Relic","Relic","Relic","Relic","Card","Card","Card","Relic","Relic","Relic","Relic","Card","Card","Relic"],"build_version":"2020-12-22","purchased_purges":5,"victory":false,"max_hp_per_floor":[75,75,78,78,81,81,81,81,81,81,84,84,87,90,90,90,90,90,90,90,96,96,96,96],"card_choices":[{"not_picked":["hermit:SprayPray","hermit:LoneWolf"],"picked":"hermit:Snipe","floor":1},{"not_picked":["TheCursedMod:Obscuration","TheCursedMod:VitalStrike"],"picked":"FoulBorder2:ReiMu","floor":3},{"not_picked":["Twin Strike","MadScienceMod:PowerArmor","Slimebound:Equalize"],"picked":"SKIP","floor":7},{"not_picked":["FlurryOfBlows","Guardian:WalkerClaw"],"picked":"PlaceholderMod:DirectingGroup","floor":12},{"not_picked":["SprinkleStarSeal","hexamod:EmpoweredFlame"],"picked":"hermit:Misfire","floor":14},{"not_picked":["ReplayRNGCard","Guardian:HyperBeam_Guardian"],"picked":"Secret Technique","floor":16},{"not_picked":["Slimebound:Gluttony","Guardian:CrystalBeam+1","ReplayTheSpireMod:Repulse"],"picked":"SKIP","floor":18},{"not_picked":["expansioncontent:BronzeBeam","SlashClearingTheSixSenses","AT_KneejerkReflex"],"picked":"SKIP","floor":19},{"not_picked":["expansioncontent:Chronoboost","AT_Homeward+1"],"picked":"EchoesOfTheInclemencyOfAllBeings+1","floor":20},{"not_picked":["OrbThrow:ReiMu","PlaceholderMod:StrongAcid+1"],"picked":"PlaceholderMod:PericyclicReaction","floor":21},{"not_picked":["LovePray:ReiMu","hexamod:CrushingStance"],"picked":"Gensokyo:BrilliantDragonBullet+1","floor":21},{"not_picked":["Dramatic Entrance","PlaceholderMod:OHStrongAttack"],"picked":"WitchLeyline+1","floor":22}],"player_experience":620370,"relics_obtained":[{"floor":7,"key":"Blood Vial"},{"floor":9,"key":"Darkstone Periapt"},{"floor":13,"key":"Grinning Jar"}],"event_choices":[{"damage_healed":0,"gold_gain":0,"player_choice":"Entered Light","damage_taken":17,"max_hp_gain":0,"max_hp_loss":0,"event_name":"Shining Light","floor":11,"gold_loss":0,"cards_upgraded":["hermit:Strike_Hermit","hermit:Strike_Hermit"]}],"is_beta":false,"boss_relics":[{"not_picked":["Ectoplasm","Fusion Hammer"],"picked":"Cursed Key"}],"items_purged_floors":[2,2,4,4,21],"is_endless":false,"potions_floor_spawned":[3,14,16,19,22],"killed_by":"conspire:Head Lice","ascension_level":2}}