{"host":"y89x8uui45kcjy42","time":1609994467,"event":{"mods":["2.2 Compatiblity","BaseMod","CapriCore","Colored Map","Colored Powertips","Custom Start","Friendly Minions","Keyboard Shortcuts","Minty Spire (QoL Compilation)","Relic Stats","Slay the Relics Exporter","StSLib","SuperFastMode","Uncapped"],"gold_per_floor":[117,192,192,62,62,97,97,123,123,106,133,158,83,241,241,317,317,333,14,14,28,38,69,83,115,115,133,159,159,173,173,173,247,247,263,263,288,302,166,199,212,212,237,237,265,265,284,300,300,300,300,300,300,216,244,244],"floor_reached":57,"playtime":1094,"items_purged":["Defend_G","Strike_G","Strike_G","Defend_G"],"score":3768,"play_id":"664fc021-faf8-4d5d-8ced-2e5b95268c4d","local_time":"20210107134107","is_ascension_mode":true,"campfire_choices":[{"data":"Grand Finale","floor":7.0,"key":"SMITH"},{"data":"Footwork","floor":15.0,"key":"SMITH"},{"data":"Calculated Gamble","floor":29.0,"key":"SMITH"},{"data":"Reflex","floor":32.0,"key":"SMITH"},{"data":"Grand Finale","floor":46,"key":"SMITH"},{"floor":49,"key":"RECALL"},{"data":"Acrobatics","floor":53,"key":"SMITH"}],"circlet_count":0,"master_deck":["Survivor+1","Neutralize+1","Grand Finale+1","Footwork+1","Acrobatics+1","Grand Finale+1","Grand Finale+1","Reflex+1","Calculated Gamble+1","Tactician+1","After Image+1","After Image+1","After Image+1","After Image+1","After Image+1"],"relics":["Ring of the Snake","WingedGreaves","Membership Card","Ring of the Serpent","FossilizedHelix","Matryoshka","Ornamental Fan","Orichalcum","Ginger","Paper Crane","Boot","Odd Mushroom","Singing Bowl","DollysMirror","SacredBark","Potion Belt","Sling","Omamori","War Paint","Letter Opener","Strawberry","Kunai","Gremlin Horn","HoveringKite","CaptainsWheel","Mercury Hourglass","Darkstone Periapt","Ancient Tea Set","Anchor","Ring of the Serpent","Orrery","Mummified Hand","White Beast Statue","Calipers"],"acts_visited":["Exordium","TheCity","TheBeyond","TheEnding"],"potions_floor_usage":[56,56,56,56,56,56,56,56],"damage_taken":[{"damage":0.0,"enemies":"Small Slimes","floor":1.0,"turns":1.0},{"damage":0.0,"enemies":"Lagavulin","floor":6.0,"turns":1.0},{"damage":0.0,"enemies":"3 Sentries","floor":8.0,"turns":1.0},{"damage":0.0,"enemies":"The Mushroom Lair","floor":11.0,"turns":1.0},{"damage":0.0,"enemies":"Gremlin Nob","floor":12.0,"turns":2.0},{"damage":0.0,"enemies":"Slime Boss","floor":16.0,"turns":1.0},{"damage":0.0,"enemies":"3 Byrds","floor":18.0,"turns":1.0},{"damage":0.0,"enemies":"Shell Parasite","floor":21.0,"turns":1.0},{"damage":0.0,"enemies":"Cultist and Chosen","floor":22.0,"turns":1.0},{"damage":0.0,"enemies":"Book of Stabbing","floor":23.0,"turns":1.0},{"damage":0.0,"enemies":"Snake Plant","floor":24.0,"turns":1.0},{"damage":0.0,"enemies":"Gremlin Leader","floor":25.0,"turns":1.0},{"damage":0.0,"enemies":"3 Cultists","floor":27.0,"turns":1.0},{"damage":0.0,"enemies":"Slavers","floor":28.0,"turns":1.0},{"damage":0.0,"enemies":"Centurion and Healer","floor":30.0,"turns":1.0},{"damage":0.0,"enemies":"Automaton","floor":33.0,"turns":2.0},{"damage":0.0,"enemies":"Orb Walker","floor":35.0,"turns":1.0},{"damage":0,"enemies":"Mind Bloom Boss Battle","floor":37,"turns":1},{"damage":0,"enemies":"3 Shapes","floor":38,"turns":1},{"damage":0,"enemies":"Nemesis","floor":40,"turns":1},{"damage":0,"enemies":"Transient","floor":41,"turns":1},{"damage":0,"enemies":"Reptomancer","floor":45,"turns":1},{"damage":0,"enemies":"Spire Growth","floor":47,"turns":1},{"damage":0,"enemies":"Jaw Worm Horde","floor":48,"turns":1},{"damage":0,"enemies":"Donu and Deca","floor":50,"turns":2},{"damage":8,"enemies":"Time Eater","floor":51,"turns":4},{"damage":0,"enemies":"Shield and Spear","floor":55,"turns":1},{"damage":0,"enemies":"The Heart","floor":56,"turns":5}],"seed_played":"6462023699846488084","potions_obtained":[{"floor":8.0,"key":"SkillPotion"},{"floor":11.0,"key":"GamblersBrew"},{"floor":12.0,"key":"EntropicBrew"},{"floor":21.0,"key":"PowerPotion"},{"floor":23.0,"key":"Dexterity Potion"},{"floor":25.0,"key":"LiquidMemories"}],"is_trial":false,"path_per_floor":["M","?","?","$","?","E","R","E","T","$","?","E","?","$","R","B",null,"M","$","?","M","M","E","M","E","T","M","E","R","M","?","R","B",null,"M","?","?","M","$","E","M","?","T","$","E","R","M","M","R","B","B",null,"R","$","E","B",null],"character_chosen":"THE_SILENT","items_purchased":["FossilizedHelix","Matryoshka","Grand Finale","Paper Crane","Boot","Footwork","DollysMirror","Sling","Omamori","Fruit Juice","Dexterity Potion","Mercury Hourglass","Orrery"],"campfire_rested":0,"item_purchase_floors":[4,4,4,10,10,10,14,19,19,19,19,39,54],"current_hp_per_floor":[59,48,48,48,41,41,41,41,41,41,41,41,41,41,41,43,62,64,74,74,76,78,80,80,80,87,89,91,91,93,99,99,101,101,103,103,105,107,107,109,111,107,107,107,109,109,111,111,111,111,103,117,117,127,129,129],"gold":244,"neow_bonus":"THREE_ENEMY_KILL","is_daily":false,"chose_seed":false,"campfire_upgraded":6,"win_rate":0.0,"timestamp":1609994467,"path_taken":["M","?","?","$","?","E","R","E","T","$","?","E","?","?","R","BOSS","M","$","?","M","M","E","M","E","T","M","E","R","M","?","R","BOSS","M","?","?","M","$","E","M","?","T","?","E","R","?","M","R","BOSS","BOSS","R","$","E","BOSS"],"items_purchased_type":["Relic","Relic","Card","Relic","Relic","Card","Relic","Relic","Relic","Potion","Potion","Relic","Relic"],"build_version":"2020-12-22","purchased_purges":4,"victory":true,"max_hp_per_floor":[66,66,66,66,66,66,66,66,66,66,66,66,66,66,66,68,68,70,80,80,82,84,86,86,86,93,95,97,97,99,99,99,101,101,103,103,105,107,107,109,111,117,117,117,119,119,121,121,121,121,121,121,121,131,133,133],"relic_stats":{"Darkstone Periapt":0,"Singing Bowl":50,"Gremlin Horn":[8,8],"counters":[28,38],"HoveringKite":[18],"Ginger":[3],"Letter Opener":[89],"Orichalcum":[6],"War Paint":["Survivor","Deadly Poison"],"Boot":[15],"Mercury Hourglass":[60],"Ornamental Fan":[136],"Mummified Hand":[10],"Kunai":[31],"obtain_stats":[{"Darkstone Periapt":40,"Calipers":56,"Singing Bowl":12,"Gremlin Horn":28,"SacredBark":17,"HoveringKite":34,"Ginger":9,"Boot":10,"Sling":19,"Ancient Tea Set":45,"Matryoshka":4,"DollysMirror":14,"Mummified Hand":54,"Strawberry":26,"WingedGreaves":0,"Kunai":26,"Ring of the Snake":0,"Potion Belt":17,"NeowsBlessing":0,"Omamori":19,"Letter Opener":25,"Orichalcum":9,"Paper Crane":10,"Odd Mushroom":11,"War Paint":23,"White Beast Statue":55,"Mercury Hourglass":39,"CaptainsWheel":37,"Anchor":49,"Ornamental Fan":8,"Orrery":54,"Membership Card":0,"Ring of the Serpent":0,"FossilizedHelix":4},{"Darkstone Periapt":20,"Calipers":28,"Singing Bowl":5,"Gremlin Horn":14,"SacredBark":6,"HoveringKite":16,"Ginger":3,"Boot":3,"Sling":7,"Ancient Tea Set":22,"Matryoshka":1,"DollysMirror":5,"Mummified Hand":26,"Strawberry":12,"WingedGreaves":0,"Kunai":12,"Ring of the Snake":0,"Potion Belt":6,"NeowsBlessing":0,"Omamori":7,"Letter Opener":12,"Orichalcum":3,"Paper Crane":3,"Odd Mushroom":4,"War Paint":10,"White Beast Statue":27,"Mercury Hourglass":19,"CaptainsWheel":18,"Anchor":24,"Ornamental Fan":3,"Orrery":26,"Membership Card":0,"Ring of the Serpent":0,"FossilizedHelix":1},{"Darkstone Periapt":22,"Calipers":34,"Singing Bowl":6,"Gremlin Horn":15,"SacredBark":7,"HoveringKite":18,"Ginger":3,"Boot":3,"Sling":8,"Ancient Tea Set":24,"Matryoshka":1,"DollysMirror":6,"Mummified Hand":32,"Strawberry":13,"WingedGreaves":0,"Kunai":13,"Ring of the Snake":0,"Potion Belt":7,"NeowsBlessing":0,"Omamori":8,"Letter Opener":13,"Orichalcum":3,"Paper Crane":3,"Odd Mushroom":4,"War Paint":11,"White Beast Statue":33,"Mercury Hourglass":21,"CaptainsWheel":20,"Anchor":26,"Ornamental Fan":3,"Orrery":32,"Membership Card":0,"Ring of the Serpent":0,"FossilizedHelix":1}],"Ring of the Snake":[56]},"card_choices":[{"not_picked":["Deflect","Slice"],"picked":"Deadly Poison","floor":1.0},{"not_picked":["Corpse Explosion","Outmaneuver","Sucker Punch"],"picked":"SKIP","floor":6.0},{"not_picked":["Blade Dance","Slice","Quick Slash"],"picked":"SKIP","floor":8.0},{"not_picked":["Blade Dance","Slice","Quick Slash"],"picked":"SKIP","floor":8.0},{"not_picked":["Underhanded Strike","Infinite Blades"],"picked":"Acrobatics","floor":11.0},{"not_picked":["Flechettes","Dagger Spray"],"picked":"Grand Finale","floor":12.0},{"not_picked":["Malaise","Tools of the Trade","Bullet Time"],"picked":"Singing Bowl","floor":16.0},{"not_picked":["Dagger Spray","Deadly Poison","Sucker Punch"],"picked":"Singing Bowl","floor":18.0},{"not_picked":["Escape Plan+1","Dagger Throw","Endless Agony"],"picked":"Singing Bowl","floor":21.0},{"not_picked":["Riddle With Holes","Backflip","Caltrops+1"],"picked":"Singing Bowl","floor":22.0},{"not_picked":["Acrobatics","Terror","Underhanded Strike"],"picked":"Singing Bowl","floor":23.0},{"not_picked":["Dagger Spray","Concentrate"],"picked":"Reflex","floor":24.0},{"not_picked":["Backstab","Dagger Throw"],"picked":"Calculated Gamble","floor":25.0},{"not_picked":["Dagger Throw","Underhanded Strike","Footwork"],"picked":"Singing Bowl","floor":27.0},{"not_picked":["Envenom","Endless Agony","Dagger Throw"],"picked":"Singing Bowl","floor":28.0},{"not_picked":["Deflect","PiercingWail","Bane"],"picked":"Singing Bowl","floor":30.0},{"not_picked":["Bullet Time","Storm of Steel","Malaise"],"picked":"Singing Bowl","floor":33.0},{"not_picked":["Bane+1","Dagger Throw","Dodge and Roll"],"picked":"Singing Bowl","floor":35},{"not_picked":["Setup","Caltrops","Acrobatics"],"picked":"Singing Bowl","floor":37},{"not_picked":["Underhanded Strike","Escape Plan","Masterful Stab+1"],"picked":"Singing Bowl","floor":38},{"not_picked":["Dash","Blade Dance","Poisoned Stab"],"picked":"Singing Bowl","floor":40},{"not_picked":["Catalyst","Caltrops","Quick Slash"],"picked":"Singing Bowl","floor":41},{"not_picked":["Panacea","Magnetism","Dramatic Entrance"],"picked":"Singing Bowl","floor":42},{"not_picked":["Magnetism","Violence","Discovery"],"picked":"Singing Bowl","floor":42},{"not_picked":["Swift Strike","Jack Of All Trades","Panacea"],"picked":"Singing Bowl","floor":42},{"not_picked":["Blade Dance","Noxious Fumes","Sucker Punch+1"],"picked":"Singing Bowl","floor":45},{"not_picked":["Flechettes","Dagger Throw","Acrobatics"],"picked":"Singing Bowl","floor":47},{"not_picked":["Outmaneuver","Die Die Die"],"picked":"Tactician+1","floor":48},{"not_picked":["Escape Plan","Dagger Throw","Bane"],"picked":"Singing Bowl","floor":54},{"not_picked":["Dagger Spray+1","Outmaneuver","Sucker Punch+1"],"picked":"Singing Bowl","floor":54},{"not_picked":["Catalyst+1","Concentrate","Dagger Spray"],"picked":"Singing Bowl","floor":54},{"not_picked":["Concentrate","Deflect","Underhanded Strike"],"picked":"Singing Bowl","floor":54},{"not_picked":["Endless Agony","Terror","Riddle With Holes+1"],"picked":"Singing Bowl","floor":54},{"not_picked":["Footwork","Prepared","Venomology"],"picked":"Singing Bowl","floor":55}],"player_experience":573561,"relics_obtained":[{"floor":8.0,"key":"Ornamental Fan"},{"floor":9.0,"key":"Orichalcum"},{"floor":9.0,"key":"Ginger"},{"floor":11.0,"key":"Odd Mushroom"},{"floor":12.0,"key":"Singing Bowl"},{"floor":23.0,"key":"War Paint"},{"floor":25.0,"key":"Letter Opener"},{"floor":26.0,"key":"Strawberry"},{"floor":26.0,"key":"Kunai"},{"floor":28.0,"key":"Gremlin Horn"},{"floor":37,"key":"CaptainsWheel"},{"floor":40,"key":"Darkstone Periapt"},{"floor":45,"key":"Ancient Tea Set"},{"floor":55,"key":"White Beast Statue"}],"event_choices":[{"damage_healed":0.0,"max_hp_gain":0.0,"max_hp_loss":0.0,"gold_gain":75.0,"event_name":"World of Goop","player_choice":"Gather Gold","floor":2.0,"gold_loss":0.0,"damage_taken":11.0},{"damage_healed":0.0,"max_hp_gain":0.0,"max_hp_loss":0.0,"gold_gain":0.0,"event_name":"Living Wall","player_choice":"Grow","floor":3.0,"gold_loss":0.0,"damage_taken":0.0,"cards_upgraded":["Neutralize"]},{"cards_removed":["Strike_G"],"damage_healed":0.0,"max_hp_gain":0.0,"max_hp_loss":0.0,"gold_gain":0.0,"event_name":"Golden Wing","player_choice":"Card Removal","floor":5.0,"gold_loss":0.0,"damage_taken":7.0},{"damage_healed":0.0,"max_hp_gain":0.0,"max_hp_loss":0.0,"gold_gain":0.0,"event_name":"Mushrooms","player_choice":"Fought Mushrooms","floor":11.0,"gold_loss":0.0,"damage_taken":0.0},{"cards_removed":["Defend_G"],"damage_healed":0.0,"max_hp_gain":0.0,"max_hp_loss":0.0,"gold_gain":0.0,"event_name":"The Cleric","player_choice":"Card Removal","floor":13.0,"gold_loss":75.0,"damage_taken":0.0},{"damage_healed":20.0,"max_hp_gain":0.0,"max_hp_loss":0.0,"gold_gain":0.0,"event_name":"The Library","player_choice":"Heal","floor":31.0,"gold_loss":0.0,"damage_taken":0.0},{"cards_removed":["Deadly Poison"],"damage_healed":0,"gold_gain":0,"player_choice":"Removed Skill","damage_taken":0,"max_hp_gain":0,"max_hp_loss":0,"event_name":"Falling","floor":36,"gold_loss":0},{"damage_healed":0,"gold_gain":0,"player_choice":"Fight","damage_taken":0,"max_hp_gain":0,"max_hp_loss":0,"event_name":"MindBloom","floor":37,"gold_loss":0},{"damage_healed":0,"gold_gain":0,"player_choice":"Memory 3","damage_taken":10,"max_hp_gain":0,"max_hp_loss":0,"event_name":"SensoryStone","floor":42,"gold_loss":0}],"is_beta":false,"boss_relics":[{"not_picked":["Ectoplasm","Tiny House"],"picked":"SacredBark"},{"not_picked":["Philosopher\u0027s Stone","Busted Crown"],"picked":"HoveringKite"}],"items_purged_floors":[4,10,14,19],"is_endless":false,"potions_floor_spawned":[8,11,12,16,21,23,25,30,37,40],"ascension_level":20}}