{"host":"51mqhfpmwwd4kxyt","time":1609997805,"event":{"mods":["BaseMod","Downfall","Googly Eyes","Highlight Path","Minty Spire (QoL Compilation)","READ ME - Guardian Mod","StSLib","The Cursed","The Servant 0.9.4"],"gold_per_floor":[113,129,147,322,322,357,357,357,357,391,10,74,74,107,107,213,213,234,252,302,5,28,57,57,57,57,66,66,100,138,158,158,264,264,293,323,281,281,312,312,83,83,83,121,157,107,151,173,173,173],"floor_reached":51,"playtime":3301,"items_purged":["Strike_B","Strike_B","Strike_B"],"score":1063,"play_id":"79e28876-692a-483f-b42b-4e219917a1a3","local_time":"20210107003645","is_ascension_mode":true,"campfire_choices":[{"floor":8,"key":"REST"},{"floor":15,"key":"REST"},{"data":"Rainbow","floor":24,"key":"SMITH"},{"floor":28,"key":"REST"},{"data":"Skim","floor":32,"key":"SMITH"},{"data":"Hologram","floor":40,"key":"SMITH"},{"data":"Seek","floor":42,"key":"SMITH"},{"data":"Skim","floor":49,"key":"SMITH"}],"circlet_count":0,"master_deck":["Defend_B","Defend_B","Defend_B","Defend_B","Zap","Dualcast","Echo Form","Conserve Battery","Turbo","Self Repair","Skim+1","Genetic Algorithm","BootSequence","Auto Shields","Loop","Turbo","Rainbow+1","Undo+1","Slimebound:CheckThePlaybook","Slimebound:Icky","Chill+1","Tempest","Aggregate","Stack","Hello World+1","Defragment","Coolheaded","Meteor Strike","Skim+1","Coolheaded+1","Sweeping Beam","Hologram+1","Sweeping Beam","Sweeping Beam+1","Seek+1","Parasite","Skim+1","Aggregate+1","Skim+1","Steam Power+1"],"relics":["Cracked Core","Prayer Wheel","CeramicFish","CaptainsWheel","Ice Cream","Bag of Marbles","Lantern","SlaversCollar","FossilizedHelix","Mummified Hand","Shuriken","Philosopher\u0027s Stone","Eternal Feather","Smiling Mask","Peace Pipe"],"acts_visited":["Exordium","TheCity","TheBeyond"],"potions_floor_usage":[6,23,36],"damage_taken":[{"damage":1,"enemies":"Cultist","floor":1,"turns":4},{"damage":4,"enemies":"2 Louse","floor":2,"turns":3},{"damage":8,"enemies":"Small Slimes","floor":3,"turns":3},{"damage":38,"enemies":"3 Sentries","floor":6,"turns":11},{"damage":0,"enemies":"Blue Slaver","floor":10,"turns":4},{"damage":12,"enemies":"Lagavulin Event","floor":12,"turns":8},{"damage":11,"enemies":"Exordium Wildlife","floor":14,"turns":9},{"damage":48,"enemies":"The Guardian","floor":16,"turns":13},{"damage":2,"enemies":"Chosen","floor":18,"turns":6},{"damage":19,"enemies":"3 Byrds","floor":22,"turns":8},{"damage":7,"enemies":"Slavers","floor":23,"turns":6},{"damage":11,"enemies":"Centurion and Healer","floor":29,"turns":8},{"damage":3,"enemies":"Snecko","floor":30,"turns":1},{"damage":0,"enemies":"Snake Plant","floor":31,"turns":3},{"damage":6,"enemies":"Champ","floor":33,"turns":7},{"damage":0,"enemies":"Orb Walker","floor":35,"turns":3},{"damage":33,"enemies":"3 Darklings","floor":36,"turns":9},{"damage":0,"enemies":"Maw","floor":39,"turns":5},{"damage":24,"enemies":"Writhing Mass","floor":44,"turns":8},{"damage":0,"enemies":"Nemesis","floor":45,"turns":3},{"damage":0,"enemies":"Giant Head","floor":47,"turns":5},{"damage":12,"enemies":"Jaw Worm Horde","floor":48,"turns":2},{"damage":50,"enemies":"Time Eater","floor":50,"turns":6}],"seed_played":"4751344901670798832","potions_obtained":[{"floor":2,"key":"BlessingOfTheForge"},{"floor":6,"key":"Swift Potion"},{"floor":14,"key":"FocusPotion"},{"floor":22,"key":"SteroidPotion"},{"floor":29,"key":"Explosive Potion"},{"floor":30,"key":"Fire Potion"},{"floor":33,"key":"Regen Potion"},{"floor":36,"key":"PotionOfCapacity"},{"floor":38,"key":"Guardian:BlockOnCardUsePotion"},{"floor":38,"key":"SpeedPotion"}],"is_trial":false,"path_per_floor":["M","M","M","?","?","E","?","R","T","M","$","?","T","M","R","B",null,"M","?","?","$","M","E","R","?","T","?","R","M","M","M","R","B",null,"M","M","$","?","M","R","$","R","T","M","E","$","E","M","R","B",null],"character_chosen":"DEFECT","items_purchased":["Ice Cream","FossilizedHelix","Hologram","Seek"],"campfire_rested":3,"item_purchase_floors":[11,21,37,41],"current_hp_per_floor":[74,70,62,62,50,19,12,34,34,41,41,36,36,32,54,13,60,72,72,72,72,60,60,60,46,46,46,70,73,70,77,77,78,80,80,76,76,76,80,80,80,80,80,63,70,70,77,72,80,30],"gold":173,"neow_bonus":"ONE_RANDOM_RARE_CARD","is_daily":false,"chose_seed":false,"campfire_upgraded":5,"win_rate":0.0,"timestamp":1609997805,"path_taken":["M","M","?","?","?","E","?","R","T","M","$","?","?","?","R","BOSS","M","?","?","$","?","E","R","?","T","?","R","?","M","M","R","BOSS","M","M","$","?","M","R","?","R","T","M","E","$","E","M","R","BOSS"],"items_purchased_type":["Relic","Relic","Card","Card"],"build_version":"2020-12-22","purchased_purges":3,"victory":true,"max_hp_per_floor":[75,75,75,75,75,75,75,75,75,75,75,75,75,75,75,75,75,75,75,75,75,75,75,75,80,80,80,80,80,80,80,80,80,80,80,80,80,80,80,80,80,80,80,80,80,80,80,80,80,80],"card_choices":[{"not_picked":["Undo","Go for the Eyes"],"picked":"Conserve Battery","floor":1},{"not_picked":["Reprogram","Sweeping Beam"],"picked":"Turbo","floor":2},{"not_picked":["Hologram","Steam"],"picked":"Self Repair","floor":3},{"not_picked":["Loop","Gash"],"picked":"Skim","floor":6},{"not_picked":["Multi-Cast","Streamline"],"picked":"Genetic Algorithm","floor":10},{"not_picked":["Stack","Reinforced Body"],"picked":"BootSequence","floor":10},{"not_picked":["Barrage","Steam"],"picked":"Auto Shields","floor":12},{"not_picked":["Darkness","Steam"],"picked":"Loop","floor":14},{"not_picked":["Coolheaded","Steam"],"picked":"Turbo","floor":14},{"not_picked":["Fission","Reboot"],"picked":"Rainbow","floor":16},{"not_picked":["Leap","Steam"],"picked":"Undo+1","floor":18},{"not_picked":["FTL","Streamline","Compile Driver"],"picked":"SKIP","floor":18},{"not_picked":["Reprogram","Stack"],"picked":"Chill+1","floor":22},{"not_picked":["BootSequence","Loop","Conserve Battery"],"picked":"SKIP","floor":22},{"not_picked":["Rebound","BootSequence","Beam Cell+1"],"picked":"SKIP","floor":23},{"not_picked":["Reprogram","Stack"],"picked":"Aggregate","floor":29},{"not_picked":["Beam Cell","Gash"],"picked":"Stack","floor":29},{"not_picked":["Beam Cell","Stack"],"picked":"Hello World+1","floor":30},{"not_picked":["Hologram","Blizzard"],"picked":"Defragment","floor":30},{"not_picked":["Turbo","Beam Cell+1"],"picked":"Coolheaded","floor":31},{"not_picked":["Genetic Algorithm+1","Ball Lightning+1","Leap+1"],"picked":"SKIP","floor":31},{"not_picked":["All For One","Electrodynamics"],"picked":"Meteor Strike","floor":33},{"not_picked":["Scrape+1","Chaos"],"picked":"Skim+1","floor":35},{"not_picked":["Reprogram","Barrage","Steam"],"picked":"SKIP","floor":35},{"not_picked":["Reprogram","Barrage"],"picked":"Coolheaded+1","floor":36},{"not_picked":["Streamline","Go for the Eyes+1"],"picked":"Sweeping Beam","floor":36},{"not_picked":["Leap","Go for the Eyes+1"],"picked":"Sweeping Beam","floor":39},{"not_picked":["Reprogram+1","Go for the Eyes+1"],"picked":"Sweeping Beam+1","floor":39},{"not_picked":["Redo","Streamline+1"],"picked":"Skim+1","floor":44},{"not_picked":["Auto Shields+1","Chaos","Streamline"],"picked":"SKIP","floor":44},{"not_picked":["FTL+1","Hello World+1"],"picked":"Aggregate+1","floor":45},{"not_picked":["Hyperbeam","Consume+1"],"picked":"Skim","floor":47},{"not_picked":["Conserve Battery","Go for the Eyes"],"picked":"Steam Power+1","floor":48},{"not_picked":["Sunder","Genetic Algorithm+1","Barrage"],"picked":"SKIP","floor":48}],"player_experience":330284,"relics_obtained":[{"floor":6,"key":"CeramicFish"},{"floor":9,"key":"CaptainsWheel"},{"floor":12,"key":"Bag of Marbles"},{"floor":13,"key":"Lantern"},{"floor":23,"key":"Mummified Hand"},{"floor":26,"key":"Shuriken"},{"floor":43,"key":"Eternal Feather"},{"floor":45,"key":"Smiling Mask"},{"floor":47,"key":"Peace Pipe"}],"event_choices":[{"damage_healed":0,"gold_gain":175,"player_choice":"AGREE","damage_taken":0,"max_hp_gain":0,"max_hp_loss":0,"event_name":"Liars Game","floor":4,"gold_loss":0,"cards_obtained":["Doubt"]},{"damage_healed":0,"gold_gain":0,"player_choice":"Success","damage_taken":12,"relics_obtained":["Prayer Wheel"],"max_hp_gain":0,"max_hp_loss":0,"event_name":"Scrap Ooze","floor":5,"gold_loss":0},{"cards_removed":["Doubt"],"damage_healed":0,"gold_gain":0,"player_choice":"Card Removal","damage_taken":7,"max_hp_gain":0,"max_hp_loss":0,"event_name":"Golden Wing","floor":7,"gold_loss":0},{"damage_healed":0,"gold_gain":0,"player_choice":"Searched \u00271\u0027 times","damage_taken":0,"max_hp_gain":0,"max_hp_loss":0,"event_name":"Dead Adventurer","floor":12,"gold_loss":0},{"damage_healed":0,"gold_gain":100,"player_choice":"Bet on Murderer","damage_taken":0,"max_hp_gain":0,"max_hp_loss":0,"event_name":"The Joust","floor":20,"gold_loss":50},{"damage_healed":0,"gold_gain":0,"player_choice":"Shed Blood","damage_taken":19,"max_hp_gain":5,"max_hp_loss":0,"event_name":"Forgotten Altar","floor":25,"gold_loss":0},{"damage_healed":0,"gold_gain":0,"cards_transformed":["Strike_B"],"player_choice":"Transformed","damage_taken":0,"max_hp_gain":0,"max_hp_loss":0,"event_name":"Transmorgrifier","floor":27,"gold_loss":0,"cards_obtained":["Tempest"]},{"damage_healed":0,"gold_gain":0,"player_choice":"Got Potions","damage_taken":0,"max_hp_gain":0,"max_hp_loss":0,"event_name":"Lab","floor":38,"gold_loss":0}],"is_beta":false,"boss_relics":[{"not_picked":["Snecko Eye","Velvet Choker"],"picked":"SlaversCollar"},{"not_picked":["FrozenCore","Coffee Dripper"],"picked":"Philosopher\u0027s Stone"}],"items_purged_floors":[11,41,46],"is_endless":false,"potions_floor_spawned":[2,6,14,22,29,30,31,33,35,36,45],"ascension_level":5}}