{"host":"avjwtc49fhlk6kym","time":1609980396,"event":{"mods":["AchievementEnabler","BaseMod","Better Match","Better Note","Better Third Choice","Colored Map","Colored Powertips","Displayed Cursed Tome","Highlight Path","Minty Spire (QoL Compilation)","Permanent Neow","Quick Restart","StSLib"],"gold_per_floor":[114,130,144,144,161,161,196,196,223,237,266,266,279,334,334,435,435,446,456,475,33,49,74,74,174,174,187,187,207,207,222,222,222,222],"floor_reached":33,"playtime":1322,"items_purged":["Strike_P"],"score":331,"play_id":"d849159f-75a8-4391-ad3b-57495ca78f6a","local_time":"20210106194636","is_ascension_mode":false,"campfire_choices":[{"data":"Eruption","floor":6,"key":"SMITH"},{"data":"Establishment","floor":8,"key":"SMITH"},{"floor":15,"key":"REST"},{"floor":24,"key":"REST"},{"floor":28,"key":"REST"},{"floor":30,"key":"REST"},{"floor":32,"key":"REST"}],"circlet_count":0,"master_deck":["Strike_P","Strike_P","Strike_P","Defend_P","Defend_P","Defend_P","Eruption+1","Vigilance","Consecrate","CutThroughFate","PathToVictory","Wallop+1","Establishment+1","Wireheading","Protect","PathToVictory","SandsOfTime","Brilliance","CurseOfTheBell","FlyingSleeves","BattleHymn+1","Swivel","SandsOfTime","WheelKick","Prostrate+1","FollowUp","LikeWater+1","Judgement"],"relics":["PureWater","Blood Vial","Happy Flower","Frozen Egg 2","Calling Bell","Oddly Smooth Stone","Yang","TungstenRod","DollysMirror","Lantern","Orichalcum","Bronze Scales"],"acts_visited":["Exordium","TheCity"],"potions_floor_usage":[5,7,10,16,19,20],"damage_taken":[{"damage":0,"enemies":"Cultist","floor":1,"turns":2},{"damage":0,"enemies":"Small Slimes","floor":2,"turns":1},{"damage":1,"enemies":"Jaw Worm","floor":3,"turns":2},{"damage":5,"enemies":"Looter","floor":5,"turns":2},{"damage":17,"enemies":"3 Sentries","floor":7,"turns":4},{"damage":8,"enemies":"Large Slime","floor":10,"turns":4},{"damage":4,"enemies":"Gremlin Nob","floor":11,"turns":3},{"damage":13,"enemies":"Lots of Slimes","floor":13,"turns":5},{"damage":9,"enemies":"Gremlin Nob","floor":14,"turns":5},{"damage":0,"enemies":"Slime Boss","floor":16,"turns":5},{"damage":2,"enemies":"Chosen","floor":18,"turns":3},{"damage":18,"enemies":"Shell Parasite","floor":19,"turns":5},{"damage":18,"enemies":"Centurion and Healer","floor":20,"turns":3},{"damage":7,"enemies":"Snecko","floor":22,"turns":4},{"damage":25,"enemies":"Book of Stabbing","floor":23,"turns":6},{"damage":10,"enemies":"3 Cultists","floor":27,"turns":4},{"damage":7,"enemies":"Centurion and Healer","floor":29,"turns":7},{"damage":19,"enemies":"Snake Plant","floor":31,"turns":4},{"damage":66,"enemies":"Champ","floor":33,"turns":7}],"seed_played":"2266227830479079918","potions_obtained":[{"floor":3,"key":"DistilledChaos"},{"floor":5,"key":"LiquidMemories"},{"floor":7,"key":"GamblersBrew"},{"floor":14,"key":"PowerPotion"},{"floor":18,"key":"SteroidPotion"},{"floor":19,"key":"Swift Potion"}],"is_trial":false,"path_per_floor":["M","M","M","?","M","R","E","R","T","M","E","?","M","?","R","B",null,"M","M","M","$","M","E","R","?","T","M","R","M","R","M","R","B"],"character_chosen":"WATCHER","items_purchased":["DollysMirror","WheelKick","Lantern"],"campfire_rested":5,"item_purchase_floors":[21,21,21],"current_hp_per_floor":[72,72,71,71,66,66,49,49,49,43,41,34,23,16,37,39,72,70,54,38,38,33,10,31,31,31,23,44,39,60,43,64,0,0],"gold":222,"neow_bonus":"THREE_CARDS","is_daily":false,"chose_seed":false,"campfire_upgraded":2,"win_rate":0.0,"timestamp":1609980396,"path_taken":["M","M","M","?","M","R","E","R","T","M","E","?","M","?","R","BOSS","M","M","M","$","M","E","R","?","T","M","R","M","R","M","R","BOSS"],"items_purchased_type":["Relic","Card","Relic"],"build_version":"2020-12-22","purchased_purges":1,"victory":false,"max_hp_per_floor":[72,72,72,72,72,72,72,72,72,72,72,72,72,72,72,72,72,72,72,72,72,72,72,72,72,72,72,72,72,72,72,72,72,72],"card_choices":[{"not_picked":["EmptyMind","PathToVictory"],"picked":"Consecrate","floor":0},{"not_picked":["TalkToTheHand","ClearTheMind"],"picked":"CutThroughFate","floor":1},{"not_picked":["EmptyFist","SashWhip"],"picked":"PathToVictory","floor":2},{"not_picked":["FlyingSleeves","CarveReality"],"picked":"Wallop","floor":3},{"not_picked":["Collect","Indignation"],"picked":"Establishment","floor":5},{"not_picked":["PathToVictory","SashWhip"],"picked":"Wireheading","floor":7},{"not_picked":["FlyingSleeves","WaveOfTheHand"],"picked":"Protect","floor":10},{"not_picked":["TalkToTheHand","EmptyMind","Crescendo"],"picked":"SKIP","floor":11},{"not_picked":["Indignation","FlurryOfBlows"],"picked":"PathToVictory","floor":13},{"not_picked":["WreathOfFlame","EmptyFist"],"picked":"SandsOfTime","floor":14},{"not_picked":["SpiritShield","Omniscience"],"picked":"Brilliance","floor":16},{"not_picked":["Consecrate","Tantrum"],"picked":"FlyingSleeves","floor":18},{"not_picked":["Halt","CutThroughFate"],"picked":"BattleHymn+1","floor":19},{"not_picked":["JustLucky","Evaluate"],"picked":"Swivel","floor":20},{"not_picked":["EmptyMind","BowlingBash"],"picked":"Prostrate+1","floor":22},{"not_picked":["Collect+1","EmptyMind"],"picked":"FollowUp","floor":23},{"not_picked":["Crescendo","EmptyMind"],"picked":"LikeWater+1","floor":27},{"not_picked":["FlurryOfBlows","JustLucky","Weave"],"picked":"SKIP","floor":29},{"not_picked":["CutThroughFate+1","Crescendo"],"picked":"Judgement","floor":31}],"player_experience":362267,"relics_obtained":[{"floor":7,"key":"Blood Vial"},{"floor":11,"key":"Happy Flower"},{"floor":14,"key":"Frozen Egg 2"},{"floor":17,"key":"Oddly Smooth Stone"},{"floor":17,"key":"Yang"},{"floor":17,"key":"TungstenRod"},{"floor":23,"key":"Orichalcum"},{"floor":26,"key":"Bronze Scales"}],"event_choices":[{"damage_healed":0,"gold_gain":0,"player_choice":"Grow","damage_taken":0,"max_hp_gain":0,"max_hp_loss":0,"event_name":"Living Wall","floor":4,"gold_loss":0,"cards_upgraded":["Wallop"]},{"cards_removed":["Defend_P"],"damage_healed":0,"gold_gain":0,"player_choice":"Card Removal","damage_taken":7,"max_hp_gain":0,"max_hp_loss":0,"event_name":"Golden Wing","floor":12,"gold_loss":0},{"damage_healed":0,"gold_gain":0,"player_choice":"Searched \u00271\u0027 times","damage_taken":0,"max_hp_gain":0,"max_hp_loss":0,"event_name":"Dead Adventurer","floor":14,"gold_loss":0},{"damage_healed":0,"gold_gain":100,"player_choice":"Pray","damage_taken":0,"max_hp_gain":0,"max_hp_loss":0,"event_name":"Golden Shrine","floor":25,"gold_loss":0}],"is_beta":false,"boss_relics":[{"not_picked":["Runic Pyramid","Snecko Eye"],"picked":"Calling Bell"}],"items_purged_floors":[21],"is_endless":false,"potions_floor_spawned":[3,5,7,14,18,19],"killed_by":"Champ","ascension_level":0}}