{"host":"684z1xpuwaoqmmh1","time":1609992115,"event":{"mods":["BaseMod","Downfall","Hermit","Jorbs\u0027s Wanderer Trilogy","Marisa????????","Minty Spire (QoL Compilation)","StSLib","The Hierophant","The Mystic"],"gold_per_floor":[110,124,134,104,179,179,204,204,204,235,254,254,269,269,269,269,269],"floor_reached":16,"playtime":678,"items_purged":[],"score":171,"play_id":"1f58fa3c-5db2-43f6-9824-bb589974fd92","local_time":"20210107060155","is_ascension_mode":true,"campfire_choices":[{"data":"hermit:BigShot","floor":6,"key":"SMITH"},{"floor":8,"key":"REST"},{"floor":12,"key":"REST"},{"data":"hermit:BigShot","floor":15,"key":"SMITH"}],"circlet_count":0,"master_deck":["AscendersBane","hermit:Strike_Hermit","hermit:Strike_Hermit","hermit:Strike_Hermit","hermit:Strike_Hermit","hermit:Defend_Hermit","hermit:Defend_Hermit","hermit:Defend_Hermit","hermit:Defend_Hermit","hermit:Snapshot","hermit:Covet","Normality","hermit:BigShot+1","hermit:Deadeye","hermit:GhostlyPresence","hermit:BigShot+1","hermit:Reprieve+1","hermit:Ricochet","hermit:FlashPowder+1","Injury"],"relics":["hermit:Momento","InkBottle","Toxic Egg 2","Ancient Tea Set","Golden Idol"],"acts_visited":["Exordium"],"potions_floor_usage":[10],"damage_taken":[{"damage":4,"enemies":"Small Slimes","floor":1,"turns":4},{"damage":0,"enemies":"2 Louse","floor":2,"turns":4},{"damage":1,"enemies":"Cultist","floor":3,"turns":4},{"damage":5,"enemies":"Looter","floor":4,"turns":4},{"damage":39,"enemies":"3 Sentries","floor":7,"turns":12},{"damage":40,"enemies":"Gremlin Nob","floor":10,"turns":5},{"damage":8,"enemies":"3 Louse","floor":11,"turns":4},{"damage":7,"enemies":"Blue Slaver","floor":13,"turns":3},{"damage":39,"enemies":"The Guardian","floor":16,"turns":9}],"seed_played":"8933767618162194263","potions_obtained":[{"floor":1,"key":"sneckomod:MuddlingPotion"},{"floor":3,"key":"Weak Potion"},{"floor":11,"key":"Explosive Potion"}],"is_trial":false,"path_per_floor":["M","M","M","M","?","R","E","R","T","E","M","R","M","?","R","B"],"character_chosen":"HERMIT","items_purchased":[],"campfire_rested":2,"item_purchase_floors":[],"current_hp_per_floor":[78,78,77,72,61,61,22,48,48,8,8,34,27,27,27,0,0],"gold":269,"neow_bonus":"TWENTY_PERCENT_HP_BONUS","is_daily":false,"chose_seed":false,"campfire_upgraded":2,"win_rate":0.0,"timestamp":1609992115,"path_taken":["M","M","M","M","?","R","E","R","T","E","M","R","M","?","R","BOSS"],"items_purchased_type":[],"build_version":"2020-12-22","purchased_purges":0,"victory":false,"max_hp_per_floor":[89,89,89,89,89,89,89,89,89,89,89,89,89,89,89,89,89],"card_choices":[{"not_picked":["hermit:Feint","hermit:TrackingShot"],"picked":"hermit:BigShot","floor":1},{"not_picked":["hermit:Maintenance","hermit:Feint"],"picked":"hermit:Deadeye","floor":2},{"not_picked":["hermit:Cheat","hermit:PistolWhip"],"picked":"hermit:GhostlyPresence","floor":3},{"not_picked":["hermit:LowProfile","hermit:TrackingShot","hermit:CalledShot"],"picked":"SKIP","floor":4},{"not_picked":["hermit:Desperado","hermit:Virtue"],"picked":"hermit:BigShot","floor":7},{"not_picked":["hermit:HighCaliber","hermit:CalledShot"],"picked":"hermit:Reprieve+1","floor":10},{"not_picked":["hermit:CalledShot","hermit:WideOpen"],"picked":"hermit:Ricochet","floor":11},{"not_picked":["hermit:SprayPray","hermit:Dive+1"],"picked":"hermit:FlashPowder+1","floor":13}],"player_experience":2405603,"relics_obtained":[{"floor":7,"key":"InkBottle"},{"floor":9,"key":"Toxic Egg 2"},{"floor":10,"key":"Ancient Tea Set"}],"event_choices":[{"damage_healed":0,"gold_gain":75,"player_choice":"Gather Gold","damage_taken":11,"max_hp_gain":0,"max_hp_loss":0,"event_name":"World of Goop","floor":5,"gold_loss":0},{"damage_healed":0,"gold_gain":0,"player_choice":"Take Wound","damage_taken":0,"relics_obtained":["Golden Idol"],"max_hp_gain":0,"max_hp_loss":0,"event_name":"Golden Idol","floor":14,"gold_loss":0,"cards_obtained":["Injury"]}],"is_beta":false,"boss_relics":[],"items_purged_floors":[],"is_endless":false,"potions_floor_spawned":[1,3,7,11],"killed_by":"The Guardian","ascension_level":11}}