{"host":"17xjy7b7ubl548g2","time":1609982752,"event":{"mods":["2.2 Compatiblity","Act Like it!","Aspiration","Astrologer","Bard","BaseMod","Bestiary","Challenge The Spire","ChefMod","Colored Map","Conspire","Elementarium","Energized Spire","Gensokyo","GifTheSpireLib","Halation","Hallownest","Hubris","Infinite Spire","Jedi Mod","Jorbs\u0027s Wanderer Trilogy","Marisa（霧雨　魔理沙）","Marked Mod","Menagerie","Minty Spire (QoL Compilation)","Pale of the Ancients","Permanent Neow","Puzzle Mod","Replay The Spire","Robot Space Explorer","Spicy Shops","StSLib","Stuff the Spire","The Blue Laboratory","The Bug Knight","The Construct","The Disciple","The Factory","The Hayseed","The Hierophant","The Marked","The Runesmith","The Sage","TheFirefly"],"gold_per_floor":[116,116,132,161,191,191,206,231,231,231,231,6,6,17,17,121,121,133,133,153,166,176,176,206,206,206,222,0,36,36,66,66,168,168,188,188,203,203,203,203,224,256,256,256,273,291,291,1,1,2],"floor_reached":51,"playtime":3963,"items_purged":["Regret","theMarked:Strike","theMarked:Strike","Doubt"],"score":1023,"play_id":"907f56fc-70c4-4513-b197-8f7ebb0064f7","local_time":"20210106202552","is_ascension_mode":true,"campfire_choices":[{"data":"theMarked:SoldierOfQuellstein","floor":6.0,"key":"SMITH"},{"data":"theMarked:StartUp","floor":11.0,"key":"SMITH"},{"data":"Finesse","floor":13.0,"key":"SMITH"},{"data":"theMarked:ParalyzingBlade","floor":15.0,"key":"SMITH"},{"floor":23.0,"key":"REST"},{"data":"theMarked:Challenge","floor":25.0,"key":"SMITH"},{"floor":30.0,"key":"REST"},{"data":"theMarked:AttractMetal","floor":32.0,"key":"SMITH"},{"data":"Gensokyo:GreaterSplit","floor":40.0,"key":"SMITH"},{"data":"theMarked:SoldierForm","floor":44.0,"key":"SMITH"},{"data":"theMarked:ComboAttacks","floor":49.0,"key":"SMITH"}],"circlet_count":0,"master_deck":["theMarked:Strike+1","theMarked:Defend","theMarked:Defend","theMarked:Defend","theMarked:Defend","theMarked:SoldierOfQuellstein+1","theMarked:WastefulAttack","theMarked:BanishingStrike+1","theMarked:SuspiciousRaven+1","theMarked:StartUp+1","theMarked:Standoff","theMarked:BanishingStrike","Finesse+1","theMarked:ParalyzingBlade+1","theMarked:Challenge+1","theMarked:WastefulDefense+1","theMarked:SwordAndMagic+1","theMarked:EternalStudent","theMarked:Seal+1","theMarked:AttractMetal+1","theMarked:BanishingStrike+1","theMarked:Standoff","theMarked:TwofoldDefense+1","theMarked:SoldierForm+1","theMarked:BanishingWave+1","theMarked:BanishingWave+1","Gensokyo:GreaterSplit+1","theMarked:BanishingStrike+1","theMarked:BanishingStrike+1","theMarked:HeightenedSenses+1","theMarked:BanishingStrike+1","theMarked:ComboAttacks+1"],"relics":["theMarked:ArtifactOfAir","halation:EternalFortune","Blood Vial","Runesmith:Locket","StuffTheSpire:Barrel","Question Card","Bag of Marbles","construct:WeddingRing","energizedSpire:NeverEndingSparkler","halation:IllGainedPizza","aspiration:ChemicalBlood","aspiration:TomeofQuesting","MealTicket","energizedSpire:DeadBattery","halation:PromiseList","conspire:TopHat","StuffTheSpire:BottledEssence"],"acts_visited":["Exordium","Gensokyo:Gensokyo","Gensokyo:Gensokyoer"],"potions_floor_usage":[50,50,50],"damage_taken":[{"damage":1.0,"enemies":"Gensokyo:2_Kodama","floor":1.0,"turns":3.0},{"damage":0.0,"enemies":"Gensokyo:3_Fairies","floor":3.0,"turns":3.0},{"damage":19.0,"enemies":"Gensokyo:Mamizou","floor":4.0,"turns":8.0},{"damage":21.0,"enemies":"conspire:MimicChest","floor":5.0,"turns":4.0},{"damage":3.0,"enemies":"Gensokyo:Gryphon","floor":7.0,"turns":3.0},{"damage":0.0,"enemies":"Gensokyo:Aya","floor":8.0,"turns":5.0},{"damage":0.0,"enemies":"Gensokyo:LivingMonolith","floor":14.0,"turns":2.0},{"damage":31.0,"enemies":"Gensokyo:Kokoro","floor":16.0,"turns":9.0},{"damage":10.0,"enemies":"Gensokyo:3_Dogs","floor":18.0,"turns":6.0},{"damage":11.0,"enemies":"Gensokyo:2_Gloops","floor":20.0,"turns":6.0},{"damage":3.0,"enemies":"Gensokyo:Mirror_and_Dog","floor":21.0,"turns":4.0},{"damage":8.0,"enemies":"Gensokyo:Chomper_and_Gloop","floor":22.0,"turns":5.0},{"damage":17.0,"enemies":"Gensokyo:Koishi","floor":24.0,"turns":5.0},{"damage":0.0,"enemies":"Gensokyo:Wraith","floor":27.0,"turns":3.0},{"damage":29.0,"enemies":"Gensokyo:Tenshi","floor":29.0,"turns":4.0},{"damage":0.0,"enemies":"Gensokyo:Reisen","floor":31.0,"turns":3.0},{"damage":26.0,"enemies":"Gensokyo:Eiki","floor":33.0,"turns":5.0},{"damage":5.0,"enemies":"Gensokyo:3_Bats","floor":35.0,"turns":4.0},{"damage":8.0,"enemies":"Gensokyo:3_Boulders","floor":37.0,"turns":4.0},{"damage":5.0,"enemies":"Gensokyo:Dusk_and_Dawn","floor":41.0,"turns":3.0},{"damage":8.0,"enemies":"Gensokyo:Doremy","floor":42.0,"turns":4.0},{"damage":4.0,"enemies":"Gensokyo:Sharpion","floor":45.0,"turns":5.0},{"damage":2.0,"enemies":"Gensokyo:Rafflesia","floor":46.0,"turns":5.0},{"damage":0,"enemies":"Gensokyo:Yuyuko","floor":50,"turns":3}],"seed_played":"5429571510073563008","potions_obtained":[{"floor":4.0,"key":"blueLaboratory:NullPotion"},{"floor":5.0,"key":"blueLaboratory:NullPotion"},{"floor":7.0,"key":"SpeedPotion"},{"floor":8.0,"key":"Block Potion"},{"floor":20.0,"key":"DistilledChaos"},{"floor":22.0,"key":"Weak Potion"},{"floor":27.0,"key":"GamblersBrew"},{"floor":29.0,"key":"PowerPotion"},{"floor":33.0,"key":"FearPotion"},{"floor":33.0,"key":"sagemod:Wine"},{"floor":41.0,"key":"SteroidPotion"},{"floor":42.0,"key":"Elixir"},{"floor":46.0,"key":"Strength Potion"}],"is_trial":false,"path_per_floor":["M","?","M","?","?","R","M","E","T","?","R","$","R","M","R","B",null,"M","AVR","M","M","M","R","E","R","T","M","?","E","R","E","R","B",null,"M","AVR","M","?","?","R","M","E","T","R","M","M","?","$","R","B",null],"character_chosen":"THE_DEFAULT","items_purchased":["Finesse","Bag of Marbles","theMarked:ComboAttacks","StuffTheSpire:BottledEssence","Dexterity Potion","blueLaboratory:HorrorPotion"],"campfire_rested":2,"item_purchase_floors":[12,12,48,48,48,48],"current_hp_per_floor":[62,65,65,46,27,27,26,28,28,28,28,28,28,38,38,17,59,51,51,42,41,35,56,41,41,41,43,43,24,45,55,55,34,66,63,63,57,57,57,57,57,51,51,51,49,49,57,72,72,72],"gold":2,"neow_bonus":"REMOVE_CARD","is_daily":false,"chose_seed":false,"campfire_upgraded":9,"win_rate":0.0,"timestamp":1609982752,"path_taken":["M","?","M","?","?","R","M","E","T","?","R","?","R","M","R","BOSS","M","AVR","M","M","M","R","E","R","T","M","?","E","R","E","R","BOSS","M","AVR","M","?","?","R","M","E","T","R","M","M","?","$","R","BOSS"],"items_purchased_type":["Card","Relic","Card","Relic","Potion","Potion"],"build_version":"2020-12-22","purchased_purges":4,"victory":true,"max_hp_per_floor":[70,73,73,73,73,73,73,73,73,73,73,73,73,73,73,73,73,73,73,73,73,73,73,73,73,73,73,73,73,73,73,73,76,76,76,76,76,76,76,76,79,79,79,79,79,79,79,79,79,79],"card_choices":[{"not_picked":["theMarked:HeightenedSenses","theMarked:EnhanceMovement"],"picked":"theMarked:WastefulAttack","floor":1.0},{"not_picked":["theMarked:ParalyzingBlade","theMarked:EnhanceMovement"],"picked":"theMarked:BanishingStrike","floor":3.0},{"not_picked":["theMarked:ElectricStrings","theMarked:WardOff"],"picked":"theMarked:SuspiciousRaven","floor":4.0},{"not_picked":["theMarked:Electrify","theMarked:Reabsorb"],"picked":"theMarked:StartUp","floor":5.0},{"not_picked":["theMarked:Improvise","theMarked:ResourceFulStrike"],"picked":"theMarked:Standoff","floor":7.0},{"not_picked":["theMarked:Aftermath","theMarked:ResourceFulStrike"],"picked":"theMarked:BanishingStrike","floor":8.0},{"not_picked":["theMarked:Generate","theMarked:PowerFlow","theMarked:Improvise"],"picked":"theMarked:ParalyzingBlade","floor":14.0},{"not_picked":["theMarked:ChannelForce","theMarked:DispelDoubt","theMarked:ThrowWeapon"],"picked":"theMarked:Challenge","floor":16.0},{"not_picked":["theMarked:Indomitable","theMarked:Frustration","theMarked:WastefulAttack"],"picked":"theMarked:WastefulDefense+1","floor":18.0},{"not_picked":["theMarked:HeightenedSenses","theMarked:Electrocute+1","theMarked:WastefulAttack"],"picked":"theMarked:SwordAndMagic+1","floor":20.0},{"not_picked":["theMarked:ChainLightning","theMarked:EnhanceMovement","theMarked:TwofoldDefense+1"],"picked":"theMarked:EternalStudent","floor":21.0},{"not_picked":["theMarked:GodGivenPower+1","theMarked:Frustration","theMarked:ElectricStrings"],"picked":"theMarked:Seal+1","floor":22.0},{"not_picked":["theMarked:EmpowerWeapon+1","theMarked:GodGivenPower","theMarked:RogueSparks"],"picked":"theMarked:AttractMetal","floor":24.0},{"not_picked":["theMarked:Overcharge","theMarked:Frustration+1","theMarked:RepellingDischarge"],"picked":"theMarked:BanishingStrike+1","floor":27.0},{"not_picked":["theMarked:SwordAndMagic","theMarked:WastefulDefense","theMarked:Opportunist"],"picked":"theMarked:Standoff","floor":29.0},{"not_picked":["theMarked:CreepingChasm","theMarked:BanishingStrike+1","theMarked:EnhanceMovement"],"picked":"theMarked:TwofoldDefense+1","floor":31.0},{"not_picked":["theMarked:Challenge","theMarked:UnarmedFury","theMarked:Snap"],"picked":"theMarked:SoldierForm","floor":33.0},{"not_picked":["theMarked:ElectricStrings","theMarked:GodGivenPower","theMarked:AttractMetal"],"picked":"theMarked:BanishingWave+1","floor":35.0},{"not_picked":["theMarked:ResourceFulStrike+1","theMarked:PowerFlow+1","theMarked:EnhanceMovement+1"],"picked":"theMarked:BanishingWave+1","floor":37.0},{"not_picked":["theMarked:Standoff","theMarked:Frustration","theMarked:MaelstromOfLightning+1"],"picked":"theMarked:BanishingStrike+1","floor":41.0},{"not_picked":["theMarked:Standoff","theMarked:ResourceFulStrike+1","theMarked:SummonStrength"],"picked":"theMarked:BanishingStrike+1","floor":42.0},{"not_picked":["theMarked:Improvise","theMarked:WastefulDefense+1","theMarked:BanishingStrike"],"picked":"theMarked:HeightenedSenses+1","floor":45.0},{"not_picked":["theMarked:Frustration","theMarked:ElectricStrings+1","theMarked:UnarmedFury"],"picked":"theMarked:BanishingStrike+1","floor":46.0}],"player_experience":1701144,"relics_obtained":[{"floor":4.0,"key":"Blood Vial"},{"floor":5.0,"key":"Runesmith:Locket"},{"floor":8.0,"key":"StuffTheSpire:Barrel"},{"floor":9.0,"key":"Question Card"},{"floor":24.0,"key":"halation:IllGainedPizza"},{"floor":26.0,"key":"aspiration:ChemicalBlood"},{"floor":29.0,"key":"aspiration:TomeofQuesting"},{"floor":31.0,"key":"MealTicket"},{"floor":33.0,"key":"halation:EternalFortune"},{"floor":41.0,"key":"halation:EternalFortune"},{"floor":42.0,"key":"halation:PromiseList"},{"floor":43.0,"key":"conspire:TopHat"}],"event_choices":[],"is_beta":false,"boss_relics":[{"not_picked":["aspiration:RunicSpoon","hubris:CrackedHourglass"],"picked":"construct:WeddingRing"},{"not_picked":["aspiration:DefectSkillbook","Replay:Grab Bag"],"picked":"energizedSpire:DeadBattery"}],"items_purged_floors":[12,19,36,48],"is_endless":false,"potions_floor_spawned":[4,5,7,8,20,22,27,29,33,35,41,42,46],"ascension_level":6}}