{"host":"Qube","time":1609988176,"event":{"mods":["AchievementEnabler","BaseMod","Colored Map","Colored Powertips","Minty Spire (QoL Compilation)","Quick Restart","Random Character Button","StSLib"],"gold_per_floor":[111,186,186,25,41,41,74,93,169,194,206,206,217,249,249,325,325,337,337,337,20,31,31,60,60,84,112,142,173,183,195,195,267,267,280,292,292,7,17,52,52,72,72,72,72,97,108,141,141,141],"floor_reached":51,"playtime":3020,"items_purged":["Strike_R","Strike_R"],"score":1551,"play_id":"41ce2d49-6e96-4da7-a03f-fb0cd8f99d03","local_time":"20210106185616","is_ascension_mode":true,"campfire_choices":[{"data":"Armaments","floor":6.0,"key":"SMITH"},{"data":"True Grit","floor":12.0,"key":"SMITH"},{"data":"Uppercut","floor":15.0,"key":"SMITH"},{"floor":23.0,"key":"REST"},{"data":"Fiend Fire","floor":25.0,"key":"SMITH"},{"data":"Corruption","floor":32.0,"key":"SMITH"},{"data":"Barricade","floor":41,"key":"SMITH"},{"data":"Feel No Pain","floor":45,"key":"SMITH"},{"data":"Dark Embrace","floor":49,"key":"SMITH"}],"circlet_count":0,"master_deck":["AscendersBane","Strike_R+1","Strike_R+1","Strike_R","Defend_R","Defend_R","Defend_R","Defend_R","Bash","True Grit+1","Armaments+1","Bludgeon","Uppercut+1","Pommel Strike","Intimidate","Fiend Fire+1","Shockwave","Sadistic Nature","Flame Barrier","Corruption+1","True Grit","Barricade+1","Feel No Pain+1","Shrug It Off","Body Slam","Shrug It Off","Dark Embrace+1","Spot Weakness"],"relics":["Burning Blood","NeowsBlessing","Strange Spoon","Anchor","Letter Opener","Charon\u0027s Ashes","WingedGreaves","Runic Pyramid","Enchiridion","Meat on the Bone","Akabeko","Ginger","Pantograph","Magic Flower","Philosopher\u0027s Stone","Ancient Tea Set","Champion Belt","Turnip","Omamori"],"acts_visited":["Exordium","TheCity","TheBeyond"],"potions_floor_usage":[33,33,40,42,48],"damage_taken":[{"damage":0.0,"enemies":"Jaw Worm","floor":1.0,"turns":1.0},{"damage":0.0,"enemies":"Small Slimes","floor":5.0,"turns":1.0},{"damage":0.0,"enemies":"3 Sentries","floor":7.0,"turns":2.0},{"damage":1.0,"enemies":"2 Louse","floor":8.0,"turns":3.0},{"damage":15.0,"enemies":"Lagavulin","floor":10.0,"turns":5.0},{"damage":0.0,"enemies":"2 Fungi Beasts","floor":11.0,"turns":3.0},{"damage":0.0,"enemies":"Looter","floor":13.0,"turns":3.0},{"damage":21.0,"enemies":"3 Sentries","floor":14.0,"turns":6.0},{"damage":42.0,"enemies":"Hexaghost","floor":16.0,"turns":14.0},{"damage":12.0,"enemies":"2 Thieves","floor":18.0,"turns":4.0},{"damage":0.0,"enemies":"Chosen","floor":22.0,"turns":4.0},{"damage":4.0,"enemies":"Book of Stabbing","floor":24.0,"turns":4.0},{"damage":3.0,"enemies":"Gremlin Leader","floor":27.0,"turns":3.0},{"damage":2.0,"enemies":"Slavers","floor":28.0,"turns":4.0},{"damage":15.0,"enemies":"Book of Stabbing","floor":29.0,"turns":3.0},{"damage":0.0,"enemies":"3 Cultists","floor":30.0,"turns":4.0},{"damage":0.0,"enemies":"Cultist and Chosen","floor":31.0,"turns":5.0},{"damage":17,"enemies":"Automaton","floor":33,"turns":7},{"damage":0,"enemies":"Orb Walker","floor":35,"turns":3},{"damage":5,"enemies":"3 Shapes","floor":36,"turns":4},{"damage":27,"enemies":"Sphere and 2 Shapes","floor":39,"turns":6},{"damage":21,"enemies":"Giant Head","floor":40,"turns":8},{"damage":27,"enemies":"Writhing Mass","floor":42,"turns":5},{"damage":9,"enemies":"Mind Bloom Boss Battle","floor":46,"turns":5},{"damage":8,"enemies":"4 Shapes","floor":47,"turns":5},{"damage":10,"enemies":"Nemesis","floor":48,"turns":5},{"damage":51,"enemies":"Awakened One","floor":50,"turns":7}],"seed_played":"4028436380525200804","potions_obtained":[{"floor":1.0,"key":"Swift Potion"},{"floor":7.0,"key":"Ancient Potion"},{"floor":11.0,"key":"Swift Potion"},{"floor":28.0,"key":"BlessingOfTheForge"},{"floor":30.0,"key":"CultistPotion"},{"floor":31.0,"key":"Fire Potion"},{"floor":35,"key":"AttackPotion"},{"floor":40,"key":"AttackPotion"},{"floor":46,"key":"PowerPotion"}],"is_trial":false,"path_per_floor":["M","?","?","$","M","R","E","M","T","E","M","R","M","E","R","B",null,"M","?","?","$","M","R","E","R","T","E","E","E","M","M","R","B",null,"M","M","?","$","M","E","R","M","T","?","R","?","M","E","R","B",null],"character_chosen":"IRONCLAD","items_purchased":["Strange Spoon","Sadistic Nature","Flame Barrier","Feel No Pain","Shrug It Off","Body Slam"],"campfire_rested":1,"item_purchase_floors":[4,21,21,38,38,38],"current_hp_per_floor":[74,63,40,40,46,46,52,57,57,48,54,54,60,45,45,9,59,53,53,32,32,38,60,62,62,62,65,69,60,69,75,75,67,73,75,75,75,75,57,63,63,63,63,63,63,75,75,74,74,51],"gold":141,"neow_bonus":"THREE_ENEMY_KILL","is_daily":false,"chose_seed":false,"campfire_upgraded":8,"win_rate":0.0,"timestamp":1609988176,"path_taken":["M","?","?","?","M","R","E","M","T","E","M","R","M","E","R","BOSS","M","?","?","$","M","R","E","R","T","E","E","E","M","M","R","BOSS","M","M","?","$","M","E","R","M","T","?","R","?","M","E","R","BOSS"],"items_purchased_type":["Relic","Card","Card","Card","Card","Card"],"build_version":"2020-12-18","purchased_purges":2,"victory":true,"max_hp_per_floor":[75,75,75,75,75,75,75,75,75,75,75,75,75,75,75,75,75,75,75,75,75,75,75,75,75,75,75,75,75,75,75,75,75,75,75,75,75,75,75,75,75,75,75,75,75,75,75,75,75,75],"card_choices":[{"not_picked":["Combust","Dual Wield"],"picked":"True Grit","floor":1.0},{"not_picked":["Clothesline","Headbutt"],"picked":"Armaments","floor":5.0},{"not_picked":["Combust","Wild Strike"],"picked":"Bludgeon","floor":7.0},{"not_picked":["Pommel Strike","Shrug It Off"],"picked":"Uppercut","floor":8.0},{"not_picked":["Anger","Whirlwind"],"picked":"Pommel Strike","floor":10.0},{"not_picked":["Clash","Rage"],"picked":"Intimidate","floor":11.0},{"not_picked":["Wild Strike","Uppercut","Flex"],"picked":"SKIP","floor":13.0},{"not_picked":["Juggernaut","Armaments","Clothesline"],"picked":"SKIP","floor":14.0},{"not_picked":["Juggernaut","Bludgeon"],"picked":"Fiend Fire","floor":16.0},{"not_picked":["Anger","Cleave"],"picked":"Shockwave","floor":18.0},{"not_picked":["Body Slam+1","Flex","Evolve"],"picked":"SKIP","floor":22.0},{"not_picked":["Twin Strike","Heavy Blade","Cleave"],"picked":"SKIP","floor":24.0},{"not_picked":["Rupture","Heavy Blade+1","Shockwave"],"picked":"SKIP","floor":27.0},{"not_picked":["Flex","Seeing Red"],"picked":"Corruption","floor":28.0},{"not_picked":["Clash","Dropkick+1","Sever Soul"],"picked":"SKIP","floor":29.0},{"not_picked":["Disarm","Dropkick"],"picked":"True Grit","floor":30.0},{"not_picked":["Thunderclap","Warcry","Pummel"],"picked":"SKIP","floor":31.0},{"not_picked":["Offering","Fiend Fire"],"picked":"Barricade","floor":33},{"not_picked":["Flex","Bloodletting","Havoc"],"picked":"SKIP","floor":35},{"not_picked":["Pommel Strike+1","Warcry","Battle Trance"],"picked":"SKIP","floor":36},{"not_picked":["Headbutt+1","Rupture","Evolve"],"picked":"SKIP","floor":39},{"not_picked":["Headbutt","Clash","Combust"],"picked":"SKIP","floor":40},{"not_picked":["Wild Strike","Rampage"],"picked":"Shrug It Off","floor":42},{"not_picked":["Barricade","Clash"],"picked":"Dark Embrace","floor":46},{"not_picked":["Shrug It Off+1","Seeing Red"],"picked":"Spot Weakness","floor":47},{"not_picked":["Pommel Strike","Spot Weakness","Iron Wave+1"],"picked":"SKIP","floor":48}],"player_experience":833998,"relics_obtained":[{"floor":7.0,"key":"Anchor"},{"floor":9.0,"key":"Letter Opener"},{"floor":10.0,"key":"Charon\u0027s Ashes"},{"floor":14.0,"key":"WingedGreaves"},{"floor":20.0,"key":"Enchiridion"},{"floor":24.0,"key":"Meat on the Bone"},{"floor":26.0,"key":"Akabeko"},{"floor":27.0,"key":"Ginger"},{"floor":28.0,"key":"Pantograph"},{"floor":29.0,"key":"Magic Flower"},{"floor":40,"key":"Ancient Tea Set"},{"floor":43,"key":"Champion Belt"},{"floor":46,"key":"Turnip"},{"floor":48,"key":"Omamori"}],"event_choices":[{"damage_healed":0.0,"max_hp_gain":0.0,"max_hp_loss":0.0,"gold_gain":75.0,"event_name":"World of Goop","player_choice":"Gather Gold","floor":2.0,"gold_loss":0.0,"damage_taken":11.0},{"damage_healed":0.0,"max_hp_gain":0.0,"max_hp_loss":0.0,"gold_gain":0.0,"event_name":"Shining Light","player_choice":"Entered Light","floor":3.0,"gold_loss":0.0,"damage_taken":23.0,"cards_upgraded":["Strike_R","Strike_R"]},{"damage_healed":0.0,"max_hp_gain":0.0,"max_hp_loss":0.0,"gold_gain":0.0,"event_name":"Ghosts","player_choice":"Ignored","floor":19.0,"gold_loss":0.0,"damage_taken":0.0},{"damage_healed":0.0,"max_hp_gain":0.0,"max_hp_loss":0.0,"gold_gain":0.0,"event_name":"Cursed Tome","player_choice":"Obtained Book","floor":20.0,"gold_loss":0.0,"damage_taken":21.0},{"damage_healed":0,"gold_gain":0,"player_choice":"Memory 1","damage_taken":0,"max_hp_gain":0,"max_hp_loss":0,"event_name":"SensoryStone","floor":37,"gold_loss":0},{"damage_healed":0,"gold_gain":0,"player_choice":"Ignored","damage_taken":0,"max_hp_gain":0,"max_hp_loss":0,"event_name":"Tomb of Lord Red Mask","floor":44,"gold_loss":0},{"damage_healed":0,"gold_gain":0,"player_choice":"Fight","damage_taken":0,"max_hp_gain":0,"max_hp_loss":0,"event_name":"MindBloom","floor":46,"gold_loss":0}],"is_beta":true,"boss_relics":[{"not_picked":["Calling Bell","Runic Cube"],"picked":"Runic Pyramid"},{"not_picked":["Velvet Choker","Runic Dome"],"picked":"Philosopher\u0027s Stone"}],"items_purged_floors":[21,38],"is_endless":false,"potions_floor_spawned":[1,7,11,28,30,31,35,40,46],"ascension_level":18}}