{"host":"cbabs5wvj1yqiyjm","time":1609982518,"event":{"mods":["AchievementEnabler","Act Like it!","Bartender","BaseMod","Bestiary","Better Third Choice","BetterRewards","Colored Powertips","Downfall","Friendly Minions","Hallownest","Hermit","Infinite Spire","Marisa????????","Minty Spire (QoL Compilation)","Rare Cards Sparkle","Replay The Spire","SOS???????","Spicy Shops","StSLib","Td1madao Mod","The Bladedancer","The Bug Knight","The Cursed","The Disciple","The Forsaken","The Marked","The Necromancer","The Servant 0.9.4","Wandering Minibosses","???Mod??????Boss"],"gold_per_floor":[113,8,22,82,99,99,99,99,124,144,160,69,69,89,0,100,100,114,114,114,128,148,148,164,164,164,190,18,28,28,48,48,48,48],"floor_reached":33,"playtime":2171,"items_purged":[],"score":272,"play_id":"418813d0-970e-46a2-9b11-8a1392456c17","local_time":"20210106202158","is_ascension_mode":true,"campfire_choices":[{"data":"Blizzard_Spikes","floor":6,"key":"SMITH"},{"data":"Rope_A_Dope","floor":8,"key":"SMITH"},{"floor":23,"key":"REST"},{"floor":25,"key":"REST"},{"floor":32,"key":"REST"}],"circlet_count":0,"master_deck":["Strike_Bartender","Strike_Bartender","Strike_Bartender","Strike_Bartender","Defend_Bartender","Defend_Bartender","Defend_Bartender","Defend_Bartender","Somersault","Blizzard_Spikes+1","Rope_A_Dope+1","Center_Self","Bicycle_Kick","Blizzard_Spikes","Bitters","Phantom_Blow","Tornado_Kick","Fading_Blow","Stick_and_Move","Enlightenment+1","Top_Shelf","Bitters","Surge","Torment","Insight_B","Rope_A_Dope","Raptor_Form","Pain","Bitters","Butterfly_Float"],"relics":["Sneakers","Replay:Baseball","infinitespire:BottledMercury","Replay:Mystery Machine","Cowboy_Hat","Toy Ornithopter","White_Cape"],"acts_visited":["Exordium","TheCity"],"potions_floor_usage":[27,27,27,33],"damage_taken":[{"damage":0,"enemies":"Small Slimes","floor":1,"turns":3},{"damage":0,"enemies":"Jaw Worm","floor":3,"turns":5},{"damage":0,"enemies":"2 Louse","floor":5,"turns":3},{"damage":0,"enemies":"Blue Slaver","floor":10,"turns":4},{"damage":0,"enemies":"Exordium Wildlife","floor":11,"turns":4},{"damage":0,"enemies":"2 Fungi Beasts","floor":14,"turns":6},{"damage":23,"enemies":"The Guardian","floor":16,"turns":15},{"damage":15,"enemies":"Spheric Guardian","floor":18,"turns":5},{"damage":11,"enemies":"Shell Parasite","floor":21,"turns":5},{"damage":9,"enemies":"Cultist and Chosen","floor":22,"turns":7},{"damage":29,"enemies":"Centurion and Healer","floor":24,"turns":8},{"damage":14,"enemies":"Nightmare","floor":27,"turns":11},{"damage":17,"enemies":"Shelled Parasite and Fungi","floor":29,"turns":6},{"damage":15,"enemies":"Snecko","floor":31,"turns":7},{"damage":43,"enemies":"Champ","floor":33,"turns":10}],"seed_played":"3131968982645606663","potions_obtained":[{"floor":3,"key":"CultistPotion"},{"floor":4,"key":"ColorlessPotion"},{"floor":16,"key":"sneckomod:MuddlingPotion"},{"floor":31,"key":"SteroidPotion"}],"is_trial":false,"path_per_floor":["M","$","M","?","M","R","?","R","T","M","M","$","?","M","R","B",null,"M","?","?","M","M","R","M","R","T","NM","$","M","$","M","R","B"],"character_chosen":"BARTENDER","items_purchased":["Rope_A_Dope","Tornado_Kick","Fading_Blow","Raptor_Form","White_Cape"],"campfire_rested":3,"item_purchase_floors":[2,12,12,28,28],"current_hp_per_floor":[70,70,70,70,70,70,70,70,70,70,70,70,70,70,76,53,76,61,61,61,50,41,63,34,56,56,42,42,25,25,10,32,0,0],"gold":48,"neow_bonus":"RANDOM_COMMON_RELIC","is_daily":false,"chose_seed":false,"campfire_upgraded":2,"win_rate":0.0,"timestamp":1609982518,"path_taken":["M","$","M","?","M","R","?","R","T","M","M","$","?","M","R","BOSS","M","?","?","M","M","R","M","R","T","NM","$","M","$","M","R","BOSS"],"items_purchased_type":["Card","Card","Card","Card","Relic"],"build_version":"2020-12-22","purchased_purges":0,"victory":false,"max_hp_per_floor":[70,70,70,70,70,70,70,70,70,70,70,70,70,70,76,76,76,76,76,76,76,76,76,76,76,76,76,76,76,76,76,76,76,76],"card_choices":[{"not_picked":["Stick_and_Move","Dancing_Jab"],"picked":"Blizzard_Spikes","floor":1},{"not_picked":["Greased_Lightning","Dragonkick"],"picked":"Center_Self","floor":3},{"not_picked":["Elbow_Slash","Snap_Punch"],"picked":"Bicycle_Kick","floor":4},{"not_picked":["Tornado_Kick","Greased_Lightning"],"picked":"Blizzard_Spikes","floor":5},{"not_picked":["Windup","Pony_Shot"],"picked":"Bitters","floor":10},{"not_picked":["Perfect_Balance","Ripple"],"picked":"Phantom_Blow","floor":11},{"not_picked":["Scoop","Ripple"],"picked":"Stick_and_Move","floor":14},{"not_picked":["Storage","Cold_Blooded"],"picked":"Top_Shelf","floor":16},{"not_picked":["Glare","Sucker_Punch"],"picked":"Bitters","floor":18},{"not_picked":["Glare","Press_Forward"],"picked":"Surge","floor":21},{"not_picked":["With_A_Twist","Bitters"],"picked":"Torment","floor":22},{"not_picked":["Stick_and_Move+1","Storage"],"picked":"Insight_B","floor":24},{"not_picked":["Free_Pour","Ball_Of_Ice"],"picked":"Rope_A_Dope","floor":27},{"not_picked":["Axe_Heel_Kick+1","Sucker_Punch"],"picked":"Bitters","floor":29},{"not_picked":["Snap_Punch","With_A_Twist+1"],"picked":"Butterfly_Float","floor":31}],"player_experience":38989,"relics_obtained":[{"floor":4,"key":"infinitespire:BottledMercury"},{"floor":9,"key":"Replay:Mystery Machine"},{"floor":26,"key":"Cowboy_Hat"},{"floor":27,"key":"Toy Ornithopter"}],"event_choices":[{"damage_healed":0,"gold_gain":0,"player_choice":"Leave","damage_taken":0,"max_hp_gain":0,"max_hp_loss":0,"event_name":"The Cleric","floor":13,"gold_loss":0},{"damage_healed":0,"gold_gain":0,"player_choice":"RENOUNCE","damage_taken":89,"max_hp_gain":0,"max_hp_loss":0,"event_name":"betterThird:BetterSerpent","floor":15,"gold_loss":89,"cards_obtained":["Enlightenment"]},{"damage_healed":0,"gold_gain":0,"player_choice":"Serpent","damage_taken":0,"max_hp_gain":0,"max_hp_loss":0,"event_name":"BanditSerpent","floor":19,"gold_loss":0}],"is_beta":false,"boss_relics":[{"not_picked":["Snecko Eye","ReplayTheSpireMod:DimensionalGlitch","Coffee Dripper"]}],"items_purged_floors":[],"is_endless":false,"potions_floor_spawned":[3,16,21,31],"killed_by":"Champ","ascension_level":1}}