{"host":"ueaobptuyu87ouwy","time":1609986390,"event":{"mods":["Aspiration","Bard","BaseMod","Better Altar","Better Match","Better Note","Better Sensory Stone","Better Skull","Better Third Choice","BetterRewards","CCEM","Colored Map","Conspire","Downfall","GifTheSpireLib","Googly Eyes","Halation","Hermit","Highlight Path","Hubris","Infinite Spire","Jedi Mod","Jorbs\u0027s Wanderer Trilogy","Marisa????????","Mimic Mod","Minty Spire (QoL Compilation)","Permanent Neow","Replay The Spire","StSLib","Stuff the Spire","The Runesmith","Unceasing Turn Reminder","everything is the same but u backflip on backflip","slay the spire mod where everything is the same but ironclad has a cowboy hat"],"gold_per_floor":[109,126,126,139,153,153,167,195,195,195,214,214,231,242,242,347,347,365,365,365,375,394,394,408,442,489,513,525,537,549,486,498,643,655,730,800,812,824,862,862],"floor_reached":39,"playtime":2649,"items_purged":[],"score":580,"play_id":"d839d9f5-8dfb-442c-8d9f-c5115d8b9567","local_time":"20210107102630","is_ascension_mode":false,"campfire_choices":[{"data":"Barricade","floor":6,"key":"SMITH"},{"data":"Flame Barrier","floor":10,"key":"SMITH"},{"data":"Battle Trance","floor":12,"key":"SMITH"},{"floor":15,"key":"DIG"},{"data":"Body Slam","floor":23,"key":"SMITH"},{"data":"Bash","floor":30,"key":"SMITH"},{"floor":32,"key":"REST"}],"circlet_count":0,"master_deck":["Strike_R","Strike_R","Strike_R","Strike_R","Strike_R","Defend_R","Bash+1","Barricade+1","ReplayTheSpireMod:Stacked","Shrug It Off","Shrug It Off","Flame Barrier+1","Ghostly Armor","Battle Trance+1","jedi:strikingstrike+1","Armaments+1","Perfected Strike+1","Body Slam+1","Entrench+1","Fire Breathing","Juggernaut","jedi:strikingstrike","Immolate","Reckless Charge+1","StuffTheSpire:RagingBull"],"relics":["Burning Blood","Tiny Chest","aspiration:ChemicalBlood","Gremlin Horn","Pet Ghost","halation:Prosthetics","hubris:ToyBattleship","Blue Doll","MawBank","Letter Opener","Pear","infinitespire:EvilPickle","halation:Yufonium","Replay:Bandana"],"acts_visited":["Exordium","TheCity","TheBeyond"],"potions_floor_usage":[16,18,21,22,25,25,33,36],"damage_taken":[{"damage":1,"enemies":"Cultist","floor":1,"turns":3},{"damage":0,"enemies":"conspire:RoseBush","floor":2,"turns":5},{"damage":16,"enemies":"Jaw Worm","floor":4,"turns":7},{"damage":12,"enemies":"Blue Slaver","floor":5,"turns":4},{"damage":1,"enemies":"conspire:2 RoseBushes","floor":7,"turns":7},{"damage":30,"enemies":"3 Sentries","floor":8,"turns":19},{"damage":2,"enemies":"2 Fungi Beasts","floor":11,"turns":7},{"damage":0,"enemies":"Gremlin Gang","floor":13,"turns":9},{"damage":2,"enemies":"Red Slaver","floor":14,"turns":8},{"damage":49,"enemies":"Hexaghost","floor":16,"turns":18},{"damage":15,"enemies":"Spheric Guardian","floor":18,"turns":16},{"damage":2,"enemies":"3 Byrds","floor":21,"turns":3},{"damage":35,"enemies":"Centurion and Healer","floor":22,"turns":12},{"damage":5,"enemies":"Snake Plant","floor":24,"turns":4},{"damage":15,"enemies":"Gremlin Leader","floor":25,"turns":11},{"damage":0,"enemies":"Chosen and Byrds","floor":26,"turns":8},{"damage":6,"enemies":"Chosen and Byrds","floor":27,"turns":9},{"damage":17,"enemies":"Pondfish","floor":33,"turns":15},{"damage":15,"enemies":"3 Darklings","floor":35,"turns":7},{"damage":11,"enemies":"3 Shapes","floor":36,"turns":2},{"damage":58,"enemies":"Sphere and 2 Shapes","floor":39,"turns":5}],"seed_played":"-1627411526684283498","potions_obtained":[{"floor":2,"key":"ElixirPotion"},{"floor":7,"key":"PowerPotion"},{"floor":8,"key":"Elixir"},{"floor":13,"key":"SteroidPotion"},{"floor":14,"key":"Milkshake"},{"floor":16,"key":"PowerPotion"},{"floor":18,"key":"BloodPotion"},{"floor":21,"key":"Strength Potion"},{"floor":21,"key":"jedi:hoardpotion"}],"is_trial":false,"path_per_floor":["M","M","?","M","M","R","M","E","T","R","M","R","M","M","R_BF","B",null,"M","?","?","M","M","R","M","E","MIM","M","T","?","R","?","R","B",null,"M","M","?","T","M"],"character_chosen":"IRONCLAD","items_purchased":[],"campfire_rested":1,"item_purchase_floors":[],"current_hp_per_floor":[80,80,80,70,64,64,69,45,45,45,49,49,55,59,59,19,48,39,11,58,58,29,29,30,21,27,27,37,37,37,37,57,46,68,59,54,54,54,0,0],"gold":862,"neow_bonus":"ONE_RANDOM_RARE_CARD","is_daily":false,"chose_seed":false,"campfire_upgraded":5,"win_rate":0.0,"timestamp":1609986390,"path_taken":["M","?","?","M","M","R","M","E","T","R","M","R","M","M","R_BF","BOSS","M","?","?","M","?","R","M","E","MIM","M","?","?","R","?","R","BOSS","M","M","?","?","?"],"items_purchased_type":[],"build_version":"2020-12-13","purchased_purges":0,"victory":false,"max_hp_per_floor":[80,80,80,80,80,80,80,80,80,80,80,80,80,80,80,83,48,48,48,58,58,58,58,58,58,58,58,68,68,68,68,68,68,68,68,68,68,68,68,68],"card_choices":[{"not_picked":["Ghostly Armor","Second Wind"],"picked":"ReplayTheSpireMod:Stacked","floor":1},{"not_picked":["Heavy Blade","Sever Soul","Run Through"],"picked":"SKIP","floor":2},{"not_picked":["jedi:hate","StuffTheSpire:Slingshot"],"picked":"Shrug It Off","floor":4},{"not_picked":["True Grit","Anger"],"picked":"Shrug It Off","floor":5},{"not_picked":["Perfected Strike","Dark Embrace"],"picked":"Flame Barrier","floor":7},{"not_picked":["Pommel Strike","Sword Boomerang"],"picked":"Ghostly Armor","floor":8},{"not_picked":["Pommel Strike","Power Through"],"picked":"Battle Trance","floor":11},{"not_picked":["Replay:Undeath\u0027s Touch","jedi:fear","StuffTheSpire:Slingshot"],"picked":"SKIP","floor":13},{"not_picked":["Twin Strike","Shrug It Off"],"picked":"Feed","floor":14},{"not_picked":["Fiend Fire","Bludgeon"],"picked":"jedi:strikingstrike","floor":16},{"not_picked":["True Grit","Anger"],"picked":"Armaments+1","floor":18},{"not_picked":["Thunderclap","Battle Trance"],"picked":"Perfected Strike+1","floor":21},{"not_picked":["Heavy Blade","jedi:fear"],"picked":"Body Slam","floor":22},{"not_picked":["conspire:Charge","Armaments"],"picked":"Entrench+1","floor":24},{"not_picked":["ReplayTheSpireMod:Strike From Hell","StuffTheSpire:Pyroclast","Warcry"],"picked":"SKIP","floor":25},{"not_picked":["Massacre","Pommel Strike"],"picked":"Fire Breathing","floor":26},{"not_picked":["Demon Form","StuffTheSpire:RockThrow","Infernal Blade"],"picked":"SKIP","floor":27},{"not_picked":["hubris:SharpeningStone+1","Twin Strike"],"picked":"Reckless Charge+1","floor":35},{"not_picked":["infinitespire:OneForAll","Wild Strike+1"],"picked":"StuffTheSpire:RagingBull","floor":36}],"player_experience":44996,"relics_obtained":[{"floor":8,"key":"aspiration:ChemicalBlood"},{"floor":9,"key":"Gremlin Horn"},{"floor":15,"key":"Pet Ghost"},{"floor":25,"key":"MawBank"},{"floor":26,"key":"Letter Opener"},{"floor":28,"key":"Pear"},{"floor":38,"key":"Replay:Bandana"}],"event_choices":[{"damage_healed":0,"gold_gain":0,"player_choice":"Gave Potion","damage_taken":0,"relics_obtained":["Tiny Chest"],"max_hp_gain":0,"max_hp_loss":0,"event_name":"WeMeetAgain","floor":3,"gold_loss":0},{"damage_healed":0,"gold_gain":0,"player_choice":"RE UP RE ","damage_taken":34,"relics_obtained":["hubris:ToyBattleship","Blue Doll"],"max_hp_gain":0,"max_hp_loss":0,"event_name":"betterSkull:BetterSkull","floor":19,"gold_loss":0,"cards_upgraded":["jedi:strikingstrike"]},{"cards_removed":["Feed"],"damage_healed":37,"gold_gain":0,"player_choice":"Offered Rare","damage_taken":0,"max_hp_gain":10,"max_hp_loss":0,"event_name":"Bonfire Elementals","floor":20,"gold_loss":0},{"cards_removed":["Defend_R"],"damage_healed":0,"gold_gain":0,"player_choice":"Purged","damage_taken":0,"max_hp_gain":0,"max_hp_loss":0,"event_name":"Purifier","floor":29,"gold_loss":0},{"cards_removed":["Defend_R"],"damage_healed":0,"gold_gain":0,"player_choice":"Gave Gold","damage_taken":0,"max_hp_gain":0,"max_hp_loss":0,"event_name":"Beggar","floor":31,"gold_loss":75},{"cards_removed":["Defend_R"],"damage_healed":0,"gold_gain":0,"player_choice":"Purged","damage_taken":0,"max_hp_gain":0,"max_hp_loss":0,"event_name":"Purifier","floor":37,"gold_loss":0}],"is_beta":false,"boss_relics":[{"not_picked":["Calling Bell","Runic Pyramid"],"picked":"halation:Prosthetics"},{"not_picked":["Coffee Dripper","aspiration:MobileForge"],"picked":"halation:Yufonium"}],"items_purged_floors":[],"is_endless":false,"potions_floor_spawned":[2,7,8,13,14,22,24,35],"killed_by":"Sphere and 2 Shapes","ascension_level":0}}