{"host":"ravx05nawt015nhw","time":1609986024,"event":{"mods":["Astrologer","BaseMod","Hermit","Minty Spire (QoL Compilation)","StSLib","The Cursed"],"gold_per_floor":[113,131,203,203,222,256,256,288,313,313,383,395,427,446,446,542,542,561,580,127,147,147,147,180,194,194,220,235,252,3,32,32,135,135,149,1,51,0,0,0,29,29,29,29,29,29],"floor_reached":45,"playtime":2854,"items_purged":["hermit:Strike_Hermit","Decay"],"score":545,"play_id":"2561bf78-aa5e-4847-932f-a27db18c51b3","local_time":"20210106182024","is_ascension_mode":true,"campfire_choices":[{"data":"hermit:Snapshot","floor":7,"key":"SMITH"},{"floor":10,"key":"REST"},{"floor":15,"key":"REST"},{"floor":23,"key":"REST"},{"floor":32,"key":"REST"},{"data":"hermit:Ricochet","floor":40,"key":"SMITH"},{"data":"hermit:Roughhouse","floor":42,"key":"SMITH"}],"circlet_count":0,"master_deck":["hermit:Strike_Hermit+1","hermit:Strike_Hermit","hermit:Strike_Hermit+1","hermit:Defend_Hermit+1","hermit:Defend_Hermit","hermit:Defend_Hermit","hermit:Defend_Hermit","hermit:Snapshot+1","hermit:Covet+1","hermit:Brawl+1","hermit:GhostlyPresence","hermit:HoleUp","hermit:Midnight","hermit:Deadeye","hermit:GhostlyPresence","hermit:Roughhouse+1","hermit:CursedWeapon","hermit:BodyArmor+1","hermit:Ricochet+1","hermit:Spite","hermit:BodyArmor+1","CurseOfTheBell","hermit:Shortfuse","hermit:FlashPowder+1","hermit:Determination+1"],"relics":["hermit:Momento","Nunchaku","War Paint","Whetstone","Kunai","Turnip","Sozu","Regal Pillow","OrangePellets","Prayer Wheel","StrikeDummy","Ancient Tea Set","Akabeko","Blood Vial","Calling Bell","Omamori","Toxic Egg 2","Du-Vu Doll","Strange Spoon","Dead Branch","Red Mask","Gremlin Horn","Vajra","Ornamental Fan"],"acts_visited":["Exordium","TheCity","TheBeyond"],"potions_floor_usage":[8,8,8,8,12,16,21],"damage_taken":[{"damage":0,"enemies":"2 Louse","floor":1,"turns":3},{"damage":6,"enemies":"Jaw Worm","floor":2,"turns":5},{"damage":1,"enemies":"Cultist","floor":5,"turns":4},{"damage":45,"enemies":"Gremlin Nob","floor":6,"turns":5},{"damage":18,"enemies":"3 Sentries","floor":8,"turns":8},{"damage":4,"enemies":"Exordium Thugs","floor":12,"turns":3},{"damage":23,"enemies":"Gremlin Nob","floor":13,"turns":5},{"damage":0,"enemies":"Blue Slaver","floor":14,"turns":4},{"damage":8,"enemies":"Hexaghost","floor":16,"turns":8},{"damage":4,"enemies":"Shell Parasite","floor":18,"turns":5},{"damage":16,"enemies":"2 Thieves","floor":19,"turns":4},{"damage":20,"enemies":"Cultist and Chosen","floor":21,"turns":5},{"damage":9,"enemies":"Book of Stabbing","floor":24,"turns":7},{"damage":2,"enemies":"Centurion and Healer","floor":25,"turns":5},{"damage":30,"enemies":"Slavers","floor":27,"turns":8},{"damage":13,"enemies":"Shelled Parasite and Fungi","floor":28,"turns":4},{"damage":6,"enemies":"Snake Plant","floor":29,"turns":4},{"damage":8,"enemies":"Book of Stabbing","floor":31,"turns":5},{"damage":33,"enemies":"Champ","floor":33,"turns":11},{"damage":3,"enemies":"3 Shapes","floor":35,"turns":5},{"damage":2,"enemies":"Mind Bloom Boss Battle","floor":37,"turns":5},{"damage":30,"enemies":"Reptomancer","floor":41,"turns":6},{"damage":66,"enemies":"Nemesis","floor":45,"turns":6}],"seed_played":"254280354904236265","potions_obtained":[{"floor":5,"key":"hermit:Eclipse"},{"floor":6,"key":"EntropicBrew"},{"floor":13,"key":"BlessingOfTheForge"},{"floor":14,"key":"DuplicationPotion"}],"is_trial":false,"path_per_floor":["M","M","?","?","M","E","R","E","T","R","T","M","E","M","R","B",null,"M","M","$","M","?","R","E","M","T","E","M","M","$","E","R","B",null,"M","$","?","?","T","R","E","R","T","$","E"],"character_chosen":"HERMIT","items_purchased":["Regal Pillow","OrangePellets","hermit:CursedWeapon","Akabeko","Strange Spoon"],"campfire_rested":4,"item_purchase_floors":[20,20,20,30,36],"current_hp_per_floor":[82,76,76,76,75,30,30,12,12,36,36,32,9,9,33,25,82,78,62,62,42,42,81,72,70,70,40,27,21,21,13,52,21,82,79,79,79,79,79,79,51,51,51,51,0,0],"gold":29,"neow_bonus":"TEN_PERCENT_HP_BONUS","is_daily":false,"chose_seed":false,"campfire_upgraded":3,"win_rate":0.0,"timestamp":1609986024,"path_taken":["M","M","?","?","M","E","R","E","T","R","?","M","E","M","R","BOSS","M","M","$","M","?","R","E","M","T","E","M","M","$","E","R","BOSS","M","$","?","?","?","R","E","R","T","?","E"],"items_purchased_type":["Relic","Relic","Card","Relic","Relic"],"build_version":"2020-12-22","purchased_purges":2,"victory":false,"max_hp_per_floor":[82,82,82,82,82,82,82,82,82,82,82,82,82,82,82,82,82,82,82,82,82,82,82,82,82,82,82,82,82,82,82,82,82,82,82,82,82,82,82,82,82,82,82,82,82,82],"card_choices":[{"not_picked":["hermit:SprayPray","hermit:WideOpen"],"picked":"hermit:Brawl","floor":1},{"not_picked":["hermit:HighCaliber","hermit:TakeAim","hermit:ItchyTrigger"],"picked":"SKIP","floor":2},{"not_picked":["hermit:LowProfile","hermit:Virtue"],"picked":"hermit:GhostlyPresence","floor":5},{"not_picked":["hermit:Misfire","hermit:Desperado"],"picked":"hermit:HoleUp","floor":6},{"not_picked":["hermit:Brawl","hermit:Glare"],"picked":"hermit:Midnight","floor":8},{"not_picked":["hermit:GoldenBullet","hermit:Magnum"],"picked":"hermit:Deadeye","floor":12},{"not_picked":["hermit:Manifest","hermit:Maintenance","hermit:CalledShot"],"picked":"SKIP","floor":13},{"not_picked":["hermit:Misfire","hermit:TrackingShot"],"picked":"hermit:GhostlyPresence","floor":14},{"not_picked":["hermit:HeroicBravado","hermit:Gambit"],"picked":"hermit:Roughhouse","floor":16},{"not_picked":["hermit:ItchyTrigger","hermit:TrackingShot","hermit:Dive+1"],"picked":"SKIP","floor":18},{"not_picked":["hermit:HoleUp","hermit:Grudge+1","hermit:Scavenge"],"picked":"SKIP","floor":19},{"not_picked":["hermit:Manifest","hermit:HoleUp","hermit:Desperado"],"picked":"SKIP","floor":21},{"not_picked":["hermit:ShadowCloak","hermit:DeadMansHand","hermit:CalledShot"],"picked":"SKIP","floor":24},{"not_picked":["hermit:CalledShot","hermit:Manifest"],"picked":"hermit:BodyArmor+1","floor":25},{"not_picked":["hermit:Vantage","hermit:Roulette","hermit:GoldenBullet"],"picked":"SKIP","floor":25},{"not_picked":["hermit:Dive","hermit:DeadOrAlive","hermit:Grudge"],"picked":"SKIP","floor":27},{"not_picked":["hermit:Misfire","hermit:HoleUp+1"],"picked":"hermit:Ricochet","floor":28},{"not_picked":["hermit:CalledShot","hermit:LuckOfTheDraw+1"],"picked":"hermit:Spite","floor":28},{"not_picked":["hermit:GhostlyPresence","hermit:DeadMansHand"],"picked":"hermit:BodyArmor+1","floor":29},{"not_picked":["hermit:Glare","hermit:NoHoldsBarred","hermit:Grudge+1"],"picked":"SKIP","floor":29},{"not_picked":["hermit:CalledShot+1","hermit:BodyArmor","hermit:Scavenge"],"picked":"SKIP","floor":31},{"not_picked":["hermit:BodyArmor+1","hermit:TrackingShot+1"],"picked":"hermit:Shortfuse","floor":35},{"not_picked":["hermit:Showdown+1","hermit:Feint+1","hermit:Desperado+1"],"picked":"SKIP","floor":35},{"not_picked":["hermit:LowProfile+1","hermit:LoneWolf+1"],"picked":"hermit:FlashPowder+1","floor":37},{"not_picked":["hermit:Showdown+1","hermit:BodyArmor+1"],"picked":"hermit:Determination+1","floor":41}],"player_experience":1075950,"relics_obtained":[{"floor":6,"key":"Nunchaku"},{"floor":8,"key":"War Paint"},{"floor":9,"key":"Whetstone"},{"floor":11,"key":"Kunai"},{"floor":13,"key":"Turnip"},{"floor":24,"key":"Prayer Wheel"},{"floor":26,"key":"StrikeDummy"},{"floor":27,"key":"Ancient Tea Set"},{"floor":31,"key":"Blood Vial"},{"floor":34,"key":"Omamori"},{"floor":34,"key":"Toxic Egg 2"},{"floor":34,"key":"Du-Vu Doll"},{"floor":37,"key":"Dead Branch"},{"floor":39,"key":"Gremlin Horn"},{"floor":41,"key":"Vajra"},{"floor":43,"key":"Ornamental Fan"}],"event_choices":[{"damage_healed":0,"gold_gain":72,"player_choice":"Gained Gold","damage_taken":0,"max_hp_gain":0,"max_hp_loss":0,"event_name":"Golden Wing","floor":3,"gold_loss":0},{"damage_healed":0,"gold_gain":0,"player_choice":"Grow","damage_taken":0,"max_hp_gain":0,"max_hp_loss":0,"event_name":"Living Wall","floor":4,"gold_loss":0,"cards_upgraded":["hermit:Brawl"]},{"damage_healed":0,"gold_gain":0,"player_choice":"Smashed Altar","damage_taken":0,"max_hp_gain":0,"max_hp_loss":0,"event_name":"Forgotten Altar","floor":22,"gold_loss":0,"cards_obtained":["Decay"]},{"damage_healed":0,"gold_gain":0,"player_choice":"Fight","damage_taken":0,"max_hp_gain":0,"max_hp_loss":0,"event_name":"MindBloom","floor":37,"gold_loss":0},{"damage_healed":0,"gold_gain":0,"player_choice":"Paid","damage_taken":0,"relics_obtained":["Red Mask"],"max_hp_gain":0,"max_hp_loss":0,"event_name":"Tomb of Lord Red Mask","floor":38,"gold_loss":51}],"is_beta":false,"boss_relics":[{"not_picked":["Black Star","Philosopher\u0027s Stone"],"picked":"Sozu"},{"not_picked":["Velvet Choker","Runic Pyramid"],"picked":"Calling Bell"}],"items_purged_floors":[20,30],"is_endless":false,"potions_floor_spawned":[5,6,13,14,19,25,27,29,35,37],"killed_by":"Nemesis","ascension_level":1}}