{"host":"hxqmxu97ax4h93y4","time":1609979758,"event":{"mods":["BaseMod","Downfall","Hermit","Marisa????????","Minty Spire (QoL Compilation)","StSLib","The Animator","The Bug Knight","The Cursed","The Necromancer","The Runesmith"],"gold_per_floor":[113,113,13,13,13,13,47,47,118,118,144,144,163,173,173,274,274,286,297,222,239,139,173,173,190,263,279,279,279],"floor_reached":28,"playtime":2539,"items_purged":["TheCursedMod:Strike_TheCursed","TheCursedMod:Defend_TheCursed"],"score":246,"play_id":"f312f163-3199-4480-aea6-472bce41bc61","local_time":"20210106163558","is_ascension_mode":false,"campfire_choices":[{"data":"TheCursedMod:CursedAmulet","floor":6,"key":"SMITH"},{"floor":8,"key":"REST"},{"data":"TheCursedMod:Stigma","floor":10,"key":"SMITH"},{"floor":12,"key":"REST"},{"data":"TheCursedMod:SoulReap","floor":15,"key":"SMITH"},{"data":"TheCursedMod:ForbiddenAlchemy","floor":24,"key":"SMITH"}],"circlet_count":0,"master_deck":["TheCursedMod:Strike_TheCursed+1","TheCursedMod:Defend_TheCursed+1","TheCursedMod:CursedWand","TheCursedMod:CleanUpWorkshop","TheCursedMod:Dregs","TheCursedMod:CursedAmulet+1","TheCursedMod:Stigma+1","TheCursedMod:CursedBoomerang","TheCursedMod:SoulReap+1","TheCursedMod:VitalStrike","TheCursedMod:CircleOfCorruption","TheCursedMod:CircleOfBlood","TheCursedMod:ForbiddenAlchemy+1","TheCursedMod:CircleOfCorruption+1","TheCursedMod:SpitefulStrike+1","TheCursedMod:SpitefulStrike+1","TheCursedMod:SpreadPlague","TheCursedMod:DoubleShield","TheCursedMod:Obscuration","TheCursedMod:FleshFromBone+1","TheCursedMod:VoidForm"],"relics":["TheCursedMod:BlackMagic101","Happy Flower","Kunai","Letter Opener","Astrolabe","Matryoshka","Pantograph","Shuriken"],"acts_visited":["Exordium","TheCity"],"potions_floor_usage":[16,16,19,19,19,19,19,19,25,27,27,27,28],"damage_taken":[{"damage":3,"enemies":"2 Louse","floor":1,"turns":4},{"damage":42,"enemies":"Gremlin Nob","floor":7,"turns":5},{"damage":26,"enemies":"Lagavulin","floor":11,"turns":6},{"damage":0,"enemies":"Small Slimes","floor":13,"turns":2},{"damage":0,"enemies":"Jaw Worm","floor":14,"turns":2},{"damage":45,"enemies":"Hexaghost","floor":16,"turns":12},{"damage":17,"enemies":"Shell Parasite","floor":18,"turns":5},{"damage":15,"enemies":"2 Thieves","floor":19,"turns":3},{"damage":21,"enemies":"Chosen and Byrds","floor":21,"turns":6},{"damage":43,"enemies":"Book of Stabbing","floor":23,"turns":4},{"damage":30,"enemies":"Sentry and Sphere","floor":25,"turns":8},{"damage":43,"enemies":"Shelled Parasite and Fungi","floor":27,"turns":5},{"damage":0,"enemies":"Gremlin Leader","floor":28,"turns":1}],"seed_played":"-5676993512431615564","potions_obtained":[{"floor":11,"key":"Energy Potion"},{"floor":13,"key":"PowerPotion"},{"floor":14,"key":"Block Potion"},{"floor":16,"key":"FairyPotion"},{"floor":21,"key":"FairyPotion"},{"floor":23,"key":"DuplicationPotion"},{"floor":27,"key":"Ancient Potion"}],"is_trial":false,"path_per_floor":["M","?","$","?","?","R","E","R","T","R","E","R","M","M","R","B",null,"M","M","?","M","$","E","R","M","T","M","E"],"character_chosen":"THE_CURSED","items_purchased":["TheCursedMod:Stigma"],"campfire_rested":2,"item_purchase_floors":[3],"current_hp_per_floor":[79,63,63,68,68,68,26,52,52,52,26,52,57,57,57,23,87,70,64,64,50,50,18,18,24,24,28,28,28],"gold":279,"neow_bonus":"TEN_PERCENT_HP_BONUS","is_daily":false,"chose_seed":false,"campfire_upgraded":4,"win_rate":0.0,"timestamp":1609979758,"path_taken":["M","?","$","?","?","R","E","R","T","R","E","R","M","M","R","BOSS","M","M","?","M","$","E","R","M","T","M","E"],"items_purchased_type":["Card"],"build_version":"2020-12-22","purchased_purges":2,"victory":false,"max_hp_per_floor":[82,82,82,87,87,87,87,87,87,87,87,87,87,87,87,87,87,87,87,87,87,87,87,87,87,87,87,87,87],"card_choices":[{"not_picked":["TheCursedMod:TacticalStrike","TheCursedMod:Torture"],"picked":"TheCursedMod:CursedAmulet","floor":1},{"not_picked":["TheCursedMod:Mangle","TheCursedMod:SaltUponWound"],"picked":"TheCursedMod:SoulReap","floor":7},{"not_picked":["TheCursedMod:RapidMovement","TheCursedMod:CursedShiv"],"picked":"TheCursedMod:VitalStrike","floor":11},{"not_picked":["TheCursedMod:CollectTribute","TheCursedMod:ManaBullet"],"picked":"TheCursedMod:CircleOfCorruption","floor":13},{"not_picked":["TheCursedMod:CursedMace","TheCursedMod:RavingStaff"],"picked":"TheCursedMod:CircleOfBlood","floor":14},{"not_picked":["TheCursedMod:ManaCirculation","TheCursedMod:UltimatePain"],"picked":"TheCursedMod:ForbiddenAlchemy","floor":16},{"not_picked":["TheCursedMod:SpreadPlague","TheCursedMod:ManaBullet+1"],"picked":"TheCursedMod:SpitefulStrike+1","floor":18},{"not_picked":["TheCursedMod:SpitefulPlan+1","TheCursedMod:Wield"],"picked":"TheCursedMod:SpreadPlague","floor":19},{"not_picked":["TheCursedMod:Torture","TheCursedMod:SaltUponWound"],"picked":"TheCursedMod:DoubleShield","floor":21},{"not_picked":["TheCursedMod:VitalStrike","TheCursedMod:CursedBoomerang+1"],"picked":"TheCursedMod:Obscuration","floor":23},{"not_picked":["TheCursedMod:Stretching","TheCursedMod:WearCloak+1"],"picked":"TheCursedMod:FleshFromBone+1","floor":25},{"not_picked":["TheCursedMod:Evocation","TheCursedMod:CursedBlade"],"picked":"TheCursedMod:VoidForm","floor":27}],"player_experience":30905,"relics_obtained":[{"floor":7,"key":"Happy Flower"},{"floor":9,"key":"Kunai"},{"floor":11,"key":"Letter Opener"},{"floor":23,"key":"Matryoshka"},{"floor":26,"key":"Pantograph"},{"floor":26,"key":"Shuriken"}],"event_choices":[{"damage_healed":0,"gold_gain":0,"player_choice":"Entered Light","damage_taken":16,"max_hp_gain":0,"max_hp_loss":0,"event_name":"Shining Light","floor":2,"gold_loss":0,"cards_upgraded":["TheCursedMod:Strike_TheCursed","TheCursedMod:Defend_TheCursed"]},{"damage_healed":0,"gold_gain":0,"player_choice":"Donut","damage_taken":0,"max_hp_gain":5,"max_hp_loss":0,"event_name":"Big Fish","floor":4,"gold_loss":0},{"damage_healed":0,"gold_gain":0,"cards_transformed":["TheCursedMod:Strike_TheCursed"],"player_choice":"Change","damage_taken":0,"max_hp_gain":0,"max_hp_loss":0,"event_name":"Living Wall","floor":5,"gold_loss":0,"cards_obtained":["TheCursedMod:CursedBoomerang"]},{"cards_removed":["TheCursedMod:PrepareRite"],"damage_healed":0,"gold_gain":0,"player_choice":"Gave Gold","damage_taken":0,"max_hp_gain":0,"max_hp_loss":0,"event_name":"Beggar","floor":20,"gold_loss":75}],"is_beta":false,"boss_relics":[{"not_picked":["Snecko Eye","Tiny House"],"picked":"Astrolabe"}],"items_purged_floors":[3,22],"is_endless":false,"potions_floor_spawned":[11,13,14,16,21,23,27],"killed_by":"Gremlin Leader","ascension_level":0}}