{"host":"pf9sh7nh6rpu9sau","time":1609979129,"event":{"mods":["2.2 Compatiblity","BaseMod","BetterRewards","Clockwork Mod","Downfall","Hermit","Mad Scientist","Minty Spire (QoL Compilation)","Permanent Neow","Quick Restart","Replay The Spire","Somnambulant","StSLib","The Clintock","The Cursed","The Disciple","The Hierophant","The Necromancer","The Runesmith"],"gold_per_floor":[114,2,2,2,21,21,70,104,130,175,204,253,292,315,315,325,325],"floor_reached":16,"playtime":1758,"items_purged":[],"score":137,"play_id":"4a430121-58a4-4f81-b0a5-6e7e88ac1707","local_time":"20210106192529","is_ascension_mode":false,"campfire_choices":[{"data":"Clockwork:Handicap","floor":6,"key":"SMITH"},{"data":"Clockwork:CraftVarja","floor":15,"key":"SMITH"}],"circlet_count":0,"master_deck":["Clockwork:Strike","Clockwork:Strike","Clockwork:Strike","Clockwork:Strike","Clockwork:Shield","Clockwork:Shield","Clockwork:Shield","Clockwork:Shield","Clockwork:Tinker","Clockwork:WarmUp","Clockwork:AdaptiveShield","Clockwork:RevUp","Clockwork:TiltAWhirl","Clockwork:SystemHardening","Clockwork:Pluck","Clockwork:StasisBreak","Pot Of Greed","Pot Of Greed","Clockwork:Pluck","Clockwork:CraftVarja+1"],"relics":["Clockwork:MomentumEngine","NeowsBlessing","Golden Idol","Bag of Marbles","Replay:Bandana","ReplayTheSpireMod:TigerMarble","Grinning Jar"],"acts_visited":["Exordium"],"potions_floor_usage":[13,13,16],"damage_taken":[{"damage":0,"enemies":"2 Louse","floor":1,"turns":2},{"damage":0,"enemies":"Jaw Worm","floor":5,"turns":1},{"damage":0,"enemies":"3 Sentries","floor":8,"turns":2},{"damage":0,"enemies":"Small Slimes","floor":10,"turns":3},{"damage":0,"enemies":"Blue Slaver","floor":11,"turns":8},{"damage":16,"enemies":"Gremlin Nob","floor":12,"turns":5},{"damage":0,"enemies":"3 Louse","floor":13,"turns":5},{"damage":7,"enemies":"Lots of Slimes","floor":14,"turns":7},{"damage":45,"enemies":"Slime Boss","floor":16,"turns":6}],"seed_played":"-8319555804589847899","potions_obtained":[{"floor":8,"key":"SpeedPotion"},{"floor":10,"key":"Energy Potion"},{"floor":14,"key":"Swift Potion"}],"is_trial":false,"path_per_floor":["M","$","?","?","M","R","T","E","T","M","M","E","M","M","R","B"],"character_chosen":"CLOCKWORK","items_purchased":["Clockwork:RevUp","Clockwork:TiltAWhirl"],"campfire_rested":0,"item_purchase_floors":[2,2],"current_hp_per_floor":[85,85,85,64,64,64,64,64,64,64,64,48,48,41,41,0,0],"gold":325,"neow_bonus":"THREE_ENEMY_KILL","is_daily":false,"chose_seed":false,"campfire_upgraded":2,"win_rate":0.0,"timestamp":1609979129,"path_taken":["M","$","?","?","M","R","?","E","T","?","M","E","M","M","R","BOSS"],"items_purchased_type":["Card","Card"],"build_version":"2020-12-22","purchased_purges":0,"victory":false,"max_hp_per_floor":[85,85,85,85,85,85,85,85,85,85,85,85,85,85,85,85,85],"card_choices":[{"not_picked":["Clockwork:ReserveSystems","Clockwork:Improve"],"picked":"Clockwork:AdaptiveShield","floor":1},{"not_picked":["Clockwork:ChargingShield","Clockwork:HoardingStrike"],"picked":"Clockwork:SystemHardening","floor":5},{"not_picked":["Clockwork:Redundancy","Clockwork:SearingStrike"],"picked":"Clockwork:Pluck","floor":8},{"not_picked":["Clockwork:FalseStart","Clockwork:TestingEnvironment"],"picked":"Clockwork:StasisBreak","floor":10},{"not_picked":["Clockwork:ChargingBlade","Clockwork:Clone","Clockwork:SystemHardening"],"picked":"SKIP","floor":11},{"not_picked":["Clockwork:AdaptiveShield","Clockwork:SearchingStrike"],"picked":"Clockwork:Pluck","floor":12},{"not_picked":["Clockwork:SystemScan","Clockwork:SearchingStrike","Clockwork:Friction"],"picked":"SKIP","floor":13},{"not_picked":["Clockwork:ReserveSystems","Clockwork:SnapKeep"],"picked":"Clockwork:CraftVarja","floor":14}],"player_experience":774276,"relics_obtained":[{"floor":7,"key":"Bag of Marbles"},{"floor":8,"key":"Replay:Bandana"},{"floor":9,"key":"ReplayTheSpireMod:TigerMarble"},{"floor":12,"key":"Grinning Jar"}],"event_choices":[{"damage_healed":0,"gold_gain":0,"player_choice":"Ignored","damage_taken":0,"max_hp_gain":0,"max_hp_loss":0,"event_name":"Liars Game","floor":3,"gold_loss":0},{"damage_healed":0,"gold_gain":0,"player_choice":"Take Damage","damage_taken":21,"relics_obtained":["Golden Idol"],"max_hp_gain":0,"max_hp_loss":0,"event_name":"Golden Idol","floor":4,"gold_loss":0}],"is_beta":false,"boss_relics":[],"items_purged_floors":[],"is_endless":false,"potions_floor_spawned":[8,10,14],"killed_by":"Slime Boss","ascension_level":0}}