{"host":"vddkjx04kiwje1tk","time":1609996307,"event":{"mods":["AchievementEnabler","BaseMod","Colored Map","Minty Spire (QoL Compilation)","Quick Restart","SuperFastMode"],"gold_per_floor":[113,113,113,133,133,133,133,164,188,113,113,113],"floor_reached":11,"playtime":57,"items_purged":["Strike_R"],"score":127,"play_id":"586f1423-e784-4001-a863-608ee5310ae5","local_time":"20210107141147","is_ascension_mode":true,"campfire_choices":[{"data":"Bash","floor":6,"key":"SMITH"}],"circlet_count":0,"master_deck":["Strike_R","Strike_R","Strike_R+1","Strike_R","Defend_R","Defend_R+1","Defend_R","Defend_R","Bash+1","Flex","Shockwave","Heavy Blade"],"relics":["Burning Blood","NeowsBlessing","Oddly Smooth Stone","Pear","Dream Catcher","Boot"],"acts_visited":["Exordium"],"potions_floor_usage":[],"damage_taken":[{"damage":0,"enemies":"Jaw Worm","floor":1,"turns":1},{"damage":0,"enemies":"Small Slimes","floor":4,"turns":1},{"damage":0,"enemies":"Gremlin Nob","floor":8,"turns":1},{"damage":0,"enemies":"3 Sentries","floor":11,"turns":1}],"seed_played":"82407721979352694","potions_obtained":[{"floor":1,"key":"PowerPotion"},{"floor":8,"key":"Energy Potion"}],"is_trial":false,"path_per_floor":["M","?","?","M","?","R","T","E","T","$","E"],"character_chosen":"IRONCLAD","items_purchased":[],"campfire_rested":0,"item_purchase_floors":[],"current_hp_per_floor":[78,78,62,68,65,65,75,81,81,81,81,81],"gold":113,"neow_bonus":"THREE_ENEMY_KILL","is_daily":false,"chose_seed":false,"campfire_upgraded":1,"win_rate":0.0,"timestamp":1609996307,"path_taken":["M","?","?","?","?","R","?","E","T","$","E"],"items_purchased_type":[],"build_version":"2020-12-22","purchased_purges":1,"victory":false,"max_hp_per_floor":[80,80,80,80,80,80,90,90,90,90,90,90],"card_choices":[{"not_picked":["Rupture","Flame Barrier"],"picked":"Flex","floor":1},{"not_picked":["Iron Wave","Clothesline"],"picked":"Shockwave","floor":4},{"not_picked":["Sword Boomerang","Headbutt"],"picked":"Heavy Blade","floor":8}],"player_experience":245972,"relics_obtained":[{"floor":7,"key":"Pear"},{"floor":8,"key":"Dream Catcher"},{"floor":9,"key":"Boot"}],"event_choices":[{"damage_healed":0,"gold_gain":0,"player_choice":"Ignored","damage_taken":0,"max_hp_gain":0,"max_hp_loss":0,"event_name":"Liars Game","floor":2,"gold_loss":0},{"damage_healed":0,"gold_gain":0,"player_choice":"Entered Light","damage_taken":16,"max_hp_gain":0,"max_hp_loss":0,"event_name":"Shining Light","floor":3,"gold_loss":0,"cards_upgraded":["Defend_R","Strike_R"]},{"damage_healed":0,"gold_gain":0,"player_choice":"Success","damage_taken":3,"relics_obtained":["Oddly Smooth Stone"],"max_hp_gain":0,"max_hp_loss":0,"event_name":"Scrap Ooze","floor":5,"gold_loss":0}],"is_beta":false,"boss_relics":[],"items_purged_floors":[10],"is_endless":false,"potions_floor_spawned":[1,8],"killed_by":"3 Sentries","ascension_level":7}}