{"host":"kv06jx36eid0zw4n","time":1609983742,"event":{"mods":["AchievementEnabler","Act Like it!","Aspiration","BaseMod","Beaked The Cultist","Better Note","Better Skull","Better Third Choice","BetterRewards","Block Reminder","CCEM","Colored Map","Conspire","Curses Come First","Dota2Spire","Elementarium","Energized Spire","Friendly Minions","Gensokyo","GifTheSpireLib","Glutton Mod","GungeonMod","Halation","Hallownest","Hermit","Hubris","Infinite Spire","Key Reminder","KomeijiMod","Lobotomy","LobotomyExtend","Menagerie","Mimic Mod","Minty Spire (QoL Compilation)","MostiFishMod","Pale of the Ancients","Quarter Circle Forward PUNCH!","Rare Cards Sparkle","Replay The Spire","RumiaBox-????????","Small Relic Pack","Spicy Shops","StSLib","Stuff the Spire","The Blue Laboratory","The Cursed","The Factory","Trackpad","Uncapped","Wandering Minibosses","[IsaacMod]????","vexMod"],"gold_per_floor":[114,214,225,236,250,270,296,296,331,331,331,331,331,365,365,438,438,452,452,452,462,474,504,539,571,571,571,571,596,22,39,39,115,115,125,125,139,153,165,200,200,236,236,236,247,247,260,260,260,260,276,290,290,590,590,600,600,626,626,626],"floor_reached":61,"playtime":4993,"items_purged":[],"score":2686,"play_id":"037e8c85-8126-4eba-8723-6e83f19da0db","local_time":"20210107024222","is_ascension_mode":true,"campfire_choices":[{"floor":8.0,"key":"RECALL"},{"data":"Corruption","floor":10.0,"key":"SMITH"},{"data":"Inflame","floor":12.0,"key":"SMITH"},{"floor":15.0,"key":"REST"},{"data":"Spot Weakness","floor":32.0,"key":"SMITH"},{"data":"Limit Break","floor":41,"key":"SMITH"},{"data":"Armaments","floor":44,"key":"SMITH"},{"data":"hubris:Rewind","floor":49,"key":"SMITH"},{"data":"Armaments","floor":55,"key":"SMITH"},{"data":"Armaments","floor":57,"key":"SMITH"}],"circlet_count":0,"master_deck":["AscendersBane","Strike_R","Strike_R+1","Defend_R","Defend_R","Defend_R","Defend_R","Bash","EpicFetus+1","Anger","Spot Weakness+1","Headbutt","Inflame+1","Combust","Corruption+1","StuffTheSpire:Resist","Seeing Red","Barricade","RidiculousThoughts","Inflame","Disarm","Seeing Red+1","Spot Weakness+1","hubris:ReadiedAction","StuffTheSpire:Resist","ReplayTheSpireMod:Limb From Limb+1","Ghostly Armor","Replay:Undeath\u0027s Touch","Gensokyo:BlemishedSteel","MostiFishMod:#F4004","Berserk+1","Reaper","Juggernaut","hubris:ReadiedAction","Masterful Stab","Underhanded Strike","StuffTheSpire:ClusterCrunch","Armaments+1","Metallicize","Armaments+1","Limit Break+1","Pummel+1","ReplayTheSpireMod:Limb From Limb","MostiFishMod:BrokenBlackCloak","hubris:Insight","Heavy Blade+1","hubris:Rewind+1","Rupture+1","Anger+1","Heavy Blade","Headbutt","Warcry","hubris:ReadiedAction","Rupture","Discovery","MostiFishMod:PerfectForm+1","Armaments+1","Anger"],"relics":["Burning Blood","DaveBox","HushsDoor","FeatherPendant","BookofShadows","aspiration:Nostalgia","TheCursedMod:BlackMagic101","SynthV:TestCard","LetterFromLob","White Beast Statue","Bag of Preparation","Moonlight_r","Gremlin Food","Dota2Spire:ArcaneBoots","Replay:Bottled Snecko","trackpad:DemonHeart","OriginationStaff","CCEMRelics:Sandal","Dota2Spire:AssaultCuirass","Dota2Spire:LinkenSphere","vexMod:CursedCompass","DemoMod:PinkGuonStone","StuffTheSpire:OldFever","Toolbox","ChiLing","Chi","Ling","SlaversCollar","trackpad:SappingStone","TheBean","CCEMRelics:Barrel","paleoftheancients:Timepiece","paleoftheancients:KeyRelic","CultistMask","paleoftheancients:SoulOfTheShapes","halation:EternalFortune","hubris:NiceRug","Dota2Spire:Vanguard","SatanicBible","Dota2Spire:PowerTreads","DemoMod:MemoryAlloy","BrkXgEgg","DemoMod:GlassGuonStoneRelic","StuffTheSpire:Mouthbags"],"acts_visited":["Hallownest:Greenpath","Gensokyo:Gensokyoer","TheBeyond","paleoftheancients:PaleOfTheAncients"],"potions_floor_usage":[38,42,50,52,60,60],"damage_taken":[{"damage":0.0,"enemies":"Hallownest:monsterHuskWarrior","floor":1.0,"turns":2.0},{"damage":3.0,"enemies":"Hallownest:2_Baldur","floor":3.0,"turns":3.0},{"damage":0.0,"enemies":"2_ Uuma","floor":4.0,"turns":3.0},{"damage":2.0,"enemies":"Hallownest:2_Tiktiks_1_Baldur_1_Crawlid","floor":5.0,"turns":4.0},{"damage":0.0,"enemies":"Hallownest:monsterAspidMother","floor":6.0,"turns":2.0},{"damage":0.0,"enemies":"Hallownest:eliteCrystalGuardian","floor":7.0,"turns":2.0},{"damage":0.0,"enemies":"Hallownest:1_Ooma_and_2_Uuma","floor":9.0,"turns":3.0},{"damage":4.0,"enemies":"Hallownest:eliteMossKnight","floor":14.0,"turns":3.0},{"damage":0.0,"enemies":"Hallownest:BossFalseKnight","floor":16.0,"turns":2.0},{"damage":0.0,"enemies":"Gensokyo:AngelMirror","floor":18.0,"turns":1.0},{"damage":0.0,"enemies":"Gensokyo:2_Gloops","floor":21.0,"turns":4.0},{"damage":0.0,"enemies":"Gensokyo:Monolith_and_Dog","floor":22.0,"turns":1.0},{"damage":0.0,"enemies":"Gensokyo:Tenshi","floor":23.0,"turns":1.0},{"damage":30.0,"enemies":"Nightmare","floor":25.0,"turns":6.0},{"damage":0.0,"enemies":"Gensokyo:Reisen","floor":29.0,"turns":3.0},{"damage":0.0,"enemies":"Gensokyo:Wraith","floor":31.0,"turns":2.0},{"damage":0.0,"enemies":"Gensokyo:Eiki","floor":33.0,"turns":2.0},{"damage":5.0,"enemies":"3 Shapes","floor":35.0,"turns":3.0},{"damage":4,"enemies":"Orb Walker","floor":37,"turns":2},{"damage":2,"enemies":"Jaw Worm Horde","floor":38,"turns":1},{"damage":4,"enemies":"4 Shapes","floor":39,"turns":3},{"damage":2,"enemies":"Nightmare","floor":40,"turns":3},{"damage":0,"enemies":"R_Hoarder","floor":42,"turns":2},{"damage":0,"enemies":"Maw","floor":45,"turns":2},{"damage":0,"enemies":"3 Darklings","floor":47,"turns":2},{"damage":0,"enemies":"Donu and Deca","floor":50,"turns":2},{"damage":0,"enemies":"Donu and Deca","floor":51,"turns":2},{"damage":5,"enemies":"Donu and Deca","floor":52,"turns":3},{"damage":10,"enemies":"hubris:Merchant","floor":54,"turns":5},{"damage":2,"enemies":"hubris:Merchant","floor":56,"turns":2},{"damage":0,"enemies":"Delirium","floor":60,"turns":3}],"seed_played":"-7615984159279402051","potions_obtained":[{"floor":7.0,"key":"blueLaboratory:PyrophylliteBrew"},{"floor":9.0,"key":"Dexterity Potion"},{"floor":14.0,"key":"blueLaboratory:ExaltedPotion"},{"floor":16.0,"key":"SkillPotion"},{"floor":18.0,"key":"FearPotion"},{"floor":21.0,"key":"SkillPotion"},{"floor":23.0,"key":"blueLaboratory:FruitPunch"},{"floor":25.0,"key":"Strength Potion"},{"floor":29.0,"key":"FearPotion"},{"floor":31.0,"key":"DuplicationPotion"},{"floor":33.0,"key":"blueLaboratory:RememoryPotion"},{"floor":35.0,"key":"ColorlessPotion"},{"floor":37,"key":"blueLaboratory:FruitPunch"},{"floor":38,"key":"LiquidMemories"},{"floor":39,"key":"Doom Potion"},{"floor":42,"key":"Reflective Coating"},{"floor":45,"key":"Dota2Spire:HealingSalve"},{"floor":47,"key":"Adrenaline Potion"},{"floor":51,"key":"AttackPotion"},{"floor":52,"key":"BlessingOfTheForge"},{"floor":54,"key":"blueLaboratory:LimitlessPotion"}],"is_trial":false,"path_per_floor":["M","?","M","M","M","M","E","R","MIM","R","M","R","?","E","R","B",null,"M","?","?","M","M","E","?","NM","T","AVR","?","E","COS","M","R","B",null,"M","?","M","M","M","NM","R","E","T","R","M","?","M","AVR","R_BF","B","M","M","?","$","R","M","R","T","?","B",null],"character_chosen":"IRONCLAD","items_purchased":["RidiculousThoughts"],"campfire_rested":1,"item_purchase_floors":[17],"current_hp_per_floor":[74,74,75,75,75,75,75,75,75,75,46,46,9,11,33,39,63,69,69,69,71,71,71,48,26,26,33,33,39,39,45,45,51,73,74,74,76,82,82,82,82,82,82,82,82,72,78,78,78,82,82,82,85,85,85,85,85,85,85,85],"gold":626,"neow_bonus":"NOSTALGIA","is_daily":false,"chose_seed":false,"campfire_upgraded":8,"win_rate":0.0,"timestamp":1609983742,"path_taken":["M","?","M","?","M","?","E","R","MIM","R","M","R","?","E","R","BOSS","M","?","?","M","?","E","?","NM","T","AVR","?","E","COS","M","R","BOSS","M","?","M","?","M","NM","R","E","T","R","M","?","M","AVR","R_BF","BOSS","M","M","?","$","R","M","R","T","?","BOSS"],"items_purchased_type":["Card"],"build_version":"2020-12-22","purchased_purges":0,"victory":true,"max_hp_per_floor":[75,75,75,75,75,75,75,75,75,75,75,75,75,75,75,75,71,71,71,71,71,71,71,71,73,73,80,80,80,80,80,80,80,80,80,80,80,82,82,82,82,82,82,82,82,82,82,82,82,82,82,82,85,85,85,85,85,85,85,85],"card_choices":[{"not_picked":[],"picked":"EpicFetus","floor":0.0},{"not_picked":["Clash","StuffTheSpire:Incineration"],"picked":"Anger","floor":1.0},{"not_picked":["Replay:Undeath\u0027s Touch","hubris:ReadiedAction","conspire:Charge","ReplayTheSpireMod:LeadingStrike"],"picked":"Spot Weakness","floor":2.0},{"not_picked":["hubris:CleavingFinish","Hemokinesis","Shrug It Off","Dual Wield"],"picked":"Headbutt","floor":3.0},{"not_picked":["Sever Soul","StuffTheSpire:Incineration","Combust","Ghostly Armor"],"picked":"Anger","floor":4.0},{"not_picked":["hubris:SharpeningStone","Headbutt","Abandon","Bloodletting"],"picked":"Inflame","floor":5.0},{"not_picked":["Hemokinesis","MostiFishMod:BrandingRite","Havoc","Abandon"],"picked":"Combust","floor":6.0},{"not_picked":["Thunderclap","Flex","ReplayTheSpireMod:LeadingStrike","Fire Breathing"],"picked":"Corruption","floor":7.0},{"not_picked":["Perfected Strike","Shrug It Off","Replay:Undeath\u0027s Touch","Bludgeon"],"picked":"StuffTheSpire:Resist","floor":9.0},{"not_picked":["Clash","Defy Death","Second Wind","Reckless Charge"],"picked":"Seeing Red","floor":14.0},{"not_picked":["MostiFishMod:404NotFound","MostiFishMod:PerfectStrikeMKII","StuffTheSpire:TitanForm","MostiFishMod:WingOfPhoenix"],"picked":"Barricade","floor":16.0},{"not_picked":["Sentinel","hubris:SharpeningStone","StuffTheSpire:Slingshot+1","Sword Boomerang"],"picked":"Inflame","floor":18.0},{"not_picked":["Life Link","Body Slam","StuffTheSpire:Resist","Cleave"],"picked":"Disarm","floor":21.0},{"not_picked":["Defy Death","hubris:SharpeningStone","Headbutt","Cleave+1"],"picked":"Seeing Red+1","floor":22.0},{"not_picked":["Havoc","Fire Breathing","Immolate","Warcry"],"picked":"Spot Weakness","floor":23.0},{"not_picked":["Run Through","Thunderclap","ReplayTheSpireMod:Strike From Hell+1","Iron Wave"],"picked":"hubris:ReadiedAction","floor":24.0},{"not_picked":["Shrug It Off+1","MostiFishMod:BrandingRite","StuffTheSpire:Incineration","Sever Soul"],"picked":"StuffTheSpire:Resist","floor":24.0},{"not_picked":["Wild Strike","Sever Soul","Intimidate+1","MostiFishMod:#F4004"],"picked":"ReplayTheSpireMod:Limb From Limb+1","floor":25.0},{"not_picked":["MostiFishMod:RainCloud","Wild Strike","conspire:Charge+1","Abandon"],"picked":"Replay:Undeath\u0027s Touch","floor":29.0},{"not_picked":["Warcry+1","Pommel Strike","Perfected Strike","Flex+1"],"picked":"MostiFishMod:#F4004","floor":31.0},{"not_picked":["MostiFishMod:CullingBlade+1","MostiFishMod:FlyOverUtopia+1","Eclipse+1","StuffTheSpire:TitanForm+1"],"picked":"Berserk+1","floor":33.0},{"not_picked":["conspire:HitWhereItHurts","Brutality","Feed","Exhume"],"picked":"Reaper","floor":33.0},{"not_picked":["MostiFishMod:PerfectStrikeMKII","Offering","Eclipse","MostiFishMod:CullingBlade"],"picked":"Juggernaut","floor":33.0},{"not_picked":["Wild Strike","StuffTheSpire:Slingshot+1","Massacre","Warcry"],"picked":"hubris:ReadiedAction","floor":35.0},{"not_picked":["hubris:SharpeningStone","Battle Trance","MostiFishMod:404NotFound","Seeing Red"],"picked":"Armaments","floor":37},{"not_picked":["Combust","Iron Wave+1","Hemokinesis","Clothesline+1"],"picked":"Metallicize","floor":38},{"not_picked":["Ghostly Armor","Flex","Carnage+1","Thunderclap"],"picked":"Armaments","floor":39},{"not_picked":["Heavy Blade","Clothesline","ReplayReversal","Shrug It Off"],"picked":"Limit Break","floor":40},{"not_picked":["Perfected Strike","MostiFishMod:RainCloud","Armaments","True Grit+1"],"picked":"Pummel+1","floor":42},{"not_picked":["Uppercut","Massacre+1","Clothesline","Anger+1"],"picked":"ReplayTheSpireMod:Limb From Limb","floor":45},{"not_picked":["conspire:Banana","Replay:Parry","Sadistic Nature","DemoMod:Deposit"],"picked":"MostiFishMod:BrokenBlackCloak","floor":46},{"not_picked":["DemoMod:Deposit","HandOfGreed","The Bomb","ReplayTheSpireMod:Trickstab"],"picked":"hubris:Insight","floor":46},{"not_picked":["DemoMod:Spice","vexMod:EmailVexCard","SuicideKing","GradualImprovement"],"picked":"Bomb","floor":46},{"not_picked":["Flex","Iron Wave","Twin Strike","Wild Strike"],"picked":"Heavy Blade+1","floor":47},{"not_picked":["Disarm","Wild Strike","Run Through","Clash"],"picked":"Rupture+1","floor":51},{"not_picked":["Battle Trance","Bloodletting+1","Iron Wave","Run Through"],"picked":"Anger+1","floor":52},{"not_picked":[],"picked":"Heavy Blade","floor":54},{"not_picked":[],"picked":"Headbutt","floor":54},{"not_picked":[],"picked":"Warcry","floor":54},{"not_picked":[],"picked":"hubris:ReadiedAction","floor":54},{"not_picked":[],"picked":"Rupture","floor":54},{"not_picked":[],"picked":"Discovery","floor":54},{"not_picked":[],"picked":"MostiFishMod:PerfectForm+1","floor":54},{"not_picked":["Entrench","Sentinel","Twin Strike","Clothesline+1"],"picked":"Armaments","floor":56}],"player_experience":1623652,"relics_obtained":[{"floor":1.0,"key":"SynthV:TestCard"},{"floor":1.0,"key":"LetterFromLob"},{"floor":7.0,"key":"White Beast Statue"},{"floor":9.0,"key":"Bag of Preparation"},{"floor":14.0,"key":"Replay:Bottled Snecko"},{"floor":23.0,"key":"OriginationStaff"},{"floor":24.0,"key":"CCEMRelics:Sandal"},{"floor":25.0,"key":"Dota2Spire:AssaultCuirass"},{"floor":26.0,"key":"Dota2Spire:LinkenSphere"},{"floor":29.0,"key":"StuffTheSpire:OldFever"},{"floor":40,"key":"TheBean"},{"floor":42,"key":"CCEMRelics:Barrel"},{"floor":51,"key":"paleoftheancients:SoulOfTheShapes"},{"floor":54,"key":"Dota2Spire:Vanguard"},{"floor":54,"key":"SatanicBible"},{"floor":54,"key":"Dota2Spire:PowerTreads"},{"floor":54,"key":"DemoMod:MemoryAlloy"},{"floor":54,"key":"BrkXgEgg"},{"floor":56,"key":"paleoftheancients:SoulOfTheHexaghost"},{"floor":58,"key":"StuffTheSpire:Mouthbags"}],"event_choices":[{"damage_healed":0.0,"max_hp_gain":0.0,"max_hp_loss":0.0,"gold_gain":0.0,"event_name":"betterSkull:BetterSkull","player_choice":"RE RE ","floor":13.0,"gold_loss":0.0,"damage_taken":41.0,"cards_upgraded":[],"relics_obtained":["Gremlin Food","Dota2Spire:ArcaneBoots"]},{"damage_healed":0,"gold_gain":0,"player_choice":"Memory 3","damage_taken":10,"max_hp_gain":0,"max_hp_loss":0,"event_name":"SensoryStone","floor":46,"gold_loss":0}],"is_beta":false,"boss_relics":[{"not_picked":["Replay:Cursed D8","ReplayTheSpireMod:SealedPack"],"picked":"trackpad:DemonHeart"},{"not_picked":[]},{"not_picked":["Ring of Chaos","energizedSpire:SpiderWeb"],"picked":"SlaversCollar"},{"not_picked":[]}],"items_purged_floors":[],"is_endless":false,"potions_floor_spawned":[7,9,14,16,18,21,22,23,25,29,31,33,35,37,38,39,40,42,45,47,51,52,54,56],"ascension_level":17}}