{"host":"yb8bkkdvr1qiclnk","time":1609987350,"event":{"mods":["BaseMod","Colored Map","Colored Powertips","DeckTracker","Faster Ascension Climbing","Highlight Path","Minty Spire (QoL Compilation)","Quick Restart","Relic Stats","UnlockEverythingMod"],"gold_per_floor":[16,33,51,69,44,44,70,70,93,18,29,29,29,29,29,106,106,124,124,16,16,30,30,30,30,30],"floor_reached":25,"playtime":1690,"items_purged":["Strike_G"],"score":398,"play_id":"d947e987-4dce-42c1-a229-a680f0ac3aae","local_time":"20210106214230","is_ascension_mode":true,"campfire_choices":[{"data":"Envenom","floor":6,"key":"SMITH"},{"floor":8,"key":"REST"},{"data":"Catalyst","floor":12,"key":"SMITH"},{"data":"Neutralize","floor":15,"key":"SMITH"},{"floor":23,"key":"REST"}],"circlet_count":0,"master_deck":["AscendersBane","Strike_G","Defend_G","Defend_G","Defend_G","Defend_G","Survivor","Neutralize+1","Envenom+1","Dodge and Roll","Quick Slash","Catalyst+1","Bane","Backflip","Sucker Punch","Tools of the Trade","A Thousand Cuts+1","All Out Attack+1","After Image+1","Poisoned Stab","PiercingWail","Dodge and Roll","Ghostly","Ghostly","Ghostly"],"relics":["Ring of the Snake","Nunchaku","Centennial Puzzle","Astrolabe"],"acts_visited":["Exordium","TheCity"],"potions_floor_usage":[7,11,18],"damage_taken":[{"damage":1,"enemies":"Cultist","floor":1,"turns":4},{"damage":3,"enemies":"Jaw Worm","floor":2,"turns":6},{"damage":0,"enemies":"2 Louse","floor":3,"turns":5},{"damage":0,"enemies":"Looter","floor":4,"turns":4},{"damage":27,"enemies":"Gremlin Nob","floor":7,"turns":4},{"damage":8,"enemies":"Gremlin Gang","floor":11,"turns":4},{"damage":23,"enemies":"Hexaghost","floor":16,"turns":9},{"damage":19,"enemies":"Spheric Guardian","floor":18,"turns":6},{"damage":37,"enemies":"3 Byrds","floor":22,"turns":5},{"damage":27,"enemies":"Centurion and Healer","floor":25,"turns":4}],"seed_played":"1955958038207201440","potions_obtained":[{"floor":1,"key":"AttackPotion"},{"floor":3,"key":"AttackPotion"},{"floor":7,"key":"AttackPotion"},{"floor":22,"key":"GamblersBrew"}],"is_trial":false,"path_per_floor":["M","M","M","M","$","R","E","R","T","$","M","R","?","?","R","B",null,"M","?","$","$","M","R","?","M"],"character_chosen":"THE_SILENT","items_purchased":["Bane","PiercingWail","DuplicationPotion"],"campfire_rested":2,"item_purchase_floors":[5,20,20],"current_hp_per_floor":[58,55,55,55,55,55,28,47,47,47,39,39,39,44,44,21,59,40,40,40,40,3,24,24,0,0],"gold":30,"neow_bonus":"THREE_RARE_CARDS","is_daily":false,"chose_seed":false,"campfire_upgraded":3,"win_rate":0.0,"timestamp":1609987350,"path_taken":["M","M","M","M","$","R","E","R","T","$","M","R","?","?","R","BOSS","M","?","?","$","?","R","?","M"],"items_purchased_type":["Card","Card","Potion"],"build_version":"2020-12-22","purchased_purges":1,"victory":false,"max_hp_per_floor":[66,66,66,66,66,66,66,66,66,66,66,66,66,71,71,71,71,71,71,71,71,71,71,35,35,35],"relic_stats":{"Nunchaku":[4],"Centennial Puzzle":[15],"counters":[10,51],"Astrolabe":["A Thousand Cuts","All Out Attack","After Image"],"obtain_stats":[{"Nunchaku":7,"Centennial Puzzle":9,"Astrolabe":17,"Ring of the Snake":0},{"Nunchaku":5,"Centennial Puzzle":5,"Astrolabe":7,"Ring of the Snake":0},{"Nunchaku":23,"Centennial Puzzle":23,"Astrolabe":36,"Ring of the Snake":0}],"Ring of the Snake":[20]},"card_choices":[{"not_picked":["Bullet Time","Tools of the Trade"],"picked":"Envenom","floor":0},{"not_picked":["Footwork","Distraction"],"picked":"Dodge and Roll","floor":1},{"not_picked":["Bane","Footwork"],"picked":"Quick Slash","floor":2},{"not_picked":["Dagger Throw","Acrobatics"],"picked":"Catalyst","floor":3},{"not_picked":["Heel Hook","Masterful Stab","Terror"],"picked":"SKIP","floor":4},{"not_picked":["Riddle With Holes","Dodge and Roll"],"picked":"Backflip","floor":7},{"not_picked":["Tactician","Riddle With Holes"],"picked":"Sucker Punch","floor":11},{"not_picked":["Grand Finale","Phantasmal Killer"],"picked":"Tools of the Trade","floor":16},{"not_picked":["Endless Agony","Slice"],"picked":"Poisoned Stab","floor":18},{"not_picked":["Blade Dance+1","Slice"],"picked":"Dodge and Roll","floor":22}],"player_experience":41517,"relics_obtained":[{"floor":7,"key":"Nunchaku"},{"floor":9,"key":"Centennial Puzzle"}],"event_choices":[{"damage_healed":0,"gold_gain":0,"player_choice":"Ignored","damage_taken":0,"max_hp_gain":0,"max_hp_loss":0,"event_name":"Liars Game","floor":13,"gold_loss":0},{"damage_healed":0,"gold_gain":0,"player_choice":"Donut","damage_taken":0,"max_hp_gain":5,"max_hp_loss":0,"event_name":"Big Fish","floor":14,"gold_loss":0},{"cards_removed":["Strike_G"],"damage_healed":0,"gold_gain":0,"player_choice":"Purged","damage_taken":0,"max_hp_gain":0,"max_hp_loss":0,"event_name":"Purifier","floor":19,"gold_loss":0},{"damage_healed":0,"gold_gain":0,"player_choice":"Became a Ghost","damage_taken":0,"max_hp_gain":0,"max_hp_loss":36,"event_name":"Ghosts","floor":24,"gold_loss":0,"cards_obtained":["Ghostly","Ghostly","Ghostly"]}],"is_beta":false,"boss_relics":[{"not_picked":["Sozu","Tiny House"],"picked":"Astrolabe"}],"items_purged_floors":[10],"is_endless":false,"potions_floor_spawned":[1,3,7,22],"killed_by":"Centurion and Healer","ascension_level":20}}