{"host":"d2y4rmbezebiv8aj","time":1609991825,"event":{"mods":["AchievementEnabler","BaseMod","Bestiary","BetterRewards","Colored Map","Colored Powertips","Custom Start","Highlight Path","Minty Spire (QoL Compilation)","Quick Restart","Rare Cards Sparkle","Relic Sorter","Relic Stats","Shop Mod","Slay-I","StSLib","SuperFastMode"],"gold_per_floor":[117,117,134,144,144,144,178,353,376,391,391,391,404,139,139,238,238,249,260,38,38,38,38,55,55,135,234,109,140,165,183,183,278,278,289,48,48,14,30,30,41,55,79,91,122,151,0,12,24,36,36],"floor_reached":50,"playtime":1803,"items_purged":[],"score":754,"play_id":"fb6a89f2-d017-4bd7-a3d9-b6c44be86ce6","local_time":"20210107045705","is_ascension_mode":true,"campfire_choices":[{"floor":6.0,"key":"REST"},{"floor":11.0,"key":"REST"},{"data":"Backstab","floor":15.0,"key":"SMITH"},{"floor":23.0,"key":"REST"},{"data":"Backstab","floor":25.0,"key":"SMITH"},{"data":"Blade Dance","floor":32.0,"key":"SMITH"},{"floor":40.0,"key":"REST"},{"floor":44.0,"key":"REST"},{"floor":49.0,"key":"REST"}],"circlet_count":0,"master_deck":["Strike_G","Strike_G","Strike_G","Strike_G","Defend_G","Defend_G","Defend_G","Defend_G","Defend_G","Survivor","Neutralize","Infinite Blades+1","Outmaneuver","Well Laid Plans","Cloak And Dagger","Slice","Poisoned Stab","Blade Dance+1","Dagger Throw","Parasite","PiercingWail","Footwork","Backstab+1","Unload","CurseOfTheBell","Blade Dance+1","Blade Dance","Sucker Punch","Flying Knee","Backstab+1","Backstab","Cloak And Dagger","Choke","Accuracy+1","Night Terror","Sucker Punch","Bandage Up","Infinite Blades+1","Accuracy+1","Terror+1","Parasite","Terror+1","Cloak And Dagger+1","Prepared+1","Bandage Up"],"relics":["Ring of the Snake","PreservedInsect","Kunai","Bronze Scales","Vajra","Anchor","Calling Bell","Potion Belt","Frozen Egg 2","Mango","Toolbox","Enchiridion","Blue Candle","InkBottle","Toy Ornithopter","HoveringKite","Blood Vial","MawBank","Red Mask"],"acts_visited":["Exordium","TheCity","TheBeyond"],"potions_floor_usage":[50,50,50],"damage_taken":[{"damage":14.0,"enemies":"Jaw Worm","floor":1.0,"turns":6.0},{"damage":0.0,"enemies":"Cultist","floor":3.0,"turns":4.0},{"damage":0.0,"enemies":"Small Slimes","floor":4.0,"turns":4.0},{"damage":10.0,"enemies":"Lagavulin","floor":7.0,"turns":7.0},{"damage":1.0,"enemies":"Looter","floor":10.0,"turns":3.0},{"damage":10.0,"enemies":"2 Fungi Beasts","floor":13.0,"turns":3.0},{"damage":37.0,"enemies":"The Guardian","floor":16.0,"turns":13.0},{"damage":15.0,"enemies":"Shell Parasite","floor":18.0,"turns":6.0},{"damage":4.0,"enemies":"Spheric Guardian","floor":19.0,"turns":3.0},{"damage":2.0,"enemies":"3 Cultists","floor":24.0,"turns":5.0},{"damage":0.0,"enemies":"Slavers","floor":29.0,"turns":2.0},{"damage":0.0,"enemies":"Snecko","floor":31.0,"turns":2.0},{"damage":20.0,"enemies":"Collector","floor":33.0,"turns":8.0},{"damage":47.0,"enemies":"3 Darklings","floor":35.0,"turns":4.0},{"damage":0.0,"enemies":"3 Shapes","floor":39.0,"turns":2.0},{"damage":22.0,"enemies":"3 Darklings","floor":41.0,"turns":6.0},{"damage":23.0,"enemies":"Writhing Mass","floor":42.0,"turns":5.0},{"damage":3.0,"enemies":"Spire Growth","floor":45.0,"turns":3.0},{"damage":24.0,"enemies":"Jaw Worm Horde","floor":46.0,"turns":3.0},{"damage":165,"enemies":"Time Eater","floor":50,"turns":11}],"seed_played":"-4279875398936751429","potions_obtained":[{"floor":3.0,"key":"BlessingOfTheForge"},{"floor":7.0,"key":"SpeedPotion"},{"floor":10.0,"key":"Strength Potion"},{"floor":13.0,"key":"CunningPotion"},{"floor":18.0,"key":"Fire Potion"},{"floor":33.0,"key":"GhostInAJar"},{"floor":39.0,"key":"SteroidPotion"},{"floor":42.0,"key":"FairyPotion"},{"floor":45.0,"key":"Regen Potion"}],"is_trial":false,"path_per_floor":["M","?","M","M","?","R","E","?","T","M","R","?","M","$","R","B",null,"M","M","$","?","?","R","M","R","T","?","$","E","T","M","R","B",null,"M","$","?","$","M","R","M","M","T","R","M","M","?","?","R","B"],"character_chosen":"THE_SILENT","items_purchased":["PreservedInsect","Infinite Blades","Kunai","Footwork","Backstab","Anchor","Toolbox","Sucker Punch","Flying Knee","Backstab","Cloak And Dagger","Blood Vial","Bandage Up","Infinite Blades+1"],"campfire_rested":6,"item_purchase_floors":[0,0,0,14,14,14,20,20,20,28,28,36,36,38],"current_hp_per_floor":[27,20,20,20,20,41,31,31,31,30,51,68,58,58,58,21,72,57,53,53,53,37,62,60,60,60,60,60,60,60,60,60,45,74,32,32,32,32,34,59,43,22,22,47,46,34,34,34,59,0,0],"gold":36,"neow_bonus":"","is_daily":false,"chose_seed":false,"campfire_upgraded":3,"win_rate":0.0,"timestamp":1609991825,"path_taken":["M","?","?","M","?","R","E","?","T","M","R","?","M","?","R","BOSS","M","M","?","?","?","R","M","R","T","?","$","E","?","M","R","BOSS","M","$","?","$","M","R","M","M","T","R","?","M","?","?","R","BOSS"],"items_purchased_type":["Relic","Card","Relic","Card","Card","Relic","Relic","Card","Card","Card","Card","Relic","Card","Card"],"build_version":"2020-12-22","purchased_purges":0,"victory":false,"max_hp_per_floor":[70,70,70,70,70,70,70,70,70,70,70,70,70,70,70,70,84,84,84,84,84,84,84,84,84,84,84,84,84,84,84,84,84,84,84,84,84,84,84,84,84,84,84,84,84,84,84,84,84,84,84],"relic_stats":{"Blood Vial":12,"counters":[20,100],"Bronze Scales":[218],"Blue Candle":[8],"HoveringKite":[6],"PreservedInsect":70,"Kunai":[83],"MawBank":84,"obtain_stats":[{"Potion Belt":17,"Blue Candle":26,"Vajra":9,"Enchiridion":22,"HoveringKite":34,"Mango":17,"PreservedInsect":0,"Frozen Egg 2":17,"MawBank":43,"Calling Bell":17,"Blood Vial":36,"Anchor":14,"Bronze Scales":7,"Toolbox":20,"Red Mask":47,"Kunai":0,"InkBottle":29,"Toy Ornithopter":30,"Ring of the Snake":0},{"Potion Belt":7,"Blue Candle":10,"Vajra":4,"Enchiridion":9,"HoveringKite":13,"Mango":7,"PreservedInsect":0,"Frozen Egg 2":7,"MawBank":17,"Calling Bell":7,"Blood Vial":14,"Anchor":6,"Bronze Scales":4,"Toolbox":9,"Red Mask":19,"Kunai":0,"InkBottle":11,"Toy Ornithopter":11,"Ring of the Snake":0},{"Potion Belt":40,"Blue Candle":54,"Vajra":21,"Enchiridion":49,"HoveringKite":66,"Mango":40,"PreservedInsect":0,"Frozen Egg 2":40,"MawBank":83,"Calling Bell":40,"Blood Vial":70,"Anchor":27,"Bronze Scales":21,"Toolbox":49,"Red Mask":89,"Kunai":0,"InkBottle":56,"Toy Ornithopter":56,"Ring of the Snake":0}],"InkBottle":[29],"Toy Ornithopter":30,"Ring of the Snake":[40]},"card_choices":[{"not_picked":["Outmaneuver","Dodge and Roll"],"picked":"Cloak And Dagger","floor":1.0},{"not_picked":["Flechettes","Sucker Punch"],"picked":"Slice","floor":3.0},{"not_picked":["Dagger Spray","Backflip"],"picked":"Poisoned Stab","floor":4.0},{"not_picked":["Blur","Flying Knee"],"picked":"Blade Dance","floor":7.0},{"not_picked":["Deadly Poison","Bane"],"picked":"Dagger Throw","floor":10.0},{"not_picked":["Skewer","Bullet Time"],"picked":"PiercingWail","floor":13.0},{"not_picked":["Glass Knife","Night Terror"],"picked":"Unload","floor":16.0},{"not_picked":["Backflip","Sucker Punch"],"picked":"Blade Dance+1","floor":18.0},{"not_picked":["Skewer","Deadly Poison"],"picked":"Blade Dance","floor":19.0},{"not_picked":["Dagger Spray","Catalyst"],"picked":"Backstab","floor":24.0},{"not_picked":["Deflect","Tactician"],"picked":"Choke","floor":29.0},{"not_picked":["Underhanded Strike","Dash+1"],"picked":"Accuracy+1","floor":31.0},{"not_picked":["Grand Finale","Corpse Explosion"],"picked":"Night Terror","floor":33.0},{"not_picked":["Skewer+1","Bane"],"picked":"Sucker Punch","floor":35.0},{"not_picked":["Expertise+1","Blade Dance+1"],"picked":"Accuracy+1","floor":39.0},{"not_picked":["Bane+1","Bouncing Flask"],"picked":"Terror+1","floor":41.0},{"not_picked":["Acrobatics","Blade Dance"],"picked":"Terror+1","floor":42.0},{"not_picked":["Choke+1","Flying Knee+1"],"picked":"Cloak And Dagger+1","floor":45.0},{"not_picked":["Blade Dance","Underhanded Strike+1"],"picked":"Prepared+1","floor":46.0},{"not_picked":["Mind Blast","Panacea"],"picked":"Bandage Up","floor":48.0}],"player_experience":369075,"relics_obtained":[{"floor":7.0,"key":"Bronze Scales"},{"floor":9.0,"key":"Vajra"},{"floor":17.0,"key":"Potion Belt"},{"floor":17.0,"key":"Frozen Egg 2"},{"floor":17.0,"key":"Mango"},{"floor":22.0,"key":"Enchiridion"},{"floor":26.0,"key":"Blue Candle"},{"floor":29.0,"key":"InkBottle"},{"floor":30.0,"key":"Toy Ornithopter"},{"floor":43.0,"key":"MawBank"}],"event_choices":[{"damage_healed":0.0,"max_hp_gain":0.0,"max_hp_loss":0.0,"gold_gain":0.0,"event_name":"Wheel of Change","player_choice":"Damaged","floor":2.0,"gold_loss":0.0,"damage_taken":7.0},{"damage_healed":0.0,"max_hp_gain":0.0,"max_hp_loss":0.0,"gold_gain":0.0,"event_name":"Living Wall","player_choice":"Grow","floor":5.0,"gold_loss":0.0,"damage_taken":0.0,"cards_upgraded":["Infinite Blades"]},{"damage_healed":0.0,"max_hp_gain":0.0,"max_hp_loss":0.0,"gold_gain":175.0,"event_name":"Liars Game","player_choice":"AGREE","floor":8.0,"gold_loss":0.0,"damage_taken":0.0,"cards_obtained":["Doubt"]},{"damage_healed":17.0,"max_hp_gain":0.0,"max_hp_loss":0.0,"gold_gain":0.0,"event_name":"Mushrooms","player_choice":"Healed and dodged fight","floor":12.0,"gold_loss":0.0,"damage_taken":0.0,"cards_obtained":["Parasite"]},{"cards_removed":["Doubt"],"damage_healed":0.0,"max_hp_gain":0.0,"max_hp_loss":0.0,"gold_gain":0.0,"event_name":"Back to Basics","player_choice":"Elegance","floor":21.0,"gold_loss":0.0,"damage_taken":0.0},{"damage_healed":0.0,"max_hp_gain":0.0,"max_hp_loss":0.0,"gold_gain":0.0,"event_name":"Cursed Tome","player_choice":"Obtained Book","floor":22.0,"gold_loss":0.0,"damage_taken":16.0},{"damage_healed":0.0,"max_hp_gain":0.0,"max_hp_loss":0.0,"gold_gain":99.0,"event_name":"Nest","player_choice":"Stole From Cult","floor":27.0,"gold_loss":0.0,"damage_taken":0.0},{"damage_healed":0.0,"max_hp_gain":0.0,"max_hp_loss":0.0,"gold_gain":0.0,"event_name":"Transmorgrifier","player_choice":"Ignored","floor":37.0,"gold_loss":0.0,"damage_taken":0.0},{"damage_healed":0.0,"max_hp_gain":0.0,"max_hp_loss":0.0,"gold_gain":0.0,"event_name":"Tomb of Lord Red Mask","player_choice":"Paid","floor":47.0,"gold_loss":163.0,"damage_taken":0.0,"relics_obtained":["Red Mask"]},{"damage_healed":0.0,"max_hp_gain":0.0,"max_hp_loss":0.0,"gold_gain":0.0,"event_name":"SensoryStone","player_choice":"Memory 1","floor":48.0,"gold_loss":0.0,"damage_taken":0.0}],"is_beta":false,"boss_relics":[{"not_picked":["Ring of the Serpent","Sozu"],"picked":"Calling Bell"},{"not_picked":["Fusion Hammer","Pandora\u0027s Box"],"picked":"HoveringKite"}],"items_purged_floors":[],"is_endless":false,"potions_floor_spawned":[3,7,10,13,18,33,39,42,45],"killed_by":"Time Eater","ascension_level":8}}