{"host":"bf9sa99gaumonoeu","time":1609992698,"event":{"mods":["AchievementEnabler","Act Like it!","BaseMod","Better Sensory Stone","Colored Map","Colored Powertips","Downfall","Friendly Minions","Gensokyo","GifTheSpireLib","Hallownest","Hermit","Hubris","Jorbs\u0027s Wanderer Trilogy","KinomotoSakuraMod(????)","Koishi","Lobotomy","Marisa????????","Minty Spire (QoL Compilation)","Rare Cards Sparkle","Reimu??????","Remilia??????","Replay The Spire","Shop Mod","StSLib","The Administrix","The Animator","The Blue Laboratory","The Bug Knight","The Construct","The Cursed","The Disciple","The Hierophant","The Mystic","The Necromancer","The Poker Player","The Runesmith","The Senshi","The Servant 0.9.4"],"gold_per_floor":[99,99,99,99,99,99,24,24,24,24,0,0,0,0,0,0,0,0,0,0,0,0,0,0,0,0,0,0,0,0,0,0,0,0,0,0,0,0,0,0,0,0,0,0,0,0,0,0,0,0,0,0,0,0,0,0],"floor_reached":55,"playtime":7089,"items_purged":["animator:Strike"],"score":1250,"play_id":"8229dbb7-ec2b-47e1-9cd2-246f2c79df38","local_time":"20210107021138","is_ascension_mode":true,"campfire_choices":[{"data":"animator:ElricEdward","floor":6,"key":"SMITH"},{"data":"animator:Sloth","floor":15,"key":"SMITH"},{"data":"animator:Hitei","floor":23,"key":"SMITH"},{"data":"animator:Gluttony","floor":28,"key":"SMITH"},{"data":"animator:LizardPriest","floor":32,"key":"SMITH"},{"data":"animator:ChlammyZell","floor":40,"key":"SMITH"},{"data":"animator:MaesHughes","floor":45,"key":"SMITH"},{"floor":49,"key":"RECALL"},{"data":"animator:Spearman","floor":52,"key":"SMITH"}],"circlet_count":0,"master_deck":["animator:Strike_FullmetalAlchemist","animator:Defend_FullmetalAlchemist","animator:Defend","animator:ElricEdward+1","animator:ElricAlphonse","animator:Spearman+1","animator:UneriGinkaku","animator:LizardPriest+1","animator:Gluttony+1","animator:Sloth+1","animator:WinryRockbell","animator:Envy","animator:Hitei+1","animator:GuildGirl","animator:ElricAlphonse","Guardian:Aged","animator:DolaRiku","animator:Shichika+1","animator:SwordMaiden+1","animator:Hero","animator:ChlammyZell+1","animator:Priestess","animator:MaesHughes+1","animator:ChlammyZell+1","Pain","animator:Togame","animator:Emonzaemon+1","animator:DwarfShaman"],"relics":["animator:TheMissingPiece","Ectoplasm","Ring of Peace","Ring of Misfortune","Singing Bowl","Replay:Bandana","Replay:Wax Seal","hubris:TinFlute","Replay:Grab Bag","Cursed Key","Sozu","hubris:ScarierMask","Mummified Hand","theSenshi:SailorFukuRelic","Oddly Smooth Stone","construct:WeddingRing","animator:CursedGlyph","The Courier","hubris:PeanutButter","Smiling Mask","War Paint","RuthlessExorcism:ReiMu"],"acts_visited":["Hallownest:Greenpath","Hallownest:CityofTears","Hallownest:KingdomsEdge","TheEnding"],"potions_floor_usage":[10,16,55],"damage_taken":[{"damage":4,"enemies":"Hallownest:2_Baldur","floor":1,"turns":4},{"damage":0,"enemies":"Hallownest:monsterHuskWarrior","floor":4,"turns":5},{"damage":0,"enemies":"Hallownest:2_MossCreeps","floor":8,"turns":4},{"damage":0,"enemies":"Hallownest:Guard_and_Warrior","floor":10,"turns":5},{"damage":0,"enemies":"Hallownest:monsterMossCharger","floor":12,"turns":6},{"damage":18,"enemies":"Hallownest:eliteCrystalGuardian","floor":13,"turns":8},{"damage":8,"enemies":"Hallownest:BossFalseKnight","floor":16,"turns":11},{"damage":0,"enemies":"Hallownest:Flukemon_and_Top","floor":18,"turns":6},{"damage":0,"enemies":"Hallownest:2_Mistakes","floor":19,"turns":5},{"damage":0,"enemies":"Hallownest:3_Mistakes","floor":20,"turns":6},{"damage":0,"enemies":"Hallownest:Glutton_and_Coward","floor":21,"turns":5},{"damage":0,"enemies":"Hallownest:Nosk","floor":24,"turns":8},{"damage":0,"enemies":"Hallownest:monsterMisterMushroom","floor":25,"turns":7},{"damage":8,"enemies":"Hallownest:3_Mistakes","floor":27,"turns":8},{"damage":3,"enemies":"Hallownest:eliteWatcherKnight","floor":30,"turns":9},{"damage":0,"enemies":"Hallownest:Glutton_and_Coward","floor":31,"turns":5},{"damage":0,"enemies":"Hallownest:BossSoulMaster","floor":33,"turns":10},{"damage":0,"enemies":"Hallownest:3_Siblings","floor":35,"turns":6},{"damage":0,"enemies":"Hallownest:Shield_Heavy","floor":36,"turns":4},{"damage":0,"enemies":"Hallownest:2_Great","floor":37,"turns":4},{"damage":0,"enemies":"Hallownest:2_Wing_and_1_Kings","floor":38,"turns":6},{"damage":10,"enemies":"Hallownest:monsterPrimalAspid","floor":39,"turns":6},{"damage":0,"enemies":"Hallownest:eliteCollector","floor":41,"turns":8},{"damage":0,"enemies":"Hallownest:eliteHiveKnight","floor":47,"turns":9},{"damage":0,"enemies":"Hallownest:2_Great","floor":48,"turns":5},{"damage":0,"enemies":"Hallownest:BossGreyPrinceZote","floor":50,"turns":7},{"damage":10,"enemies":"Shield and Spear","floor":54,"turns":5},{"damage":86,"enemies":"The Heart","floor":55,"turns":8}],"seed_played":"2080813452465358847","potions_obtained":[{"floor":1,"key":"Dexterity Potion"},{"floor":4,"key":"blueLaboratory:FruitPunch"},{"floor":16,"key":"Regen Potion"}],"is_trial":false,"path_per_floor":["M","?","T","M","?","R","$","M","T","M","?","M","E","?","R","B",null,"M","M","M","M","?","R","E","M","T","M","R","$","E","M","R","B",null,"M","M","M","M","M","R","E","?","T","$","R","?","E","M","R","B",null,"R","$","E","B"],"character_chosen":"THE_ANIMATOR","items_purchased":[],"campfire_rested":0,"item_purchase_floors":[],"current_hp_per_floor":[55,55,55,55,55,55,55,56,56,58,58,59,41,41,41,34,57,58,60,62,62,62,62,64,64,64,56,56,56,59,63,63,64,72,70,72,72,72,62,62,66,66,66,66,66,66,67,67,67,67,72,72,72,68,0,0],"gold":0,"neow_bonus":"BOSS_RELIC","is_daily":false,"chose_seed":false,"campfire_upgraded":8,"win_rate":0.0,"timestamp":1609992698,"path_taken":["M","?","?","M","?","R","?","M","T","M","?","M","E","?","R","BOSS","M","M","M","M","?","R","E","M","T","M","R","$","E","?","R","BOSS","M","M","M","M","M","R","E","?","T","?","R","?","E","M","R","BOSS","R","$","E","BOSS"],"items_purchased_type":[],"build_version":"2020-12-22","purchased_purges":1,"victory":false,"max_hp_per_floor":[66,66,66,66,66,66,66,67,67,69,69,70,70,63,63,64,64,65,67,69,69,69,69,71,71,71,71,71,71,73,73,73,74,74,70,72,72,72,72,72,72,72,72,72,72,72,73,73,73,73,73,73,73,75,75,75],"card_choices":[{"not_picked":["animator:Demiurge","animator:Millim"],"picked":"animator:Spearman","floor":1},{"not_picked":["animator:Spearman","animator:Hakurou"],"picked":"animator:UneriGinkaku","floor":4},{"not_picked":["animator:DolaSchwi","animator:Emonzaemon"],"picked":"animator:LizardPriest","floor":8},{"not_picked":["animator:Sloth","animator:ElricEdward"],"picked":"animator:Gluttony","floor":10},{"not_picked":["animator:CrowleyEusford","animator:Hakurou"],"picked":"animator:Sloth","floor":12},{"not_picked":["animator:Millim","animator:DolaRiku"],"picked":"animator:WinryRockbell","floor":13},{"not_picked":["animator:Biyorigo","animator:Ainz"],"picked":"animator:Envy","floor":16},{"not_picked":["animator:Scar","animator:DolaSchwi"],"picked":"animator:Hitei","floor":18},{"not_picked":["animator:Father","animator:Gluttony","animator:ElricEdward"],"picked":"Singing Bowl","floor":19},{"not_picked":["animator:Tet","animator:Azekura","animator:Hakurou"],"picked":"Singing Bowl","floor":20},{"not_picked":["animator:Spearman","animator:Emonzaemon"],"picked":"animator:GuildGirl","floor":21},{"not_picked":["animator:Shuna","animator:Gluttony+1","animator:Yoichi"],"picked":"Singing Bowl","floor":24},{"not_picked":["animator:RoyMustang","animator:Gluttony"],"picked":"animator:ElricAlphonse","floor":25},{"not_picked":["animator:Shion+1","animator:Demiurge"],"picked":"animator:DolaRiku","floor":27},{"not_picked":["animator:HigakiRinne","animator:Mitsuba","animator:Hakurou+1"],"picked":"Singing Bowl","floor":30},{"not_picked":["animator:Benimaru","animator:ElricEdward"],"picked":"animator:Shichika","floor":31},{"not_picked":["animator:Rimuru","animator:Envy"],"picked":"animator:SwordMaiden","floor":33},{"not_picked":["animator:Witch","animator:Spearman"],"picked":"animator:Hero","floor":35},{"not_picked":["animator:Albedo","animator:Spearman+1","animator:DolaCouronne"],"picked":"Singing Bowl","floor":36},{"not_picked":["animator:Shinoa","animator:Yuuichirou"],"picked":"animator:ChlammyZell","floor":37},{"not_picked":["animator:ZankiKiguchi","animator:Mikaela"],"picked":"animator:Priestess","floor":38},{"not_picked":["animator:Sloth","animator:ElricEdward"],"picked":"animator:MaesHughes","floor":39},{"not_picked":["animator:ElricAlphonse","animator:DolaCouronne+1"],"picked":"animator:ChlammyZell+1","floor":41},{"not_picked":["animator:Tet+1","animator:Priestess"],"picked":"animator:Togame","floor":47},{"not_picked":["animator:Sloth+1","animator:PandorasActor"],"picked":"animator:Emonzaemon+1","floor":48},{"not_picked":["animator:HighElfArcher","animator:LizardPriest"],"picked":"animator:DwarfShaman","floor":54}],"player_experience":830159,"relics_obtained":[{"floor":2,"key":"Ring of Peace"},{"floor":2,"key":"Ring of Misfortune"},{"floor":3,"key":"Singing Bowl"},{"floor":9,"key":"Replay:Bandana"},{"floor":13,"key":"hubris:TinFlute"},{"floor":24,"key":"Mummified Hand"},{"floor":26,"key":"theSenshi:SailorFukuRelic"},{"floor":30,"key":"Oddly Smooth Stone"},{"floor":35,"key":"animator:CursedGlyph"},{"floor":36,"key":"The Courier"},{"floor":41,"key":"hubris:PeanutButter"},{"floor":41,"key":"Smiling Mask"},{"floor":47,"key":"War Paint"},{"floor":54,"key":"RuthlessExorcism:ReiMu"}],"event_choices":[],"is_beta":false,"boss_relics":[{"not_picked":["Runesmith:UraniumAnvil","SacredBark"],"picked":"Replay:Grab Bag"},{"not_picked":["ChewingGum","ReplayTheSpireMod:Onyx Gauntlets"],"picked":"Cursed Key"},{"not_picked":["Philosopher\u0027s Stone","Busted Crown"],"picked":"Sozu"},{"not_picked":["Kintsugi","Astrolabe"],"picked":"hubris:ScarierMask"},{"not_picked":["Calling Bell","Replay:Wanted Poster"],"picked":"construct:WeddingRing"}],"items_purged_floors":[7],"is_endless":false,"potions_floor_spawned":[1,4,16,19,24,27,30,35,37,38,48],"killed_by":"The Heart","ascension_level":9}}