{"host":"j8ly90ps7nkk24ot","time":1610006720,"event":{"mods":["AchievementEnabler","Act Like it!","Arknights The Spire","Aspiration","BaseMod","Better Note","Better Sensory Stone","Better Skull","Block Reminder","Clockwork Mod","Colored Map","Colored Powertips","DeckTracker","Dio Mod","Downfall","Fiend Mod","Googly Eyes","GungeonMod","Halation","Hermit","Highlight Path","Minty Spire (QoL Compilation)","Permanent Neow","Practice Mode","Quick Restart","Rare Cards Sparkle","Relic Sorter","Relic Stats","Replay The Spire","StSLib","SuperFastMode","Synergy Search","The Bladedancer","The Bug Knight","The Construct","The Disciple","The Exalted","The Juggle","The Necromancer","The Saiyan","The Servant 0.9.4","The Showman","The Wild Card","TheBandit","TheHero","Waifu the Spire","everything is the same but u backflip on backflip","slay the spire mod where everything is the same but ironclad has a cowboy hat"],"gold_per_floor":[111,160,178,193,206,206,206],"floor_reached":6,"playtime":894,"items_purged":[],"score":38,"play_id":"52581732-39ba-4a2d-bb76-3bab99e85eb1","local_time":"20210107000520","is_ascension_mode":false,"campfire_choices":[],"circlet_count":0,"master_deck":["HollowMod:NailStrikeStart","HollowMod:NailStrikeStart","HollowMod:NailStrikeStart","HollowMod:QuickDashStart","HollowMod:QuickDashStart","HollowMod:QuickDashStart","HollowMod:QuickDashStart","HollowMod:FocusHealStart","HollowMod:PogoStrike","HollowMod:DungDefenderAura","HollowMod:PureNailStrike","HollowMod:BlackTendrils","HollowMod:DashSlash","HollowMod:DescendingDark","HollowMod:SiblingsShadow","HollowMod:RecoilStrike"],"relics":["HollowMod:VesselMask","Bromod:ArcaneNullifier"],"acts_visited":["Exordium"],"potions_floor_usage":[6,6],"damage_taken":[{"damage":0,"enemies":"2 Louse","floor":1,"turns":4},{"damage":4,"enemies":"Small Slimes","floor":3,"turns":4},{"damage":0,"enemies":"Cultist","floor":4,"turns":3},{"damage":28,"enemies":"Exordium Thugs","floor":5,"turns":8},{"damage":34,"enemies":"HollowMod:MossKnight","floor":6,"turns":13}],"seed_played":"5194558693160421002","potions_obtained":[{"floor":1,"key":"Elixir"},{"floor":2,"key":"BlessingOfTheForge"}],"is_trial":false,"path_per_floor":["M","?","M","M","M","E"],"character_chosen":"THE_BUGKNIGHT","items_purchased":[],"campfire_rested":0,"item_purchase_floors":[],"current_hp_per_floor":[75,45,43,45,25,0,0],"gold":206,"neow_bonus":"TRANSFORM_CARD","is_daily":false,"chose_seed":false,"campfire_upgraded":0,"win_rate":0.0,"timestamp":1610006720,"path_taken":["M","?","M","M","?","E"],"items_purchased_type":[],"build_version":"2020-12-22","purchased_purges":0,"victory":false,"max_hp_per_floor":[75,75,75,75,75,75,75],"relic_stats":{"counters":[5,32],"obtain_stats":[{"Bromod:ArcaneNullifier":2,"HollowMod:VesselMask":0,"DemoMod:GlassGuonStoneRelic":1},{"Bromod:ArcaneNullifier":1,"HollowMod:VesselMask":0,"DemoMod:GlassGuonStoneRelic":1},{"Bromod:ArcaneNullifier":4,"HollowMod:VesselMask":0,"DemoMod:GlassGuonStoneRelic":4}]},"card_choices":[{"not_picked":["HollowMod:SoulStrike","HollowMod:NewGlowingWomb"],"picked":"HollowMod:PureNailStrike","floor":1},{"not_picked":["HollowMod:ShadowDash","HollowMod:InfectedCysts"],"picked":"HollowMod:BlackTendrils","floor":2},{"not_picked":["HollowMod:CornifersMapStart","HollowMod:TaintedHusks"],"picked":"HollowMod:DashSlash","floor":2},{"not_picked":["HollowMod:TaintedHusks","HollowMod:SoulSplash"],"picked":"HollowMod:DescendingDark","floor":3},{"not_picked":["HollowMod:CornifersMapStart","HollowMod:HowlingWraiths"],"picked":"HollowMod:SiblingsShadow","floor":4},{"not_picked":["HollowMod:SiblingsSouls","HollowMod:VengefulVoid"],"picked":"HollowMod:RecoilStrike","floor":5}],"player_experience":142333,"relics_obtained":[{"floor":2,"key":"Bromod:ArcaneNullifier"}],"event_choices":[],"is_beta":false,"boss_relics":[],"items_purged_floors":[],"is_endless":false,"potions_floor_spawned":[1],"killed_by":"HollowMod:MossKnight","ascension_level":0}}