{"host":"7zdktqb5xjtif29d","time":1609984302,"event":{"mods":["AchievementEnabler","BaseMod","Colored Map","Colored Powertips","Highlight Path","Minty Spire (QoL Compilation)","Rare Cards Sparkle","SuperFastMode","Waifu the Spire","everything is the same but u backflip on backflip"],"gold_per_floor":[10,10,10,35,54,93,173,173,173],"floor_reached":8,"playtime":710,"items_purged":[],"score":62,"play_id":"8ae50344-162c-48e7-9845-10ecd8e0be72","local_time":"20210107015142","is_ascension_mode":true,"campfire_choices":[],"circlet_count":0,"master_deck":["Strike_G","Strike_G","Strike_G","Defend_G","Defend_G","Defend_G","Defend_G","Defend_G","Survivor","Neutralize","Pain","Sucker Punch"],"relics":["Ring of the Snake","Golden Idol","WarpedTongs","Dream Catcher","Darkstone Periapt"],"acts_visited":["Exordium"],"potions_floor_usage":[8],"damage_taken":[{"damage":0,"enemies":"2 Louse","floor":1,"turns":4},{"damage":8,"enemies":"Cultist","floor":4,"turns":4},{"damage":6,"enemies":"Jaw Worm","floor":5,"turns":8},{"damage":32,"enemies":"Lagavulin","floor":6,"turns":14},{"damage":11,"enemies":"Gremlin Nob","floor":8,"turns":3}],"seed_played":"-7464404483607273315","potions_obtained":[{"floor":1,"key":"DuplicationPotion"},{"floor":6,"key":"Strength Potion"}],"is_trial":false,"path_per_floor":["M","?","?","M","M","E","T","E"],"character_chosen":"THE_SILENT","items_purchased":[],"campfire_rested":0,"item_purchase_floors":[],"current_hp_per_floor":[70,53,53,45,39,7,7,0,0],"gold":173,"neow_bonus":"REMOVE_TWO","is_daily":false,"chose_seed":false,"campfire_upgraded":0,"win_rate":0.0,"timestamp":1609984302,"path_taken":["M","?","?","?","M","E","?","E"],"items_purchased_type":[],"build_version":"2020-12-22","purchased_purges":0,"victory":false,"max_hp_per_floor":[70,70,70,70,70,70,70,70,70],"card_choices":[{"not_picked":["Eviscerate","Accuracy","Dagger Throw"],"picked":"SKIP","floor":1},{"not_picked":["Cloak And Dagger","Dagger Throw","Well Laid Plans"],"picked":"SKIP","floor":4},{"not_picked":["Prepared","Accuracy","Eviscerate"],"picked":"SKIP","floor":5},{"not_picked":["Dodge and Roll","Endless Agony"],"picked":"Sucker Punch","floor":6}],"player_experience":194981,"relics_obtained":[{"floor":6,"key":"Dream Catcher"},{"floor":7,"key":"Darkstone Periapt"}],"event_choices":[{"damage_healed":0,"gold_gain":0,"player_choice":"Take Damage","damage_taken":17,"relics_obtained":["Golden Idol"],"max_hp_gain":0,"max_hp_loss":0,"event_name":"Golden Idol","floor":2,"gold_loss":0},{"damage_healed":0,"gold_gain":0,"player_choice":"Rummage","damage_taken":0,"relics_obtained":["WarpedTongs"],"max_hp_gain":0,"max_hp_loss":0,"event_name":"Accursed Blacksmith","floor":3,"gold_loss":0,"cards_obtained":["Pain"]}],"is_beta":false,"boss_relics":[],"items_purged_floors":[],"is_endless":false,"potions_floor_spawned":[1,6],"killed_by":"Gremlin Nob","ascension_level":2}}