{"host":"ji1fk25fd1ga4ji1","time":1609997178,"event":{"mods":["2.2 Compatiblity","BaseMod","Colored Map","DeckTracker","Minty Spire (QoL Compilation)","Permanent Neow","Quick Restart","StSLib","SuperFastMode"],"gold_per_floor":[110,35,35,110,125,125,125,125,125,161,161,161,161,182,182,308,308,324,324,347,152,89,122,122,161,161,200,235,235,278,318,318,448,448,461,386,449,449,314,357,357,373,445,445,464,464,464,364,364,364],"floor_reached":51,"playtime":923,"items_purged":["Anger","Sword Boomerang","Dual Wield","Sword Boomerang","Immolate","True Grit"],"score":896,"play_id":"d89a0078-c86e-4995-84c2-f32e14410a7b","local_time":"20210107142618","daily_mods":["Draft","Heirloom","Flight","DeadlyEvents","Elite Swarm"],"is_ascension_mode":true,"campfire_choices":[{"data":"Searing Blow","floor":6.0,"key":"SMITH"},{"data":"Searing Blow+1","floor":7.0,"key":"SMITH"},{"data":"Searing Blow+2","floor":8.0,"key":"SMITH"},{"data":"Armaments","floor":11.0,"key":"SMITH"},{"data":"Searing Blow+3","floor":12.0,"key":"SMITH"},{"data":"Searing Blow+4","floor":13.0,"key":"SMITH"},{"data":"Searing Blow+5","floor":15.0,"key":"SMITH"},{"data":"Searing Blow+6","floor":24.0,"key":"SMITH"},{"data":"Searing Blow+7","floor":29.0,"key":"SMITH"},{"data":"Searing Blow+8","floor":32.0,"key":"SMITH"},{"data":"Searing Blow+9","floor":41.0,"key":"SMITH"},{"data":"Searing Blow+10","floor":44.0,"key":"SMITH"},{"data":"Searing Blow+11","floor":46.0,"key":"SMITH"},{"data":"Searing Blow+12","floor":47.0,"key":"SMITH"},{"data":"Searing Blow+13","floor":49.0,"key":"SMITH"}],"circlet_count":0,"master_deck":["Armaments+1","Pommel Strike","Searing Blow+14","Combust","Pommel Strike","Headbutt","Burning Pact","True Grit","Feed","Offering","Armaments","Madness"],"relics":["Burning Blood","Ice Cream","Golden Idol","Toy Ornithopter","HornCleat","Busted Crown","Membership Card","Lantern","Charon\u0027s Ashes","Meat on the Bone","StoneCalendar","Dream Catcher","Gambling Chip","Art of War","Empty Cage","Turnip","Orichalcum","Ornamental Fan"],"acts_visited":["Exordium","TheCity","TheBeyond"],"potions_floor_usage":[],"damage_taken":[{"damage":7.0,"enemies":"Small Slimes","floor":1.0,"turns":2.0},{"damage":2.0,"enemies":"2 Louse","floor":5.0,"turns":2.0},{"damage":14.0,"enemies":"Lagavulin","floor":10.0,"turns":5.0},{"damage":0.0,"enemies":"Jaw Worm","floor":14.0,"turns":2.0},{"damage":35.0,"enemies":"The Guardian","floor":16.0,"turns":7.0},{"damage":10.0,"enemies":"Chosen","floor":18.0,"turns":3.0},{"damage":15.0,"enemies":"2 Thieves","floor":20.0,"turns":3.0},{"damage":7.0,"enemies":"Book of Stabbing","floor":23.0,"turns":2.0},{"damage":2.0,"enemies":"Gremlin Leader","floor":25.0,"turns":3.0},{"damage":23.0,"enemies":"Slavers","floor":27.0,"turns":4.0},{"damage":6.0,"enemies":"Book of Stabbing","floor":28.0,"turns":3.0},{"damage":18.0,"enemies":"Gremlin Leader","floor":30.0,"turns":2.0},{"damage":13.0,"enemies":"Slavers","floor":31.0,"turns":4.0},{"damage":43.0,"enemies":"Collector","floor":33.0,"turns":6.0},{"damage":0.0,"enemies":"Orb Walker","floor":35.0,"turns":1.0},{"damage":6.0,"enemies":"Mind Bloom Boss Battle","floor":37.0,"turns":2.0},{"damage":40.0,"enemies":"Nemesis","floor":40.0,"turns":5.0},{"damage":6.0,"enemies":"3 Shapes","floor":42.0,"turns":2.0},{"damage":0.0,"enemies":"Transient","floor":45.0,"turns":5.0},{"damage":18.0,"enemies":"Time Eater","floor":50.0,"turns":2.0}],"seed_played":"-8032465513392587259","potions_obtained":[{"floor":5.0,"key":"Ancient Potion"},{"floor":18.0,"key":"ElixirPotion"},{"floor":27.0,"key":"AttackPotion"},{"floor":33.0,"key":"Regen Potion"},{"floor":40.0,"key":"DuplicationPotion"}],"is_trial":true,"path_per_floor":["M","$","?","?","M","R","R","R","T","E","R","R","R","M","R","B",null,"M","?","M","$","$","E","R","E","T","E","E","R","E","E","R","B",null,"M","$","?","?","$","E","R","M","T","R","M","R","R","$","R","B",null],"character_chosen":"IRONCLAD","items_purchased":["Membership Card","Madness"],"campfire_rested":0,"item_purchase_floors":[21,39],"current_hp_per_floor":[79,79,59,48,52,52,52,52,52,44,44,44,44,50,50,21,80,79,79,70,70,70,72,72,76,76,63,63,63,63,59,59,34,93,93,93,93,93,93,64,64,64,64,64,70,70,70,70,70,78],"gold":364,"neow_bonus":"","is_daily":false,"chose_seed":false,"campfire_upgraded":15,"win_rate":0.0,"timestamp":1609997178,"path_taken":["M","$","?","?","M","R","R","R","T","E","R","R","R","?","R","BOSS","M","?","M","$","$","E","R","E","T","E","?","R","E","E","R","BOSS","M","$","?","?","$","E","R","?","T","R","M","R","R","$","R","BOSS"],"items_purchased_type":["Relic","Card"],"build_version":"2020-12-22","purchased_purges":6,"victory":true,"max_hp_per_floor":[80,80,80,80,80,80,80,80,80,80,80,80,80,80,80,80,80,83,83,83,83,83,86,86,86,86,90,90,90,90,93,93,93,93,93,93,93,93,93,93,93,93,93,93,93,93,93,93,93,93],"card_choices":[{"not_picked":["Body Slam","Sever Soul"],"picked":"Armaments","floor":0.0},{"not_picked":["Clothesline","Body Slam"],"picked":"Pommel Strike","floor":0.0},{"not_picked":["Bloodletting","Havoc"],"picked":"True Grit","floor":0.0},{"not_picked":["Combust","Body Slam"],"picked":"Anger","floor":0.0},{"not_picked":["Shrug It Off","Pommel Strike"],"picked":"Searing Blow","floor":0.0},{"not_picked":["Perfected Strike","Sword Boomerang"],"picked":"Combust","floor":0.0},{"not_picked":["Iron Wave","Dual Wield"],"picked":"Clash","floor":0.0},{"not_picked":["Anger","Body Slam"],"picked":"Sword Boomerang","floor":0.0},{"not_picked":["Iron Wave","Thunderclap"],"picked":"Pommel Strike","floor":0.0},{"not_picked":["Havoc","Clash"],"picked":"Dual Wield","floor":0.0},{"not_picked":["Clash","Twin Strike"],"picked":"Flex","floor":0.0},{"not_picked":["Perfected Strike","Twin Strike"],"picked":"Flex","floor":0.0},{"not_picked":["Pommel Strike","Havoc"],"picked":"Headbutt","floor":0.0},{"not_picked":["Clash","Armaments"],"picked":"Burning Pact","floor":0.0},{"not_picked":["Blood for Blood","Havoc"],"picked":"Sword Boomerang","floor":0.0},{"not_picked":["Heavy Blade","Intimidate"],"picked":"True Grit","floor":1.0},{"not_picked":["Heavy Blade","Pommel Strike","Shockwave"],"picked":"SKIP","floor":5.0},{"not_picked":["Limit Break","Bludgeon","Fiend Fire"],"picked":"SKIP","floor":10.0},{"not_picked":["Twin Strike","Sword Boomerang","True Grit"],"picked":"SKIP","floor":14.0},{"not_picked":["Fiend Fire","Reaper"],"picked":"Feed","floor":16.0},{"not_picked":["Body Slam"],"picked":"SKIP","floor":18.0},{"not_picked":["Headbutt"],"picked":"SKIP","floor":20.0},{"not_picked":[],"picked":"Offering","floor":23.0},{"not_picked":["Limit Break"],"picked":"SKIP","floor":25.0},{"not_picked":["Exhume"],"picked":"SKIP","floor":27.0},{"not_picked":["Corruption"],"picked":"SKIP","floor":28.0},{"not_picked":["Brutality"],"picked":"SKIP","floor":30.0},{"not_picked":["Impervious"],"picked":"SKIP","floor":31.0},{"not_picked":["Armaments"],"picked":"SKIP","floor":35.0},{"not_picked":[],"picked":"Armaments","floor":35.0},{"not_picked":["Reaper"],"picked":"SKIP","floor":40.0},{"not_picked":["Disarm"],"picked":"SKIP","floor":42.0},{"not_picked":["Combust"],"picked":"SKIP","floor":45.0}],"player_experience":807248,"relics_obtained":[{"floor":9.0,"key":"Toy Ornithopter"},{"floor":10.0,"key":"HornCleat"},{"floor":23.0,"key":"Lantern"},{"floor":25.0,"key":"Charon\u0027s Ashes"},{"floor":26.0,"key":"Meat on the Bone"},{"floor":27.0,"key":"StoneCalendar"},{"floor":28.0,"key":"Dream Catcher"},{"floor":30.0,"key":"Gambling Chip"},{"floor":31.0,"key":"Art of War"},{"floor":37.0,"key":"Turnip"},{"floor":40.0,"key":"Orichalcum"},{"floor":43.0,"key":"Ornamental Fan"}],"event_choices":[{"damage_healed":0.0,"max_hp_gain":0.0,"max_hp_loss":0.0,"gold_gain":0.0,"event_name":"Golden Idol","player_choice":"Take Damage","floor":3.0,"gold_loss":0.0,"damage_taken":20.0,"relics_obtained":["Golden Idol"]},{"damage_healed":0.0,"max_hp_gain":0.0,"max_hp_loss":0.0,"gold_gain":75.0,"event_name":"World of Goop","player_choice":"Gather Gold","floor":4.0,"gold_loss":0.0,"damage_taken":11.0},{"damage_healed":0.0,"max_hp_gain":0.0,"max_hp_loss":0.0,"gold_gain":0.0,"cards_transformed":["Flex"],"event_name":"Transmorgrifier","player_choice":"Transformed","floor":19.0,"gold_loss":0.0,"damage_taken":0.0,"cards_obtained":["Immolate"]},{"damage_healed":0.0,"max_hp_gain":0.0,"max_hp_loss":0.0,"gold_gain":0.0,"event_name":"MindBloom","player_choice":"Fight","floor":37.0,"gold_loss":0.0,"damage_taken":0.0},{"damage_healed":0.0,"max_hp_gain":0.0,"max_hp_loss":0.0,"gold_gain":0.0,"event_name":"The Moai Head","player_choice":"Ignored","floor":38.0,"gold_loss":0.0,"damage_taken":0.0}],"is_beta":false,"boss_relics":[{"not_picked":["Tiny House","Runic Dome"],"picked":"Busted Crown"},{"not_picked":["Black Star","Calling Bell"],"picked":"Empty Cage"}],"items_purged_floors":[2,21,22,36,39,48],"is_endless":false,"potions_floor_spawned":[5,18,27,33,40,42],"ascension_level":1}}