{"host":"n9u8fygc1apihmnd","time":1609997187,"event":{"mods":["AchievementEnabler","Astrologer","BaseMod","Beaked The Cultist","Better Third Choice","BetterRewards","CapriCore","Colored Powertips","Conspire","Downfall","Duelist Mod","Energized Spire","Friendly Minions","Gremlin Mod","GungeonMod","Hermit","HololiveMod","Hubris","Infinite Spire","Jedi Mod","Jorbs\u0027s Wanderer Trilogy","KinomotoSakuraMod(????)","Koishi","Marisa????????","Minty Spire (QoL Compilation)","Permanent Neow","QueenMod","Random Character Button","Remilia??????","Replay The Spire","Shedinja","Spicy Shops","StSLib","The Animator","The Bug Knight","The Construct","The Cursed","The Disciple","The Hayseed","The Hierophant","The Immortal","The Mystic","The Necromancer","The Runesmith","The Senshi","The Servant 0.9.4","The Wild Card","TheBandit","WarShipGirlsR/????R mod","everything is the same but u backflip on backflip","vexMod"],"gold_per_floor":[111,111,134,134,150,150,170,138,206,227,23,36,36,70,70,195,195,218,234,234,234,247,262,286,143,143,143,157,157,157,157,157],"floor_reached":31,"playtime":2105,"items_purged":["DemoMod:Invincible"],"score":341,"play_id":"a7361e3a-aa78-4f6e-8c1e-c141e93cef39","local_time":"20210106212627","is_ascension_mode":false,"campfire_choices":[{"data":"HollowMod:QuickDashStart","floor":6,"key":"SMITH"},{"floor":13,"key":"REST"},{"floor":15,"key":"REST"},{"floor":29,"key":"REST"}],"circlet_count":0,"master_deck":["HollowMod:NailStrikeStart","HollowMod:NailStrikeStart","HollowMod:NailStrikeStart","HollowMod:NailStrikeStart","HollowMod:QuickDashStart","HollowMod:QuickDashStart","HollowMod:QuickDashStart+1","HollowMod:QuickDashStart+1","HollowMod:FocusHealStart","HollowMod:PogoStrike","theDuelist:SummoningCurse","HollowMod:CornifersMapStart","HollowMod:GoodIntentions","Injury","HollowMod:SoulStrike","HollowMod:FallenFury","HollowMod:GreatSlash","HollowMod:CycloneSlash","HollowMod:LifebloodCocoon","HollowMod:HeavyBlow","Replay:SS_hec_1","expansioncontent:PolyBeam","HollowMod:BaldurShell","HollowMod:MantisMark","HollowMod:Weaversong","HollowMod:DashSlash","HollowMod:SoulSplash","HollowMod:HornetsHelp","HollowMod:LifebloodCocoon+1","HollowMod:MawleksShell+1","HollowMod:ShadowDash"],"relics":["HollowMod:VesselMask","Thread and Needle","Golden Idol","Iron Hammer","DemoMod:GnawedKey","ReplayTheSpireMod:ShopPack","Pantograph","energizedSpire:DeadBattery","infinitespire:Beetle Shell","hubris:GrandSneckoEye","Hololive_LightStick","infinitespire:ShieldingShard","MutagenicStrength"],"acts_visited":["Exordium","TheCity"],"potions_floor_usage":[],"damage_taken":[{"damage":3,"enemies":"Small Slimes","floor":1,"turns":5},{"damage":0,"enemies":"Jaw Worm","floor":3,"turns":3},{"damage":0,"enemies":"Cultist","floor":5,"turns":4},{"damage":0,"enemies":"3 Louse","floor":7,"turns":5},{"damage":12,"enemies":"Exordium Thugs","floor":8,"turns":5},{"damage":0,"enemies":"Red Slaver","floor":10,"turns":3},{"damage":8,"enemies":"3 Louse","floor":12,"turns":4},{"damage":56,"enemies":"HollowMod:MossKnight","floor":14,"turns":22},{"damage":35,"enemies":"Slime Boss","floor":16,"turns":12},{"damage":19,"enemies":"Shell Parasite","floor":18,"turns":8},{"damage":31,"enemies":"HollowMod:HuskSentry","floor":19,"turns":7},{"damage":26,"enemies":"Snake Plant","floor":22,"turns":6},{"damage":0,"enemies":"conspire:HollyBat","floor":23,"turns":7},{"damage":0,"enemies":"Centurion and Healer","floor":24,"turns":11},{"damage":0,"enemies":"Snecko","floor":28,"turns":4},{"damage":27,"enemies":"Cultist and Chosen","floor":31,"turns":5}],"seed_played":"7197921756811220159","potions_obtained":[{"floor":1,"key":"Energy Potion"},{"floor":7,"key":"Fire Potion"},{"floor":8,"key":"Strength Potion"}],"is_trial":false,"path_per_floor":["M","?","M","?","M","R","M","M","T","M","$","M","R","E","R","B",null,"M","M","?","AVR","M","M","M","$","T","?","M","R","?","M"],"character_chosen":"THE_BUGKNIGHT","items_purchased":["HollowMod:CornifersMapStart","DemoMod:GnawedKey","HollowMod:HeavyBlow","ReplayTheSpireMod:ShopPack","Hololive_LightStick"],"campfire_rested":3,"item_purchase_floors":[0,11,11,11,25],"current_hp_per_floor":[72,72,72,72,75,75,75,69,69,69,69,61,75,31,53,46,75,56,25,25,25,5,5,5,5,5,5,5,27,24,0,0],"gold":157,"neow_bonus":"","is_daily":false,"chose_seed":false,"campfire_upgraded":1,"win_rate":0.0,"timestamp":1609997187,"path_taken":["M","?","M","?","?","R","M","M","T","M","?","M","R","E","R","BOSS","M","M","?","AVR","?","M","M","$","T","?","M","R","?","M"],"items_purchased_type":["Card","Relic","Card","Relic","Relic"],"build_version":"2020-12-22","purchased_purges":1,"victory":false,"max_hp_per_floor":[75,75,75,75,75,75,75,75,75,75,75,75,75,75,75,75,75,75,75,75,75,75,75,75,75,75,75,75,75,75,75,75],"card_choices":[{"not_picked":["HollowMod:FastStrike","HollowMod:SharpenedNail"],"picked":"HollowMod:GoodIntentions","floor":1},{"not_picked":["HollowMod:DreamGate","HollowMod:SharpenedShadows"],"picked":"HollowMod:SoulStrike","floor":3},{"not_picked":["HollowMod:GreatSlash","HollowMod:ChannelNail"],"picked":"HollowMod:FallenFury","floor":5},{"not_picked":["HollowMod:NewLittleFool","HollowMod:SoulSplash"],"picked":"HollowMod:GreatSlash","floor":7},{"not_picked":["HollowMod:GreatSlash","HollowMod:CornifersMapStart"],"picked":"HollowMod:CycloneSlash","floor":8},{"not_picked":["HollowMod:HornetsHelp","HollowMod:BlackTendrils"],"picked":"HollowMod:LifebloodCocoon","floor":10},{"not_picked":["The Bomb","Secret Weapon"],"picked":"DemoMod:Invincible","floor":11},{"not_picked":["Magnetism","expansioncontent:PrepareCrush"],"picked":"Replay:SS_hec_1","floor":11},{"not_picked":["ReplayTheSpireMod:Uncanny Aura","Midas Touch"],"picked":"expansioncontent:PolyBeam","floor":11},{"not_picked":["HollowMod:GreatSlash","HollowMod:WraithStrike"],"picked":"HollowMod:BaldurShell","floor":12},{"not_picked":["HollowMod:DescendingDark","HollowMod:CornifersMapStart"],"picked":"HollowMod:MantisMark","floor":14},{"not_picked":["HollowMod:VoidDash","HollowMod:MidwifesHunger"],"picked":"HollowMod:Weaversong","floor":16},{"not_picked":["HollowMod:LifebloodCocoon","HollowMod:InfectedCysts"],"picked":"HollowMod:DashSlash","floor":18},{"not_picked":["HollowMod:DescendingDark+1","HollowMod:HuntersJournal"],"picked":"HollowMod:SoulSplash","floor":19},{"not_picked":["HollowMod:HeavyBlow+1","HollowMod:GoodIntentions"],"picked":"HollowMod:HornetsHelp","floor":22},{"not_picked":["HollowMod:GreatSlash+1","HollowMod:BrokenVessel+1"],"picked":"HollowMod:LifebloodCocoon+1","floor":23},{"not_picked":["HollowMod:SharpenedNail","HollowMod:BrokenVessel"],"picked":"HollowMod:MawleksShell+1","floor":24},{"not_picked":["HollowMod:HowlingWraiths+1","HollowMod:CrystalDash+1"],"picked":"HollowMod:ShadowDash","floor":28}],"player_experience":84582,"relics_obtained":[{"floor":9,"key":"Iron Hammer"},{"floor":14,"key":"Pantograph"},{"floor":26,"key":"infinitespire:ShieldingShard"}],"event_choices":[{"damage_healed":0,"gold_gain":0,"player_choice":"Take Wound","damage_taken":0,"relics_obtained":["Golden Idol"],"max_hp_gain":0,"max_hp_loss":0,"event_name":"Golden Idol","floor":2,"gold_loss":0,"cards_obtained":["Injury"]},{"damage_healed":0,"gold_gain":0,"player_choice":"Ignored","damage_taken":0,"max_hp_gain":0,"max_hp_loss":0,"event_name":"NoteForYourself","floor":20,"gold_loss":0},{"damage_healed":0,"gold_gain":0,"player_choice":"Inject Mutagens","damage_taken":0,"relics_obtained":["MutagenicStrength"],"max_hp_gain":0,"max_hp_loss":0,"event_name":"Drug Dealer","floor":27,"gold_loss":0},{"damage_healed":0,"gold_gain":0,"player_choice":"Punched","damage_taken":3,"max_hp_gain":0,"max_hp_loss":0,"event_name":"Designer","floor":30,"gold_loss":0}],"is_beta":false,"boss_relics":[{"not_picked":["Busted Crown","Replay:Wanted Poster"],"picked":"energizedSpire:DeadBattery"}],"items_purged_floors":[21],"is_endless":false,"potions_floor_spawned":[1,7,8,10,19,23,24],"killed_by":"Cultist and Chosen","ascension_level":0}}