{"host":"o0q01dgb4z8zpo6o","time":1609986886,"event":{"mods":["BaseMod","GifTheSpireLib","Minty Spire (QoL Compilation)","Relic Stats","StSLib"],"gold_per_floor":[110,110,124,135,34,34,34,61,86,97,97,97,126,70,70,146,146,166,166,166],"floor_reached":19,"playtime":877,"items_purged":["Regret"],"score":314,"play_id":"65feb2e6-b21e-4ea0-9fd4-5effb93a0460","local_time":"20210106183446","is_ascension_mode":true,"campfire_choices":[{"data":"Coolheaded","floor":6.0,"key":"SMITH"},{"data":"Seek","floor":11.0,"key":"SMITH"},{"data":"Barrage","floor":15,"key":"SMITH"}],"circlet_count":0,"master_deck":["AscendersBane","Strike_B","Strike_B","Strike_B+1","Defend_B","Defend_B","Defend_B","Defend_B","Zap","Dualcast","Core Surge+1","Glacier","Ball Lightning","Seek+1","Coolheaded+1","Thunder Strike","Leap","Ball Lightning","Chill","Barrage+1","Core Surge"],"relics":["FrozenCore","MealTicket","Ornamental Fan","Blood Vial","Odd Mushroom"],"acts_visited":["Exordium","TheCity"],"potions_floor_usage":[19],"damage_taken":[{"damage":2.0,"enemies":"Jaw Worm","floor":1.0,"turns":3.0},{"damage":4.0,"enemies":"Cultist","floor":3.0,"turns":4.0},{"damage":3.0,"enemies":"Small Slimes","floor":4.0,"turns":3.0},{"damage":4.0,"enemies":"Gremlin Nob","floor":8.0,"turns":3.0},{"damage":2.0,"enemies":"2 Fungi Beasts","floor":10.0,"turns":3.0},{"damage":6.0,"enemies":"The Mushroom Lair","floor":13.0,"turns":5.0},{"damage":8,"enemies":"The Guardian","floor":16,"turns":12},{"damage":8,"enemies":"Spheric Guardian","floor":18,"turns":4},{"damage":77,"enemies":"Masked Bandits","floor":19,"turns":7}],"seed_played":"2394698692532536563","potions_obtained":[{"floor":1.0,"key":"AttackPotion"},{"floor":3.0,"key":"FocusPotion"},{"floor":13.0,"key":"DistilledChaos"}],"is_trial":false,"path_per_floor":["M","?","M","M","$","R","?","E","T","M","R","?","?","$","R","B",null,"M","?"],"character_chosen":"DEFECT","items_purchased":["Coolheaded","Barrage"],"campfire_rested":0,"item_purchase_floors":[5,14],"current_hp_per_floor":[62,62,58,55,70,70,70,66,66,66,66,45,41,56,56,50,66,60,0,0],"gold":166,"neow_bonus":"ONE_RANDOM_RARE_CARD","is_daily":false,"chose_seed":false,"campfire_upgraded":3,"win_rate":0.0,"timestamp":1609986886,"path_taken":["M","?","M","M","$","R","?","E","T","?","R","?","?","$","R","BOSS","M","?"],"items_purchased_type":["Card","Card"],"build_version":"2020-12-22","purchased_purges":1,"victory":false,"max_hp_per_floor":[71,71,71,71,71,71,71,71,71,71,71,71,71,71,71,71,71,71,71,71],"relic_stats":{"Blood Vial":10,"counters":[9,44],"Ornamental Fan":[12],"MealTicket":30,"obtain_stats":[{"Blood Vial":9,"Ornamental Fan":8,"MealTicket":2,"Odd Mushroom":13,"Cracked Core":0,"FrozenCore":17},{"Blood Vial":4,"Ornamental Fan":4,"MealTicket":1,"Odd Mushroom":6,"Cracked Core":0,"FrozenCore":7},{"Blood Vial":13,"Ornamental Fan":13,"MealTicket":3,"Odd Mushroom":21,"Cracked Core":0,"FrozenCore":33}],"FrozenCore":[2]},"card_choices":[{"not_picked":["Rebound","FTL"],"picked":"Glacier","floor":1.0},{"not_picked":["Leap","Streamline"],"picked":"Ball Lightning","floor":3.0},{"not_picked":["Melter","Coolheaded"],"picked":"Seek","floor":4.0},{"not_picked":["Steam","Leap","Aggregate"],"picked":"SKIP","floor":8.0},{"not_picked":["Steam","Aggregate"],"picked":"Leap","floor":8.0},{"not_picked":["Steam","Go for the Eyes"],"picked":"Ball Lightning","floor":10.0},{"not_picked":["Cold Snap","Stack"],"picked":"Chill","floor":13.0},{"not_picked":["Meteor Strike","Amplify"],"picked":"Core Surge","floor":16},{"not_picked":["Barrage","Undo","Force Field"],"picked":"SKIP","floor":18}],"player_experience":1050149,"relics_obtained":[{"floor":8.0,"key":"Ornamental Fan"},{"floor":9.0,"key":"Blood Vial"},{"floor":13.0,"key":"Odd Mushroom"}],"event_choices":[{"damage_healed":0.0,"max_hp_gain":0.0,"max_hp_loss":0.0,"gold_gain":0.0,"event_name":"Big Fish","player_choice":"Box","floor":2.0,"gold_loss":0.0,"damage_taken":0.0,"relics_obtained":["MealTicket"],"cards_obtained":["Regret"]},{"damage_healed":0.0,"max_hp_gain":0.0,"max_hp_loss":0.0,"gold_gain":0.0,"cards_transformed":["Strike_B"],"event_name":"Transmorgrifier","player_choice":"Transformed","floor":7.0,"gold_loss":0.0,"damage_taken":0.0,"cards_obtained":["Thunder Strike"]},{"damage_healed":0.0,"max_hp_gain":0.0,"max_hp_loss":0.0,"gold_gain":0.0,"event_name":"Shining Light","player_choice":"Entered Light","floor":12.0,"gold_loss":0.0,"damage_taken":21.0,"cards_upgraded":["Core Surge","Strike_B"]},{"damage_healed":0.0,"max_hp_gain":0.0,"max_hp_loss":0.0,"gold_gain":0.0,"event_name":"Mushrooms","player_choice":"Fought Mushrooms","floor":13.0,"gold_loss":0.0,"damage_taken":0.0},{"damage_healed":0,"gold_gain":0,"player_choice":"Fought Bandits","damage_taken":0,"max_hp_gain":0,"max_hp_loss":0,"event_name":"Masked Bandits","floor":19,"gold_loss":0}],"is_beta":false,"boss_relics":[{"not_picked":["Velvet Choker","SacredBark"],"picked":"FrozenCore"}],"items_purged_floors":[5],"is_endless":false,"potions_floor_spawned":[1,3,13],"killed_by":"Masked Bandits","ascension_level":18}}