{"host":"0npau4al1ghjijrr","time":1609998202,"event":{"mods":["ATMod(阿瑾Mod)","Act Like it!","BaseMod","Challenge The Spire","Decade(王小明)","Downfall","GungeonMod","Hallownest","Lobotomy","LobotomyExtend","Minty Spire (QoL Compilation)","Remilia（蕾米莉亚）","Replay The Spire","SOS（斯巴达之子）","Shop Mod","Spicy Shops","StSLib","The Bug Knight","Yuri Mod","vexMod","【遗物卡牌】REMEMod"],"gold_per_floor":[117,129,129,14,33,62,62,82,82,114,72,91,91,102,102,197,197,211,211,211,227,227,259,49,61,61,61,80,180,192,202,216,216,216,314,314,326,326,326,340,355,383,383,383,453,453,472,472,507,102,102,102],"floor_reached":53,"playtime":2398,"items_purged":["yuri:yuriDefend","yuri:yuriStrike"],"score":751,"play_id":"bc84e920-7683-4d0f-bd42-8bdf31ba3dd3","local_time":"20210107134322","is_ascension_mode":false,"campfire_choices":[{"data":"MastersStateliness","floor":7,"key":"SMITH"},{"data":"yuri:GrowingInsanity","floor":13,"key":"SMITH"},{"data":"yuri:RemoveSafetyChecks","floor":15,"key":"SMITH"},{"data":"AT_ShrugMaster","floor":27,"key":"SMITH"},{"data":"yuri:NoEscape","floor":33,"key":"SMITH"},{"data":"yuri:ConsumeGlitch","floor":44,"key":"SMITH"},{"data":"yuri:DragonForm","floor":46,"key":"SMITH"},{"data":"yuri:HeavierStrike","floor":51,"key":"SMITH"}],"circlet_count":0,"master_deck":["yuri:yuriStrike","yuri:yuriStrike","yuri:yuriStrike","yuri:yuriDefend","yuri:yuriDefend","yuri:yuriDefend","yuri:Oolong","yuri:yuriStab","MastersStateliness+1","AT_ShrugMaster+1","yuri:ThrowBook","yuri:CalmingAura","yuri:yuriQuickStrike","yuri:NoEscape+1","yuri:RemoveSafetyChecks+1","yuri:Torment+1","CurseOfTheBell","yuri:HeavierStrike+1","yuri:GrowingInsanity+1","yuri:GlitchedStrike+1","yuri:Stalk+1","yuri:NoEscape+1","yuri:DragonForm+1","yuri:HoldBack+1","yuri:ConsumeGlitch+1","expansioncontent:CaCaw+1","Impatience+1","ReplayTheSpireMod:Private Reserves+1"],"relics":["yuri:yuriKnife","AT_ATBox","REME_ComplimentaryCards","Pet Ghost","Bronze Scales","AT_LudenTempest","BargainBundle","DemoMod:NanoMachines","REME_HandOfSuture","Toolbox","Blood Vial","DemoMod:PinkGuonStone","Calling Bell","Blue Doll","Pantograph","Du-Vu Doll","Letter Opener","Membership Card","AT_Manta","DemoMod:RatBoots","DemoMod:ResourcefulSack","DemoMod:PartiallyEatenCheese","REME_LowDesire","Akabeko","Replay:Mystery Machine","Regal Pillow","AT_SilvercatRing","AT_DeathDance","REME_CardOfGreed","Vajra","Shuriken","Orrery"],"acts_visited":["Exordium","TheCity","DemoMod:Maze","TheBeyond"],"potions_floor_usage":[6],"damage_taken":[{"damage":5,"enemies":"Small Slimes","floor":1,"turns":4},{"damage":2,"enemies":"Cultist","floor":2,"turns":3},{"damage":3,"enemies":"Jaw Worm","floor":5,"turns":3},{"damage":3,"enemies":"Gremlin Nob","floor":6,"turns":4},{"damage":1,"enemies":"Blue Slaver","floor":8,"turns":3},{"damage":5,"enemies":"Lagavulin","floor":10,"turns":4},{"damage":0,"enemies":"Large Slime","floor":12,"turns":3},{"damage":0,"enemies":"2 Fungi Beasts","floor":14,"turns":1},{"damage":28,"enemies":"Hexaghost","floor":16,"turns":5},{"damage":0,"enemies":"Spheric Guardian","floor":18,"turns":2},{"damage":5,"enemies":"2 Thieves","floor":21,"turns":3},{"damage":5,"enemies":"Replay:Snechameleon","floor":23,"turns":4},{"damage":0,"enemies":"Centurion and Healer","floor":25,"turns":3},{"damage":0,"enemies":"DemoMod:Red_and_blue_shotgun_kin","floor":28,"turns":2},{"damage":0,"enemies":"DemoMod:Veteran_shot_gun_kin_and_bullet_kin","floor":29,"turns":1},{"damage":2,"enemies":"DemoMod:2_Mousers","floor":30,"turns":2},{"damage":11,"enemies":"DemoMod:Veteran_shot_gun_kin_and_blue_shotgun_kin","floor":31,"turns":2},{"damage":10,"enemies":"DemoMod:Red_and_blue_shotgun_kin_with_gunsinger","floor":32,"turns":2},{"damage":43,"enemies":"DemoMod:ResourcefulRat","floor":35,"turns":9},{"damage":7,"enemies":"Orb Walker","floor":37,"turns":3},{"damage":1,"enemies":"3 Shapes","floor":40,"turns":3},{"damage":6,"enemies":"Sphere and 2 Shapes","floor":41,"turns":3},{"damage":4,"enemies":"Nemesis","floor":42,"turns":3},{"damage":11,"enemies":"Jaw Worm Horde","floor":47,"turns":2},{"damage":9,"enemies":"HollowMod:StalkingDevout","floor":49,"turns":5},{"damage":14,"enemies":"Time Eater","floor":52,"turns":6}],"seed_played":"7333612459459363865","potions_obtained":[{"floor":1,"key":"EssenceOfSteel"},{"floor":2,"key":"DistilledChaos"},{"floor":6,"key":"AttackPotion"},{"floor":14,"key":"Elixir"}],"is_trial":false,"path_per_floor":["M","M","?","$","M","E","R","M","T","E","$","M","R","M","R","B",null,"M","?","?","M","?","E","$","M","T","R","M","M","M","M","M","R","B","B",null,"M","?","?","M","M","E","?","R","T","R","M","?","E","$","R","B",null],"character_chosen":"YURI","items_purchased":["DemoMod:GnawedKey","BargainBundle","DemoMod:NanoMachines","REME_HandOfSuture","Toolbox","Blood Vial","DemoMod:PinkGuonStone","yuri:NoEscape+1","yuri:RemoveSafetyChecks","Membership Card","AT_Manta","REME_CardOfGreed","Vajra","Shuriken","Orrery"],"campfire_rested":0,"item_purchase_floors":[4,11,11,11,11,11,11,11,11,24,24,50,50,50,50],"current_hp_per_floor":[71,71,71,71,69,70,70,72,72,69,76,79,79,79,79,59,79,79,79,79,76,76,77,77,79,79,79,79,79,77,68,60,60,74,44,79,79,79,79,78,78,75,75,75,75,75,74,74,73,73,73,74],"gold":102,"neow_bonus":"REMOVE_TWO","is_daily":false,"chose_seed":false,"campfire_upgraded":8,"win_rate":0.0,"timestamp":1609998202,"path_taken":["M","M","?","?","?","E","R","M","T","E","$","M","R","M","R","BOSS","M","?","?","M","?","E","$","M","T","R","M","M","M","M","M","R","BOSS","BOSS","M","?","?","M","?","E","?","R","T","R","M","?","E","$","R","BOSS"],"items_purchased_type":["Relic","Relic","Relic","Relic","Relic","Relic","Relic","Card","Card","Relic","Relic","Relic","Relic","Relic","Relic"],"build_version":"2020-12-22","purchased_purges":2,"victory":true,"max_hp_per_floor":[72,72,72,72,72,72,72,72,72,72,79,79,79,79,79,79,79,79,79,79,79,79,79,79,79,79,79,79,79,79,79,79,79,79,79,79,79,79,79,79,79,79,79,79,79,79,79,79,79,79,79,79],"card_choices":[{"not_picked":["yuri:RecklessStrike","yuri:RelentlessStrikes"],"picked":"yuri:ThrowBook","floor":1},{"not_picked":["yuri:MultiDip","yuri:InsanityDefense"],"picked":"yuri:GrowingInsanity","floor":2},{"not_picked":["yuri:ThrowBook","yuri:Skip"],"picked":"yuri:CalmingAura","floor":5},{"not_picked":["yuri:DejaVu","yuri:Stare"],"picked":"yuri:yuriQuickStrike","floor":6},{"not_picked":["yuri:yuriQuickStrike","yuri:MPose","yuri:DebugCard"],"picked":"SKIP","floor":8},{"not_picked":["yuri:UnstableStrike","yuri:ThrowBook","yuri:GrowingInsanity"],"picked":"SKIP","floor":10},{"not_picked":["yuri:Suicide","yuri:RecklessStrike","yuri:RepairCode"],"picked":"SKIP","floor":12},{"not_picked":["yuri:UntestedCode","yuri:Stalk","yuri:ThrowBook"],"picked":"SKIP","floor":14},{"not_picked":["yuri:MagneticKnives","yuri:JumpScare"],"picked":"yuri:Torment","floor":16},{"not_picked":["yuri:RecklessStrike","yuri:ThrowingKnives"],"picked":"yuri:HeavierStrike","floor":18},{"not_picked":["yuri:ThrowBook","yuri:Stare","yuri:Skip"],"picked":"SKIP","floor":21},{"not_picked":["yuri:ThrowingKnives","yuri:Skip"],"picked":"yuri:GrowingInsanity+1","floor":23},{"not_picked":["yuri:Skip","yuri:GreenTea","yuri:BrokenCode"],"picked":"SKIP","floor":25},{"not_picked":["yuri:yuriHeavyStrike+1","yuri:Torment","yuri:yuriQuickStrike+1"],"picked":"SKIP","floor":28},{"not_picked":["yuri:MPose","yuri:Spin+1"],"picked":"yuri:GlitchedStrike+1","floor":29},{"not_picked":["yuri:TPose","yuri:GlitchedStrike+1"],"picked":"yuri:Stalk+1","floor":30},{"not_picked":["yuri:Stalk","yuri:ThrowBook","yuri:Stare+1"],"picked":"SKIP","floor":31},{"not_picked":["yuri:yuriQuickStrike","yuri:ThrowBook"],"picked":"yuri:NoEscape","floor":32},{"not_picked":["yuri:GlitchRemove","yuri:Torment"],"picked":"yuri:DragonForm","floor":35},{"not_picked":["yuri:BookPurple+1","yuri:ReactiveMadness+1","Trip+1"],"picked":"yuri:HoldBack+1","floor":37},{"not_picked":["yuri:HeavierStrike+1","yuri:ThornRemove+1","yuri:yuriQuickStrike+1","The Bomb"],"picked":"SKIP","floor":40},{"not_picked":["yuri:ChibiInvasion","yuri:HoldBack","yuri:TPose+1","expansioncontent:Flail+1"],"picked":"SKIP","floor":41},{"not_picked":["yuri:ArmBrace","yuri:Spin+1","expansioncontent:YouAreMine"],"picked":"yuri:ConsumeGlitch","floor":42},{"not_picked":["yuri:SeeingDouble","yuri:ReloadGame","yuri:Skip"],"picked":"expansioncontent:CaCaw+1","floor":47},{"not_picked":["yuri:HeavierStrike+1","yuri:BookGreen+1","yuri:Spin+1","Swift Strike+1"],"picked":"SKIP","floor":49},{"not_picked":["yuri:Suicide","yuri:yuriQuickStrike+1","yuri:WickedSlash"],"picked":"Impatience+1","floor":50},{"not_picked":["yuri:CorruptHitbox","yuri:yuriHeavyStrike+1","yuri:RecklessStrike"],"picked":"ReplayTheSpireMod:Private Reserves+1","floor":50}],"player_experience":207445,"relics_obtained":[{"floor":6,"key":"Pet Ghost"},{"floor":9,"key":"Bronze Scales"},{"floor":10,"key":"AT_LudenTempest"},{"floor":17,"key":"Blue Doll"},{"floor":17,"key":"Pantograph"},{"floor":17,"key":"Du-Vu Doll"},{"floor":23,"key":"Letter Opener"},{"floor":36,"key":"DemoMod:RatBoots"},{"floor":36,"key":"DemoMod:ResourcefulSack"},{"floor":36,"key":"DemoMod:PartiallyEatenCheese"},{"floor":36,"key":"REME_LowDesire"},{"floor":36,"key":"Akabeko"},{"floor":36,"key":"Replay:Mystery Machine"},{"floor":42,"key":"Regal Pillow"},{"floor":45,"key":"AT_SilvercatRing"},{"floor":49,"key":"AT_DeathDance"}],"event_choices":[{"damage_healed":0,"gold_gain":0,"player_choice":"Bought 0 Potions","damage_taken":0,"max_hp_gain":0,"max_hp_loss":0,"event_name":"The Woman in Blue","floor":3,"gold_loss":0},{"damage_healed":0,"gold_gain":0,"player_choice":"Ignored","damage_taken":0,"max_hp_gain":0,"max_hp_loss":0,"event_name":"Ghosts","floor":19,"gold_loss":0},{"damage_healed":0,"gold_gain":0,"player_choice":"Ignored","damage_taken":0,"max_hp_gain":0,"max_hp_loss":0,"event_name":"Tomb of Lord Red Mask","floor":38,"gold_loss":0},{"cards_removed":["Doubt"],"damage_healed":0,"gold_gain":0,"player_choice":"Removed Curses","damage_taken":0,"max_hp_gain":0,"max_hp_loss":0,"event_name":"Fountain of Cleansing","floor":39,"gold_loss":0},{"damage_healed":0,"gold_gain":0,"player_choice":"Memory 1","damage_taken":0,"max_hp_gain":0,"max_hp_loss":0,"event_name":"SensoryStone","floor":43,"gold_loss":0},{"damage_healed":0,"gold_gain":0,"player_choice":"Ignored","damage_taken":0,"max_hp_gain":0,"max_hp_loss":0,"event_name":"Falling","floor":48,"gold_loss":0}],"is_beta":false,"boss_relics":[{"not_picked":["Empty Cage","Honey Jar"],"picked":"Calling Bell"},{"not_picked":[]}],"items_purged_floors":[11,50],"is_endless":false,"potions_floor_spawned":[1,2,6,14,30,32,35,37,40],"ascension_level":0}}