{"host":"ig7tc0uedzltt2sr","time":1609990905,"event":{"mods":["BaseMod","Better Twitch Integration","Block Reminder","Colored Map","Colored Powertips","Communication Mod","Current Relic Mod","GifTheSpireLib","HexUI Lib","Minty Spire (QoL Compilation)","Quick Restart","Random Character Button","Rare Cards Sparkle","Relic Sorter","Relic Stats","Slay the Relics Exporter","StSLib","SuperFastMode","Synergy Search","Twitch Decklist","Twitch Utils","everything is the same but u backflip on backflip","slay the spire mod where everything is the same but ironclad has a cowboy hat"],"gold_per_floor":[119,134,148,168,180,180,150,150,201,127,149,175,175,175,175,175,175],"floor_reached":16,"playtime":98,"items_purged":[],"score":94,"play_id":"1df9b1dc-c90f-480d-b99d-9f44a4828876","local_time":"20210106194145","is_ascension_mode":false,"campfire_choices":[{"data":"Strike_R","floor":6,"key":"SMITH"},{"floor":15,"key":"REST"}],"circlet_count":0,"master_deck":["Strike_R+1","Strike_R","Strike_R","Strike_R","Strike_R","Defend_R","Defend_R","Defend_R","Defend_R","Shrug It Off","Perfected Strike","Double Tap","Rampage","Dropkick","Fire Breathing","Bandage Up","Searing Blow","Thunderclap"],"relics":["Burning Blood","NeowsBlessing","CeramicFish"],"acts_visited":["Exordium"],"potions_floor_usage":[],"damage_taken":[{"damage":0,"enemies":"Jaw Worm","floor":1,"turns":1},{"damage":0,"enemies":"2 Louse","floor":2,"turns":1},{"damage":0,"enemies":"Small Slimes","floor":3,"turns":2},{"damage":25,"enemies":"2 Fungi Beasts","floor":4,"turns":8},{"damage":19,"enemies":"Red Slaver","floor":5,"turns":8},{"damage":10,"enemies":"Looter","floor":7,"turns":4},{"damage":36,"enemies":"Exordium Wildlife","floor":11,"turns":7},{"damage":36,"enemies":"2 Fungi Beasts","floor":12,"turns":6},{"damage":72,"enemies":"The Guardian","floor":16,"turns":6}],"seed_played":"7513063161526636712","potions_obtained":[{"floor":3,"key":"Regen Potion"},{"floor":4,"key":"BlessingOfTheForge"},{"floor":5,"key":"FairyPotion"}],"is_trial":false,"path_per_floor":["M","M","M","M","M","R","M","?","T","$","M","M","?","?","R","B"],"character_chosen":"IRONCLAD","items_purchased":["Bandage Up"],"campfire_rested":1,"item_purchase_floors":[10],"current_hp_per_floor":[80,80,80,62,49,49,45,45,45,45,19,30,30,30,54,0,0],"gold":175,"neow_bonus":"THREE_ENEMY_KILL","is_daily":false,"chose_seed":false,"campfire_upgraded":1,"win_rate":0.0,"timestamp":1609990905,"path_taken":["M","M","M","M","M","R","M","?","T","$","M","M","?","?","R","BOSS"],"items_purchased_type":["Card"],"build_version":"2020-12-22","purchased_purges":0,"victory":false,"max_hp_per_floor":[80,80,80,80,80,80,80,80,80,80,80,80,80,80,80,80,80],"relic_stats":{"counters":[9,43],"CeramicFish":27,"obtain_stats":[{"NeowsBlessing":0,"CeramicFish":9,"Burning Blood":0},{"NeowsBlessing":0,"CeramicFish":6,"Burning Blood":0},{"NeowsBlessing":0,"CeramicFish":24,"Burning Blood":0}],"Burning Blood":30},"card_choices":[{"not_picked":["True Grit","Headbutt"],"picked":"Shrug It Off","floor":1},{"not_picked":["Twin Strike","Sword Boomerang"],"picked":"Perfected Strike","floor":2},{"not_picked":["Pommel Strike","Anger"],"picked":"Double Tap","floor":3},{"not_picked":["Flex","Evolve"],"picked":"Rampage","floor":4},{"not_picked":["Warcry","Anger"],"picked":"Dropkick","floor":5},{"not_picked":["Inflame","Battle Trance"],"picked":"Fire Breathing","floor":7},{"not_picked":["Flex","Shockwave"],"picked":"Searing Blow","floor":11},{"not_picked":["Anger","Heavy Blade"],"picked":"Thunderclap","floor":12}],"player_experience":1443564,"relics_obtained":[{"floor":9,"key":"CeramicFish"}],"event_choices":[{"damage_healed":0,"gold_gain":0,"player_choice":"Ignored","damage_taken":0,"max_hp_gain":0,"max_hp_loss":0,"event_name":"Golden Wing","floor":8,"gold_loss":0},{"cards_removed":["Bash"],"damage_healed":0,"gold_gain":0,"player_choice":"Forget","damage_taken":0,"max_hp_gain":0,"max_hp_loss":0,"event_name":"Living Wall","floor":13,"gold_loss":0},{"damage_healed":0,"gold_gain":0,"player_choice":"Ignored","damage_taken":0,"max_hp_gain":0,"max_hp_loss":0,"event_name":"Golden Shrine","floor":14,"gold_loss":0}],"is_beta":false,"boss_relics":[],"items_purged_floors":[],"is_endless":false,"potions_floor_spawned":[3,4,5],"killed_by":"The Guardian","ascension_level":0}}