{"host":"uflv0e3ja7hvnij7","time":1609986648,"event":{"mods":["BaseMod","Better Altar","Better Match","Better Note","Better Sensory Stone","Better Skull","Better Third Choice","Minty Spire (QoL Compilation)","Permanent Neow","Replay The Spire","StSLib"],"gold_per_floor":[113,124,142,9,22,22,48,48,48,48,48,83,103,128,128,226,226,236,136,136,11,11,36,36,65,92,111,140,55,75,75,75,175,175,186,197,197,214,232,232,232],"floor_reached":40,"playtime":2695,"items_purged":["Strike_G","Doubt","Decay"],"score":693,"play_id":"2e673141-ac39-446f-a31e-4b4ee03511cc","local_time":"20210106213048","is_ascension_mode":true,"campfire_choices":[{"data":"Cloak And Dagger","floor":6,"key":"SMITH"},{"data":"Cloak And Dagger","floor":8,"key":"SMITH"},{"data":"Blade Dance","floor":11,"key":"SMITH"},{"floor":15,"key":"DIG"},{"floor":24,"key":"REST"},{"floor":32,"key":"REST"}],"circlet_count":0,"master_deck":["Strike_G","Strike_G","Strike_G","Strike_G","Defend_G","Defend_G","Defend_G","Defend_G","Defend_G","Survivor","Neutralize","Phantasmal Killer","Cloak And Dagger+1","Blade Dance+1","Infinite Blades","Infinite Blades","Cloak And Dagger+1","Dagger Throw","Burst","CommonCold","Venomology","Demon Form+1","Cloak And Dagger","Terror","After Image+1","Cloak And Dagger+1","Venomology","Parasite","Dodge and Roll","Leg Sweep"],"relics":["Ring of the Snake","Anchor","Bottled Tornado","Frozen Egg 2","Question Card","Replay:Ancient Bell","Pen Nib","Quantum Egg","Bird Faced Urn","Vampiric Spirits","Bottled Flame","MealTicket","Divine Protection","Snack Pack","ReplayTheSpireMod:DimensionalGlitch"],"acts_visited":["Exordium","TheCity","TheBeyond"],"potions_floor_usage":[2,7,12,14,18,23,23,23,23,23,25,28,33,33,33,38,38,39,39,39,40],"damage_taken":[{"damage":0,"enemies":"Cultist","floor":1,"turns":4},{"damage":0,"enemies":"Jaw Worm","floor":2,"turns":3},{"damage":3,"enemies":"Small Slimes","floor":3,"turns":4},{"damage":0,"enemies":"2 Fungi Beasts","floor":5,"turns":4},{"damage":7,"enemies":"Gremlin Nob","floor":7,"turns":3},{"damage":0,"enemies":"3 Sentries","floor":12,"turns":5},{"damage":0,"enemies":"Looter","floor":13,"turns":3},{"damage":12,"enemies":"Gremlin Nob","floor":14,"turns":2},{"damage":20,"enemies":"The Guardian","floor":16,"turns":12},{"damage":0,"enemies":"2 Thieves","floor":18,"turns":3},{"damage":17,"enemies":"Book of Stabbing","floor":23,"turns":5},{"damage":22,"enemies":"Slavers","floor":25,"turns":5},{"damage":0,"enemies":"3 Byrds","floor":27,"turns":4},{"damage":38,"enemies":"Book of Stabbing","floor":28,"turns":5},{"damage":0,"enemies":"Centurion and Healer","floor":30,"turns":6},{"damage":58,"enemies":"Automaton","floor":33,"turns":7},{"damage":45,"enemies":"3 Darklings","floor":35,"turns":4},{"damage":0,"enemies":"Orb Walker","floor":36,"turns":3},{"damage":26,"enemies":"Writhing Mass","floor":38,"turns":10},{"damage":5,"enemies":"4 Shapes","floor":39,"turns":8},{"damage":36,"enemies":"R_Hoarder","floor":40,"turns":6}],"seed_played":"6577538407421947037","potions_obtained":[{"floor":0,"key":"DuplicationPotion"},{"floor":0,"key":"LiquidMemories"},{"floor":0,"key":"CunningPotion"},{"floor":2,"key":"Energy Potion"},{"floor":5,"key":"Death Potion"},{"floor":7,"key":"CunningPotion"},{"floor":18,"key":"LiquidMemories"},{"floor":20,"key":"Languid Potion"},{"floor":20,"key":"PowerPotion"},{"floor":23,"key":"Poison Potion"},{"floor":30,"key":"GhostInAJar"},{"floor":38,"key":"Reflective Coating"}],"is_trial":false,"path_per_floor":["M","M","M","$","M","R","E","R","T","?","R","E","M","E","R","B",null,"M","$","?","$","?","E","R","E","T","M","E","?","M","?","R","B",null,"M","M","?","M","M","E"],"character_chosen":"THE_SILENT","items_purchased":["Infinite Blades"],"campfire_rested":2,"item_purchase_floors":[4],"current_hp_per_floor":[63,63,60,60,60,60,53,53,53,57,57,57,57,45,45,25,59,61,61,61,61,61,48,69,50,50,52,23,23,37,37,58,18,57,19,23,23,9,18,0,0],"gold":232,"neow_bonus":"THREE_SMALL_POTIONS","is_daily":false,"chose_seed":false,"campfire_upgraded":3,"win_rate":0.0,"timestamp":1609986648,"path_taken":["M","M","M","$","M","R","E","R","T","?","R","E","M","E","R","BOSS","M","$","?","$","?","E","R","E","T","M","E","?","M","?","R","BOSS","M","M","?","M","?","E"],"items_purchased_type":["Card"],"build_version":"2020-12-22","purchased_purges":3,"victory":false,"max_hp_per_floor":[70,70,70,70,70,70,70,70,70,70,70,70,70,70,70,70,70,70,70,70,70,70,70,70,70,70,70,70,70,70,70,70,70,70,70,70,70,70,70,70,70],"card_choices":[{"not_picked":["Blade Dance","Underhanded Strike"],"picked":"Phantasmal Killer","floor":1},{"not_picked":["Flying Knee","Dagger Throw"],"picked":"Cloak And Dagger","floor":2},{"not_picked":["Endless Agony","Concentrate"],"picked":"Blade Dance","floor":3},{"not_picked":["Draining Mist","Dagger Spray"],"picked":"Cloak And Dagger","floor":5},{"not_picked":["Expertise","Heel Hook","Backflip"],"picked":"SKIP","floor":7},{"not_picked":["Poisoned Stab","Bane"],"picked":"Dagger Throw","floor":12},{"not_picked":["Flying Knee","Quick Slash","Draining Mist"],"picked":"SKIP","floor":13},{"not_picked":["Dash","PiercingWail","Prepared"],"picked":"SKIP","floor":14},{"not_picked":["Bullet Time","Night Terror","Atom Bomb"],"picked":"Burst","floor":16},{"not_picked":["Spreading Infection","Languid","ReplayTheSpireMod:Faulty Equipment"],"picked":"Decay","floor":17},{"not_picked":["betterMatch:CurseCard","Regret","Hallucinations"],"picked":"CommonCold","floor":17},{"not_picked":["Hallucinations","Replay:Hysterical Blindness","Amnesia"],"picked":"Doubt","floor":17},{"not_picked":["Slice","Dodge and Roll","Draining Mist"],"picked":"Venomology","floor":18},{"not_picked":["Acrobatics+1","Deadly Poison","Dagger Spray","Backflip"],"picked":"SKIP","floor":23},{"not_picked":["Bane","Replay:Poison Smokescreen+1","Blade Dance+1"],"picked":"Cloak And Dagger","floor":25},{"not_picked":["Blade Dance","Dagger Throw","Storm of Steel"],"picked":"Terror","floor":27},{"not_picked":["Underhanded Strike","Draining Mist","Deadly Poison+1","Quick Slash"],"picked":"SKIP","floor":28},{"not_picked":["Reflex+1","ReplayTheSpireMod:Scrap Shanks+1","Backflip","Blade Dance"],"picked":"SKIP","floor":30},{"not_picked":["Envenom+1","Malaise","Night Terror"],"picked":"After Image+1","floor":33},{"not_picked":["Flying Knee","Underhanded Strike+1","Dash+1"],"picked":"Cloak And Dagger+1","floor":35},{"not_picked":["Deadly Poison+1","Dagger Throw","Well Laid Plans+1","Quick Slash+1"],"picked":"SKIP","floor":36},{"not_picked":["Blade Dance+1","Backflip+1","Bane"],"picked":"Dodge and Roll","floor":38},{"not_picked":["Slice","Quick Slash","Phantasmal Killer"],"picked":"Leg Sweep","floor":39}],"player_experience":506927,"relics_obtained":[{"floor":7,"key":"Anchor"},{"floor":12,"key":"Bottled Tornado"},{"floor":14,"key":"Frozen Egg 2"},{"floor":15,"key":"Question Card"},{"floor":23,"key":"Vampiric Spirits"},{"floor":25,"key":"Bottled Flame"},{"floor":26,"key":"MealTicket"},{"floor":28,"key":"Divine Protection"}],"event_choices":[{"damage_healed":4,"gold_gain":0,"player_choice":"LEAVE ","damage_taken":0,"relics_obtained":[],"max_hp_gain":0,"max_hp_loss":0,"event_name":"betterSkull:BetterSkull","floor":10,"gold_loss":0,"cards_upgraded":[]},{"damage_healed":0,"gold_gain":0,"player_choice":"Got Potions","damage_taken":0,"max_hp_gain":0,"max_hp_loss":0,"event_name":"Lab","floor":20,"gold_loss":0},{"cards_removed":["Phantasmal Killer"],"damage_healed":0,"gold_gain":0,"player_choice":"Take \u0026 Give","damage_taken":0,"max_hp_gain":0,"max_hp_loss":0,"event_name":"betterNote:BetterNote","floor":22,"gold_loss":0,"cards_obtained":["Demon Form"]},{"damage_healed":0,"gold_gain":0,"player_choice":"Obtained Relic","damage_taken":0,"relics_obtained":["Snack Pack"],"max_hp_gain":0,"max_hp_loss":0,"event_name":"Addict","floor":29,"gold_loss":85},{"damage_healed":0,"gold_gain":0,"player_choice":"Copied","damage_taken":0,"max_hp_gain":0,"max_hp_loss":0,"event_name":"Duplicator","floor":37,"gold_loss":0,"cards_obtained":["Venomology"]}],"is_beta":false,"boss_relics":[{"not_picked":["Snecko Eye","Honey Jar"],"picked":"Replay:Ancient Bell"},{"not_picked":["War Paint","Tiny Chest"],"picked":"Pen Nib"},{"not_picked":["Ornamental Fan","Iron Hammer"],"picked":"Quantum Egg"},{"not_picked":["Replay:Kaleidoscope","Gambling Chip"],"picked":"Bird Faced Urn"},{"not_picked":["Empty Cage","Replay:Drink Me"],"picked":"ReplayTheSpireMod:DimensionalGlitch"}],"items_purged_floors":[4,19,21],"is_endless":false,"potions_floor_spawned":[2,5,7,18,23,30,38],"killed_by":"R_Hoarder","ascension_level":6}}