{"host":"1iwkvlftzq7l25pj","time":1609986284,"event":{"mods":["AchievementEnabler","BaseMod","Colored Map","Colored Powertips","Minty Spire (QoL Compilation)","StSLib"],"gold_per_floor":[115,115,134,153,153,153,187,16,16,53,82,120,49,75,75,180,180,202,222,131,140,153,164,198,198,225,225,225,266,366,390,390,498,498,519,20,75,45,60,85,85,85,85,102,143,1,1,1,1,1,1,1,1,38,38,38],"floor_reached":55,"playtime":3935,"items_purged":["Strike_B+1"],"score":895,"play_id":"c6798aa7-8c50-4322-966d-d1bf0fe6c789","local_time":"20210106212444","is_ascension_mode":true,"campfire_choices":[{"data":"Loop","floor":15,"key":"SMITH"},{"floor":25,"key":"REST"},{"floor":27,"key":"REST"},{"floor":32,"key":"REST"},{"floor":41,"key":"RECALL"},{"data":"PiercingWail","floor":47,"key":"SMITH"},{"data":"Loop","floor":49,"key":"SMITH"},{"data":"Adrenaline","floor":52,"key":"SMITH"}],"circlet_count":0,"master_deck":["Strike_B","Strike_B","Strike_B","Defend_B","Defend_B","Defend_B","Defend_B+1","Zap","Dualcast","Conserve Battery+1","Ball Lightning","Cold Snap","CutThroughFate","Calculated Gamble","PiercingWail+1","Loop+1","Backflip","Phantasmal Killer","Inflame","Conserve Battery","Loop+1","Quick Slash","CrushJoints+1","Adrenaline+1","Leap+1","Sunder","Stack","Leap","Reboot+1","Coolheaded","Conserve Battery","Barrage","Go for the Eyes","Loop+1","Finesse"],"relics":["Cracked Core","Orichalcum","Blood Vial","FossilizedHelix","PrismaticShard","InkBottle","CeramicFish","Bag of Preparation","SlaversCollar","The Courier","Bag of Marbles","Ancient Tea Set","Coffee Dripper","Gambling Chip","Du-Vu Doll","Pear","DataDisk","Gremlin Horn","War Paint"],"acts_visited":["Exordium","TheCity","TheBeyond","TheEnding"],"potions_floor_usage":[16,22,24,33,37,37,50,54,55,55],"damage_taken":[{"damage":0,"enemies":"2 Louse","floor":1,"turns":3},{"damage":1,"enemies":"Jaw Worm","floor":3,"turns":4},{"damage":0,"enemies":"Cultist","floor":4,"turns":3},{"damage":18,"enemies":"Lagavulin","floor":7,"turns":8},{"damage":11,"enemies":"3 Sentries","floor":10,"turns":7},{"damage":0,"enemies":"Looter","floor":11,"turns":2},{"damage":0,"enemies":"Gremlin Nob","floor":12,"turns":4},{"damage":0,"enemies":"Gremlin Gang","floor":14,"turns":3},{"damage":25,"enemies":"Slime Boss","floor":16,"turns":12},{"damage":0,"enemies":"Shell Parasite","floor":18,"turns":5},{"damage":0,"enemies":"Chosen","floor":19,"turns":5},{"damage":28,"enemies":"Shelled Parasite and Fungi","floor":22,"turns":6},{"damage":8,"enemies":"Centurion and Healer","floor":23,"turns":10},{"damage":26,"enemies":"Slavers","floor":24,"turns":8},{"damage":19,"enemies":"Gremlin Leader","floor":29,"turns":7},{"damage":9,"enemies":"3 Cultists","floor":31,"turns":6},{"damage":44,"enemies":"Champ","floor":33,"turns":12},{"damage":28,"enemies":"3 Darklings","floor":35,"turns":7},{"damage":24,"enemies":"2 Orb Walkers","floor":37,"turns":6},{"damage":0,"enemies":"3 Shapes","floor":39,"turns":5},{"damage":0,"enemies":"Nemesis","floor":40,"turns":7},{"damage":13,"enemies":"Transient","floor":44,"turns":5},{"damage":8,"enemies":"Reptomancer","floor":45,"turns":6},{"damage":16,"enemies":"Donu and Deca","floor":50,"turns":10},{"damage":18,"enemies":"Shield and Spear","floor":54,"turns":7},{"damage":82,"enemies":"The Heart","floor":55,"turns":6}],"seed_played":"-798068754531612571","potions_obtained":[{"floor":1,"key":"Ancient Potion"},{"floor":7,"key":"SneckoOil"},{"floor":12,"key":"Regen Potion"},{"floor":19,"key":"Weak Potion"},{"floor":22,"key":"Fruit Juice"},{"floor":29,"key":"BlessingOfTheForge"},{"floor":37,"key":"Weak Potion"},{"floor":38,"key":"LiquidBronze"},{"floor":38,"key":"Ancient Potion"},{"floor":54,"key":"PowerPotion"}],"is_trial":false,"path_per_floor":["M","?","M","M","?","?","E","$","T","E","M","E","$","M","R","B",null,"M","M","$","?","M","M","E","R","T","R","?","E","?","M","R","B",null,"M","$","?","?","M","E","R","T","T","M","E","$","R","$","R","B",null,"R","$","E","B"],"character_chosen":"DEFECT","items_purchased":["PrismaticShard","Cold Snap","Loop","Conserve Battery","Energy Potion","Gambling Chip","Sunder","Stack","Leap","Reboot","Coolheaded","Conserve Battery","Loop","PotionOfCapacity"],"campfire_rested":3,"item_purchase_floors":[8,8,13,20,20,36,36,36,36,36,36,36,46,46],"current_hp_per_floor":[75,75,74,74,59,59,43,43,43,34,36,38,38,40,40,17,75,75,75,75,75,47,41,22,46,46,70,55,38,38,31,56,14,85,57,57,50,50,52,64,64,64,64,53,47,47,47,47,47,33,95,95,95,77,0,0],"gold":38,"neow_bonus":"RANDOM_COMMON_RELIC","is_daily":false,"chose_seed":false,"campfire_upgraded":4,"win_rate":0.0,"timestamp":1609986284,"path_taken":["M","?","M","M","?","?","E","$","T","E","?","E","$","M","R","BOSS","M","M","$","?","M","?","E","R","T","R","?","E","?","M","R","BOSS","M","$","?","?","?","E","R","?","T","M","E","?","R","$","R","BOSS","R","$","E","BOSS"],"items_purchased_type":["Relic","Card","Card","Card","Potion","Relic","Card","Card","Card","Card","Card","Card","Card","Potion"],"build_version":"2020-12-22","purchased_purges":1,"victory":false,"max_hp_per_floor":[75,75,75,75,75,75,75,75,75,75,75,75,75,75,75,75,75,75,75,75,75,75,75,80,80,80,80,85,85,85,85,85,85,85,85,85,85,85,85,95,95,95,95,95,95,95,95,95,95,95,95,95,95,95,95,95],"card_choices":[{"not_picked":["Blizzard","Leap","Rebound"],"picked":"SKIP","floor":1},{"not_picked":["Beam Cell","Gash","Leap"],"picked":"SKIP","floor":3},{"not_picked":["Hello World","Hologram"],"picked":"Conserve Battery","floor":4},{"not_picked":["Beam Cell","BootSequence"],"picked":"Ball Lightning","floor":7},{"not_picked":["Double Tap","Outmaneuver"],"picked":"CutThroughFate","floor":10},{"not_picked":["Impatience","Bandage Up"],"picked":"Calculated Gamble","floor":11},{"not_picked":["Evaluate","Flechettes"],"picked":"PiercingWail","floor":12},{"not_picked":["Compile Driver","Dagger Spray"],"picked":"Backflip","floor":14},{"not_picked":["Bludgeon","Thunder Strike"],"picked":"Phantasmal Killer","floor":16},{"not_picked":["Compile Driver+1","WreathOfFlame"],"picked":"Inflame","floor":18},{"not_picked":["Havoc","JustLucky","Outmaneuver"],"picked":"SKIP","floor":19},{"not_picked":["FlyingSleeves","SandsOfTime","SashWhip"],"picked":"SKIP","floor":22},{"not_picked":["Steam+1","Havoc+1","Stack"],"picked":"SKIP","floor":23},{"not_picked":["Rupture+1","Masterful Stab","Predator"],"picked":"SKIP","floor":24},{"not_picked":["Iron Wave","Searing Blow"],"picked":"Quick Slash","floor":29},{"not_picked":["Conserve Battery","Swivel"],"picked":"CrushJoints+1","floor":31},{"not_picked":["Violence","Bludgeon"],"picked":"Adrenaline","floor":33},{"not_picked":["True Grit+1","PathToVictory+1"],"picked":"Leap+1","floor":35},{"not_picked":["Steam Power+1","Reflex"],"picked":"Barrage","floor":37},{"not_picked":["Searing Blow","Compile Driver","Flying Knee"],"picked":"SKIP","floor":39},{"not_picked":["FlurryOfBlows","Slice+1","Accuracy+1"],"picked":"SKIP","floor":40},{"not_picked":["Vault","Vengeance+1","Panacea"],"picked":"SKIP","floor":44},{"not_picked":["Escape Plan","Heavy Blade"],"picked":"Go for the Eyes","floor":45},{"not_picked":["Accuracy","Evaluate"],"picked":"Finesse","floor":54}],"player_experience":219214,"relics_obtained":[{"floor":7,"key":"FossilizedHelix"},{"floor":9,"key":"InkBottle"},{"floor":10,"key":"CeramicFish"},{"floor":12,"key":"Bag of Preparation"},{"floor":24,"key":"The Courier"},{"floor":26,"key":"Bag of Marbles"},{"floor":29,"key":"Ancient Tea Set"},{"floor":37,"key":"Du-Vu Doll"},{"floor":40,"key":"Pear"},{"floor":42,"key":"DataDisk"},{"floor":45,"key":"Gremlin Horn"},{"floor":54,"key":"War Paint"}],"event_choices":[{"damage_healed":0,"gold_gain":0,"player_choice":"Ignored","damage_taken":0,"max_hp_gain":0,"max_hp_loss":0,"event_name":"Liars Game","floor":2,"gold_loss":0},{"damage_healed":0,"gold_gain":0,"player_choice":"Entered Light","damage_taken":15,"max_hp_gain":0,"max_hp_loss":0,"event_name":"Shining Light","floor":5,"gold_loss":0,"cards_upgraded":["Conserve Battery","Strike_B"]},{"damage_healed":0,"gold_gain":0,"player_choice":"Gave Potion","damage_taken":0,"relics_obtained":["Blood Vial"],"max_hp_gain":0,"max_hp_loss":0,"event_name":"WeMeetAgain","floor":6,"gold_loss":0},{"damage_healed":0,"gold_gain":0,"player_choice":"Copied","damage_taken":0,"max_hp_gain":0,"max_hp_loss":0,"event_name":"Duplicator","floor":21,"gold_loss":0,"cards_obtained":["Loop"]},{"damage_healed":0,"gold_gain":0,"player_choice":"Shed Blood","damage_taken":20,"max_hp_gain":5,"max_hp_loss":0,"event_name":"Forgotten Altar","floor":28,"gold_loss":0},{"damage_healed":0,"gold_gain":100,"player_choice":"Pray","damage_taken":0,"max_hp_gain":0,"max_hp_loss":0,"event_name":"Golden Shrine","floor":30,"gold_loss":0},{"damage_healed":0,"gold_gain":0,"player_choice":"Fight","damage_taken":0,"max_hp_gain":0,"max_hp_loss":0,"event_name":"Mysterious Sphere","floor":37,"gold_loss":0},{"damage_healed":0,"gold_gain":0,"player_choice":"Bought 2 Potions","damage_taken":0,"max_hp_gain":0,"max_hp_loss":0,"event_name":"The Woman in Blue","floor":38,"gold_loss":0}],"is_beta":false,"boss_relics":[{"not_picked":["Velvet Choker","Tiny House"],"picked":"SlaversCollar"},{"not_picked":["Runic Pyramid","Calling Bell"],"picked":"Coffee Dripper"}],"items_purged_floors":[46],"is_endless":false,"potions_floor_spawned":[1,7,12,19,22,29,37,54],"killed_by":"The Heart","ascension_level":1}}