{"host":"llpusn9usp8rznkj","time":1609992368,"event":{"mods":["2.2 Compatiblity","Aspiration","BaseMod","Colored Map","Colored Powertips","Conspire","Hubris","Minty Spire (QoL Compilation)","Quick Restart","Rare Cards Sparkle","Replay The Spire","StSLib","The Cursed"],"gold_per_floor":[119,119,119,137,137,137,165,165,165,179,189,22,47,61,61,132,132,132,132],"floor_reached":18,"playtime":670,"items_purged":[],"score":490,"play_id":"72469c5f-3f47-4f3e-8a9d-28700bf2c7cd","local_time":"20210106230608","is_ascension_mode":true,"campfire_choices":[{"data":"Bash","floor":6.0,"key":"SMITH"},{"data":"Disarm","floor":8.0,"key":"SMITH"},{"data":"Flex","floor":15,"key":"SMITH"}],"circlet_count":0,"master_deck":["AscendersBane","Strike_R","Strike_R","Strike_R","Strike_R","Strike_R","Defend_R","Defend_R","Defend_R","Defend_R","Bash+1","Disarm+1","Injury","Regret","Warcry","Massacre+1","Flex+1","Twin Strike+1","Headbutt+1","Metallicize","Exhume"],"relics":["Burning Blood","NeowsBlessing","Molten Egg 2","hubris:IronBody","hubris:Icosahedron","ReplayTheSpireMod:Shallot","Lantern","Brimstone","hubris:SlimyHat","Painkiller Herb"],"acts_visited":["Exordium","TheCity"],"potions_floor_usage":[14,16],"damage_taken":[{"damage":0.0,"enemies":"2 Louse","floor":1.0,"turns":1.0},{"damage":0.0,"enemies":"Jaw Worm","floor":4.0,"turns":1.0},{"damage":0.0,"enemies":"Lagavulin","floor":7.0,"turns":1.0},{"damage":9.0,"enemies":"Cultist","floor":10.0,"turns":4.0},{"damage":12.0,"enemies":"Looter","floor":11.0,"turns":3.0},{"damage":0,"enemies":"3 Sentries","floor":13,"turns":2},{"damage":4,"enemies":"Lots of Slimes","floor":14,"turns":3},{"damage":51,"enemies":"Fading Forest","floor":16,"turns":13},{"damage":0,"enemies":"3 Byrds","floor":18,"turns":1}],"seed_played":"-1286246562096774528","potions_obtained":[{"floor":1.0,"key":"Elixir"},{"floor":4.0,"key":"Energy Potion"},{"floor":14,"key":"ElixirPotion"}],"is_trial":false,"path_per_floor":["M","?","?","M","?","R","E","R","T","M","M","$","E","M","R","B",null,"?"],"character_chosen":"IRONCLAD","items_purchased":["Brimstone"],"campfire_rested":0,"item_purchase_floors":[12],"current_hp_per_floor":[74,74,74,75,75,75,75,75,75,72,69,69,75,75,75,30,64,64,64],"gold":132,"neow_bonus":"THREE_ENEMY_KILL","is_daily":false,"chose_seed":false,"campfire_upgraded":3,"win_rate":0.0,"timestamp":1609992368,"path_taken":["M","?","?","M","?","R","E","R","T","M","M","?","E","?","R","BOSS","?"],"items_purchased_type":["Relic"],"build_version":"2020-12-22","purchased_purges":0,"victory":false,"max_hp_per_floor":[75,75,75,75,75,75,75,75,75,75,75,75,75,75,75,75,75,75,75],"card_choices":[{"not_picked":["hubris:ReadiedAction","Run Through"],"picked":"Disarm","floor":1.0},{"not_picked":["Clash+1","Twin Strike+1"],"picked":"Warcry","floor":4.0},{"not_picked":["Burning Pact","Body Slam+1"],"picked":"Massacre+1","floor":7.0},{"not_picked":["Clash+1","Rage"],"picked":"Flex","floor":10.0},{"not_picked":["Body Slam+1","Armaments"],"picked":"Twin Strike+1","floor":11.0},{"not_picked":["Searing Blow+1","Feel No Pain"],"picked":"Headbutt+1","floor":13},{"not_picked":["Reckless Charge+1","Rage"],"picked":"Metallicize","floor":14},{"not_picked":["conspire:HitWhereItHurts+1","Corruption"],"picked":"Exhume","floor":16}],"player_experience":1127963,"relics_obtained":[{"floor":7.0,"key":"ReplayTheSpireMod:Shallot"},{"floor":9.0,"key":"Lantern"},{"floor":13,"key":"hubris:SlimyHat"}],"event_choices":[{"damage_healed":0.0,"max_hp_gain":0.0,"max_hp_loss":0.0,"gold_gain":0.0,"event_name":"Big Fish","player_choice":"Box","floor":3.0,"gold_loss":0.0,"damage_taken":0.0,"relics_obtained":["hubris:IronBody"],"cards_obtained":["Regret"]}],"is_beta":false,"boss_relics":[{"not_picked":["Runic Cube","hubris:BlackHole"],"picked":"Painkiller Herb"}],"items_purged_floors":[],"is_endless":false,"potions_floor_spawned":[1,4,14],"killed_by":"3 Byrds","ascension_level":20}}