{"host":"vddkjx04kiwje1tk","time":1609995368,"event":{"mods":["AchievementEnabler","BaseMod","Colored Map","Minty Spire (QoL Compilation)","Quick Restart","SuperFastMode"],"gold_per_floor":[114,189,189,61,61,89,89,89,138,157,57,73,107,124,124,224,224,235,235,270,58,78,78,78,89,89,89,113,212,240,240,240,240,240],"floor_reached":33,"playtime":577,"items_purged":["Strike_R","Strike_R","Defend_R"],"score":431,"play_id":"9bca9aeb-f128-40a4-9560-101bb4103cc3","local_time":"20210107135608","is_ascension_mode":true,"campfire_choices":[{"data":"Heavy Blade","floor":7,"key":"SMITH"},{"data":"Inflame","floor":15,"key":"SMITH"},{"data":"Spot Weakness","floor":23,"key":"SMITH"},{"floor":27,"key":"REST"},{"floor":32,"key":"REST"}],"circlet_count":0,"master_deck":["Strike_R","Strike_R","Defend_R+1","Defend_R","Bash+1","Flex","Heavy Blade+1","Inflame+1","Sword Boomerang","Headbutt","Spot Weakness+1","Flex+1","Sword Boomerang+1"],"relics":["Burning Blood","NeowsBlessing","Toy Ornithopter","MealTicket","Boot","Empty Cage","Red Mask","Membership Card","Prayer Wheel","Juzu Bracelet","StrikeDummy","Singing Bowl"],"acts_visited":["Exordium","TheCity"],"potions_floor_usage":[13,20,30,30,33,33],"damage_taken":[{"damage":0,"enemies":"Small Slimes","floor":1,"turns":1},{"damage":0,"enemies":"Lagavulin","floor":6,"turns":1},{"damage":0,"enemies":"2 Louse","floor":10,"turns":2},{"damage":12,"enemies":"Jaw Worm","floor":12,"turns":2},{"damage":25,"enemies":"3 Sentries","floor":13,"turns":8},{"damage":13,"enemies":"Blue Slaver","floor":14,"turns":2},{"damage":43,"enemies":"The Guardian","floor":16,"turns":7},{"damage":16,"enemies":"3 Byrds","floor":18,"turns":4},{"damage":43,"enemies":"Masked Bandits","floor":20,"turns":4},{"damage":22,"enemies":"Shell Parasite","floor":22,"turns":3},{"damage":14,"enemies":"Centurion and Healer","floor":25,"turns":3},{"damage":52,"enemies":"Slavers","floor":30,"turns":5},{"damage":77,"enemies":"Collector","floor":33,"turns":5}],"seed_played":"-8305177625776419971","potions_obtained":[{"floor":1,"key":"ElixirPotion"},{"floor":6,"key":"BloodPotion"},{"floor":10,"key":"Dexterity Potion"},{"floor":13,"key":"Fruit Juice"},{"floor":16,"key":"Fire Potion"},{"floor":25,"key":"DuplicationPotion"},{"floor":30,"key":"FearPotion"}],"is_trial":false,"path_per_floor":["M","?","?","$","?","E","R","$","T","M","$","M","E","M","R","B",null,"M","?","?","$","M","R","?","M","T","R","T","?","E","?","R","B"],"character_chosen":"IRONCLAD","items_purchased":["Heavy Blade","Membership Card"],"campfire_rested":2,"item_purchase_floors":[4,21],"current_hp_per_floor":[78,67,72,72,55,61,61,61,61,67,82,76,67,60,60,23,73,63,63,31,46,30,30,30,22,22,49,49,49,31,31,58,0,0],"gold":240,"neow_bonus":"THREE_ENEMY_KILL","is_daily":false,"chose_seed":false,"campfire_upgraded":3,"win_rate":0.0,"timestamp":1609995368,"path_taken":["M","?","?","$","?","E","R","?","T","M","$","?","E","M","R","BOSS","M","?","?","$","M","R","?","M","T","R","?","?","E","?","R","BOSS"],"items_purchased_type":["Card","Relic"],"build_version":"2020-12-22","purchased_purges":3,"victory":false,"max_hp_per_floor":[80,80,85,85,85,85,85,85,85,85,85,85,90,90,90,90,90,90,90,90,90,90,90,90,90,90,90,90,90,90,90,90,90,90],"card_choices":[{"not_picked":["Iron Wave","Wild Strike"],"picked":"Flex","floor":1},{"not_picked":["Bludgeon","Carnage"],"picked":"Inflame","floor":6},{"not_picked":["Burning Pact","Iron Wave","Wild Strike"],"picked":"SKIP","floor":10},{"not_picked":["Armaments","Wild Strike","Iron Wave"],"picked":"SKIP","floor":12},{"not_picked":["Iron Wave","Heavy Blade"],"picked":"Sword Boomerang","floor":13},{"not_picked":["Cleave","Feel No Pain"],"picked":"Headbutt","floor":14},{"not_picked":["Perfected Strike","Wild Strike","Iron Wave"],"picked":"SKIP","floor":18},{"not_picked":["Cleave","Anger"],"picked":"Flex+1","floor":22},{"not_picked":["Sword Boomerang","Exhume","Entrench+1"],"picked":"SKIP","floor":25},{"not_picked":["Cleave","Armaments+1"],"picked":"Sword Boomerang+1","floor":30}],"player_experience":245972,"relics_obtained":[{"floor":6,"key":"Toy Ornithopter"},{"floor":9,"key":"MealTicket"},{"floor":13,"key":"Boot"},{"floor":20,"key":"Red Mask"},{"floor":26,"key":"Prayer Wheel"},{"floor":28,"key":"Juzu Bracelet"},{"floor":30,"key":"StrikeDummy"}],"event_choices":[{"damage_healed":0,"gold_gain":75,"player_choice":"Gather Gold","damage_taken":11,"max_hp_gain":0,"max_hp_loss":0,"event_name":"World of Goop","floor":2,"gold_loss":0},{"damage_healed":0,"gold_gain":0,"player_choice":"Donut","damage_taken":0,"max_hp_gain":5,"max_hp_loss":0,"event_name":"Big Fish","floor":3,"gold_loss":0},{"damage_healed":0,"gold_gain":0,"player_choice":"Entered Light","damage_taken":17,"max_hp_gain":0,"max_hp_loss":0,"event_name":"Shining Light","floor":5,"gold_loss":0,"cards_upgraded":["Bash","Defend_R"]},{"damage_healed":0,"gold_gain":0,"player_choice":"Read","damage_taken":0,"max_hp_gain":0,"max_hp_loss":0,"event_name":"The Library","floor":19,"gold_loss":0,"cards_obtained":["Spot Weakness"]},{"damage_healed":0,"gold_gain":0,"player_choice":"Fought Bandits","damage_taken":0,"max_hp_gain":0,"max_hp_loss":0,"event_name":"Masked Bandits","floor":20,"gold_loss":0},{"damage_healed":0,"gold_gain":0,"player_choice":"Ignored","damage_taken":0,"max_hp_gain":0,"max_hp_loss":0,"event_name":"Vampires","floor":24,"gold_loss":0},{"damage_healed":0,"gold_gain":99,"player_choice":"Stole From Cult","damage_taken":0,"max_hp_gain":0,"max_hp_loss":0,"event_name":"Nest","floor":29,"gold_loss":0},{"damage_healed":0,"gold_gain":0,"player_choice":"Opened","damage_taken":0,"relics_obtained":["Singing Bowl"],"max_hp_gain":0,"max_hp_loss":0,"event_name":"The Mausoleum","floor":31,"gold_loss":0}],"is_beta":false,"boss_relics":[{"not_picked":["Mark of Pain","Philosopher\u0027s Stone"],"picked":"Empty Cage"}],"items_purged_floors":[4,11,21],"is_endless":false,"potions_floor_spawned":[1,6,10,13,16,25,30],"killed_by":"Collector","ascension_level":7}}