{"host":"684z1xpuwaoqmmh1","time":1609987479,"event":{"mods":["BaseMod","Downfall","Hermit","Jorbs\u0027s Wanderer Trilogy","Marisa????????","Minty Spire (QoL Compilation)","StSLib","The Hierophant","The Mystic"],"gold_per_floor":[99,110,125,141,51,79,79,79,99,24,38,68,68,17,34,106,106,106,124,68,83,83,27,50,78,93,18,35,54,54,39,56,56,56,56],"floor_reached":33,"playtime":2356,"items_purged":["champ:Defend"],"score":516,"play_id":"b0b1e56b-39af-48cd-8670-ad17e0cecdff","local_time":"20210107044439","is_ascension_mode":true,"campfire_choices":[{"data":"champ:Taunt","floor":1.0,"key":"SMITH"},{"floor":8.0,"key":"RECALL"},{"data":"champ:PerfectForm","floor":10.0,"key":"SMITH"},{"data":"champ:HoldFirm","floor":18.0,"key":"SMITH"},{"floor":27.0,"key":"REST"},{"data":"champ:MurderStrike","floor":30.0,"key":"SMITH"}],"circlet_count":0,"master_deck":["AscendersBane","champ:Strike","champ:Strike","champ:Strike","champ:Defend","champ:Defend","champ:Defend","champ:Execute","champ:Taunt+1","Violence","champ:DefensiveStyle","champ:Circumvent","champ:BringItOn","champ:AdrenalArmor","champ:PerfectForm+1","champ:EndlessRage+1","champ:Duel","champ:GutPunch","champ:HoldFirm+1","champ:IronFortress","champ:Balance","champ:DancingMaster","champ:GladiatorStyle+1","champ:DefensiveStyle","champ:RisingSlash","champ:MurderStrike+1","champ:IronFortress","champ:ArenaPreparation+1","champ:Aggression","champ:Encircle","champ:DefensiveShout+1","champ:RecklessLeap+1","champ:PerfectForm"],"relics":["champ:ChampionCrown","Guardian:GemstoneGun","Gremlin Horn","downfall:HeartBlessingRed","Pen Nib","Runic Pyramid","Prayer Wheel","downfall:HeartBlessingBlue"],"acts_visited":["Exordium","TheCity"],"potions_floor_usage":[],"damage_taken":[{"damage":16.0,"enemies":"Cultist","floor":2.0,"turns":4.0},{"damage":5.0,"enemies":"Small Slimes","floor":3.0,"turns":3.0},{"damage":8.0,"enemies":"2 Louse","floor":4.0,"turns":3.0},{"damage":10.0,"enemies":"downfall:FleeingMerchant","floor":5.0,"turns":4.0},{"damage":18.0,"enemies":"Lagavulin","floor":6.0,"turns":11.0},{"damage":30.0,"enemies":"Large Slime","floor":9.0,"turns":6.0},{"damage":16.0,"enemies":"3 Louse","floor":11.0,"turns":4.0},{"damage":37.0,"enemies":"Gremlin Nob","floor":12.0,"turns":5.0},{"damage":9.0,"enemies":"downfall:FleeingMerchant","floor":14.0,"turns":4.0},{"damage":0.0,"enemies":"Exordium Wildlife","floor":15.0,"turns":1.0},{"damage":64.0,"enemies":"downfall:Defect","floor":16.0,"turns":13.0},{"damage":16.0,"enemies":"Spheric Guardian","floor":19.0,"turns":7.0},{"damage":15.0,"enemies":"downfall:FleeingMerchant","floor":20.0,"turns":4.0},{"damage":5.0,"enemies":"Shell Parasite","floor":21.0,"turns":5.0},{"damage":8.0,"enemies":"downfall:FleeingMerchant","floor":23.0,"turns":4.0},{"damage":32.0,"enemies":"Book of Stabbing","floor":25.0,"turns":6.0},{"damage":30.0,"enemies":"Centurion and Healer","floor":26.0,"turns":8.0},{"damage":10.0,"enemies":"Snake Plant","floor":28.0,"turns":6.0},{"damage":13.0,"enemies":"Cultist and Chosen","floor":29.0,"turns":5.0},{"damage":15.0,"enemies":"downfall:FleeingMerchant","floor":31.0,"turns":4.0},{"damage":36,"enemies":"3 Cultists","floor":32,"turns":6},{"damage":54,"enemies":"downfall:Ironclad","floor":33,"turns":7}],"seed_played":"3827018506716687072","potions_obtained":[{"floor":2.0,"key":"FearPotion"},{"floor":4.0,"key":"FairyPotion"},{"floor":6.0,"key":"DistilledChaos"},{"floor":15.0,"key":"LiquidMemories"},{"floor":16.0,"key":"hexamod:EctoCoolerPotion"},{"floor":19.0,"key":"BlessingOfTheForge"},{"floor":25.0,"key":"SteroidPotion"},{"floor":29.0,"key":"Block Potion"}],"is_trial":false,"path_per_floor":["R","M","M","M","$","E","T","R","M","R","M","E","?","$","M","B",null,"R","M","$","M","?","$","T","E","M","R","M","M","R","$","M","B"],"character_chosen":"THE_CHAMP","items_purchased":["champ:IronFortress","champ:DefensiveStyle","champ:IronFortress"],"campfire_rested":1,"item_purchase_floors":[14,20,23],"current_hp_per_floor":[73,67,67,64,64,63,63,63,52,52,52,29,29,29,29,20,60,60,51,51,51,51,51,51,42,19,53,53,50,50,44,36,0,0,0],"gold":56,"neow_bonus":"RANDOM_COLORLESS_2","is_daily":false,"chose_seed":false,"campfire_upgraded":4,"win_rate":0.0,"timestamp":1609987479,"path_taken":["R","M","M","M","$","E","T","R","?","R","M","E","?","$","M","BOSS","R","M","$","M","?","$","T","E","?","R","M","M","R","$","M","BOSS"],"items_purchased_type":["Card","Card","Card"],"build_version":"2020-12-22","purchased_purges":1,"victory":false,"max_hp_per_floor":[73,73,73,73,73,73,73,73,73,73,73,73,73,73,73,73,73,73,73,73,73,73,73,73,73,73,83,83,83,83,83,83,83,83,83],"card_choices":[{"not_picked":["Chrysalis","Sadistic Nature"],"picked":"Violence","floor":0.0},{"not_picked":["champ:FocusedDefense","champ:PreciseThrust"],"picked":"champ:DefensiveStyle","floor":2.0},{"not_picked":["champ:PerfectedStrike","champ:ShieldSigil"],"picked":"champ:Circumvent","floor":3.0},{"not_picked":["champ:FightOn","champ:ShieldSigil"],"picked":"champ:BringItOn","floor":4.0},{"not_picked":["champ:Backstep","champ:GutPunch"],"picked":"champ:AdrenalArmor","floor":5.0},{"not_picked":["champ:TornadoPunch","champ:SwordSigil"],"picked":"champ:PerfectForm","floor":6.0},{"not_picked":["champ:HeartStrike","champ:FaceSlap"],"picked":"champ:EndlessRage","floor":9.0},{"not_picked":["champ:FlashCut","champ:Riposte"],"picked":"champ:Duel","floor":11.0},{"not_picked":["champ:FocusedDefense","champ:DefensiveShout"],"picked":"champ:GutPunch","floor":12.0},{"not_picked":["champ:SwordSigil","champ:CrookedStrike"],"picked":"champ:HoldFirm","floor":14.0},{"not_picked":["champ:SwordSigil","champ:GladiatorsShout"],"picked":"champ:Balance","floor":15.0},{"not_picked":["champ:CrownThrow","champ:Devastate"],"picked":"champ:DancingMaster","floor":16.0},{"not_picked":["champ:Haymaker","champ:Circumvent","champ:BladeFlurry"],"picked":"SKIP","floor":19.0},{"not_picked":["champ:BringItOn","champ:GutPunch"],"picked":"champ:GladiatorStyle+1","floor":20.0},{"not_picked":["champ:ShieldSigil","champ:FocusedDefense"],"picked":"champ:RisingSlash","floor":21.0},{"not_picked":["champ:FlashCut","champ:ViciousMockery"],"picked":"champ:MurderStrike","floor":23.0},{"not_picked":["champ:Circumvent","champ:ShieldSigil+1","champ:BladeFlurry+1"],"picked":"SKIP","floor":25.0},{"not_picked":["champ:Duel","champ:RageSigil"],"picked":"champ:ArenaPreparation+1","floor":26.0},{"not_picked":["champ:Duel","champ:FocusedDefense","champ:FaceSlap"],"picked":"SKIP","floor":26.0},{"not_picked":["champ:RapidStrikes","champ:Duel"],"picked":"champ:Aggression","floor":28.0},{"not_picked":["champ:FlashCut","champ:AdrenalArmor","champ:BringItOn"],"picked":"SKIP","floor":28.0},{"not_picked":["champ:Lariat","champ:BladeFlurry"],"picked":"champ:Encircle","floor":29.0},{"not_picked":["champ:EnGarde","champ:GutPunch","champ:FlashCut"],"picked":"SKIP","floor":29.0},{"not_picked":["champ:GladiatorStyle","champ:FaceSlap"],"picked":"champ:DefensiveShout+1","floor":31.0},{"not_picked":["champ:FalseCounter+1","champ:CalledShot"],"picked":"champ:RecklessLeap+1","floor":32},{"not_picked":["champ:DefensiveShout","champ:GladiatorsShout"],"picked":"champ:PerfectForm","floor":32}],"player_experience":2399718,"relics_obtained":[{"floor":6.0,"key":"Guardian:GemstoneGun"},{"floor":7.0,"key":"Gremlin Horn"},{"floor":12.0,"key":"Pen Nib"},{"floor":25.0,"key":"Prayer Wheel"}],"event_choices":[{"damage_healed":0.0,"max_hp_gain":0.0,"max_hp_loss":0.0,"gold_gain":0.0,"event_name":"Living Wall","player_choice":"Grow","floor":13.0,"gold_loss":0.0,"damage_taken":0.0,"cards_upgraded":["champ:EndlessRage"]},{"cards_removed":["champ:Strike"],"damage_healed":0.0,"max_hp_gain":0.0,"max_hp_loss":0.0,"gold_gain":0.0,"event_name":"Purifier","player_choice":"Purged","floor":22.0,"gold_loss":0.0,"damage_taken":0.0}],"is_beta":false,"boss_relics":[{"not_picked":["Runic Dome","Coffee Dripper"],"picked":"Runic Pyramid"}],"items_purged_floors":[5],"is_endless":false,"potions_floor_spawned":[2,4,6,15,16,19,25,29],"killed_by":"downfall:Ironclad","ascension_level":17}}