{"host":"Connor","time":1609991935,"event":{"mods":["BaseMod","Downfall","Marisa????????","Minty Spire (QoL Compilation)","Replay The Spire","StSLib","The Animator","The Cursed","The Jungle","The Servant 0.9.4"],"gold_per_floor":[99,115,130,143,143,143,143,162,196,16,26,26,26,26],"floor_reached":12,"playtime":415,"items_purged":[],"score":92,"play_id":"98bcc5ba-b248-422b-8816-34337b90156d","local_time":"20210106195855","is_ascension_mode":true,"campfire_choices":[{"floor":1,"key":"DIG"}],"circlet_count":0,"master_deck":["Guardian:Strike_Guardian","Guardian:Strike_Guardian","Guardian:Strike_Guardian","Guardian:Defend_Guardian","Guardian:Defend_Guardian","Guardian:Defend_Guardian","Guardian:Defend_Guardian","Guardian:CurlUp","Guardian:TwinSlam","Guardian:WalkerClaw","Guardian:BronzeOrb","Guardian:ShieldCharger+1","Pain","Guardian:Gem_Blue","Guardian:RevengeProtocol","Guardian:Gem_Fragmented","Guardian:Gem_Orange","Guardian:Gem_Orange","Guardian:Gem_Cyan","Guardian:ChargeUp+1"],"relics":["Runic Dome","Toxic Egg 2","WarpedTongs","Gremlin Food"],"acts_visited":["Exordium"],"potions_floor_usage":[9],"damage_taken":[{"damage":0,"enemies":"Small Slimes","floor":2,"turns":3},{"damage":0,"enemies":"Cultist","floor":3,"turns":3},{"damage":2,"enemies":"Jaw Worm","floor":4,"turns":3},{"damage":5,"enemies":"Lots of Slimes","floor":8,"turns":4},{"damage":14,"enemies":"Lagavulin","floor":9,"turns":5},{"damage":4,"enemies":"downfall:FleeingMerchant","floor":10,"turns":4},{"damage":12,"enemies":"Large Slime","floor":11,"turns":6},{"damage":62,"enemies":"Gremlin Nob","floor":12,"turns":5}],"seed_played":"-1718183453423775603","potions_obtained":[{"floor":3,"key":"FearPotion"},{"floor":4,"key":"Explosive Potion"}],"is_trial":false,"path_per_floor":["R","M","M","M","?","?","T","M","E","$","M","E"],"character_chosen":"GUARDIAN","items_purchased":["Guardian:Gem_Orange","Guardian:Gem_Cyan"],"campfire_rested":0,"item_purchase_floors":[10,10],"current_hp_per_floor":[80,80,80,78,78,78,78,73,59,55,43,0,0,0],"gold":26,"neow_bonus":"BOSS_RELIC","is_daily":false,"chose_seed":false,"campfire_upgraded":0,"win_rate":0.0,"timestamp":1609991935,"path_taken":["R","M","M","M","?","?","T","?","E","$","M","E"],"items_purchased_type":["Card","Card"],"build_version":"2020-12-18","purchased_purges":0,"victory":false,"max_hp_per_floor":[80,80,80,80,80,80,80,80,80,80,80,80,80,80],"card_choices":[{"not_picked":["Guardian:Reroute","Guardian:RollAttack"],"picked":"Guardian:WalkerClaw","floor":2},{"not_picked":["Guardian:RollAttack","Guardian:Gem_Lightblue"],"picked":"Guardian:BronzeOrb","floor":3},{"not_picked":["Guardian:ChargeCore","Guardian:Clone+1"],"picked":"Guardian:ShieldCharger+1","floor":4},{"not_picked":["Guardian:ChargeCore","Guardian:Gem_Fragmented"],"picked":"Guardian:Gem_Blue","floor":8},{"not_picked":["Guardian:ChargeCore","Guardian:Planning+1"],"picked":"Guardian:RevengeProtocol","floor":9},{"not_picked":["Guardian:WalkerClaw","Guardian:RollAttack"],"picked":"Guardian:Gem_Fragmented","floor":10},{"not_picked":["Guardian:Gem_Green","Guardian:TemporalShield+1"],"picked":"Guardian:ChargeUp+1","floor":11}],"player_experience":554066,"relics_obtained":[{"floor":1,"key":"Toxic Egg 2"},{"floor":9,"key":"Gremlin Food"}],"event_choices":[{"cards_removed":["Guardian:Strike_Guardian"],"damage_healed":0,"gold_gain":0,"player_choice":"Card Removal","damage_taken":0,"max_hp_gain":0,"max_hp_loss":0,"event_name":"The Cleric","floor":5,"gold_loss":0}],"is_beta":true,"boss_relics":[],"items_purged_floors":[],"is_endless":false,"potions_floor_spawned":[3,4],"killed_by":"Gremlin Nob","ascension_level":3}}