{"host":"foq4mrde4mssg7vt","time":1609998762,"event":{"mods":["AchievementEnabler","BaseMod","Colored Map","Colored Powertips","Highlight Path","Minty Spire (QoL Compilation)","Relic Stats","everything is the same but u backflip on backflip"],"gold_per_floor":[118,134,150,23,34,34,34,34,88,105,105,27,60,73,73,144,144,161,30,30,30,44,44,69,69,69,86,103,136,136,156,156,233,233,251,122,122,141,141,168,168,198,225,260,278,295,321,341,341,341,341,341,37,69,69],"floor_reached":56,"playtime":3845,"items_purged":["Strike_G","Storm of Steel+1","Decay"],"score":2403,"play_id":"bf904f90-204b-4c68-a70b-6f6fa65e1169","local_time":"20210107135242","is_ascension_mode":true,"campfire_choices":[{"data":"Neutralize","floor":6.0,"key":"SMITH"},{"data":"Dagger Throw","floor":8.0,"key":"SMITH"},{"data":"Poisoned Stab","floor":11.0,"key":"SMITH"},{"data":"Crippling Poison","floor":15.0,"key":"SMITH"},{"data":"Well Laid Plans","floor":23.0,"key":"SMITH"},{"floor":25.0,"key":"REST"},{"data":"Catalyst","floor":32.0,"key":"SMITH"},{"floor":49.0,"key":"RECALL"},{"data":"Calculated Gamble","floor":52.0,"key":"SMITH"}],"circlet_count":0,"master_deck":["AscendersBane","Defend_G+1","Defend_G+1","Defend_G+1","Defend_G+1","Defend_G+1","Survivor","Neutralize+1","Well Laid Plans+1","Footwork","Quick Slash+1","Dagger Throw+1","Poisoned Stab+1","Crippling Poison+1","CurseOfTheBell","PiercingWail","Calculated Gamble+1","Catalyst+1","Predator+1","After Image","Setup+1","Slice+1","Bouncing Flask+1","Acrobatics","Sadistic Nature","Dash+1","Footwork"],"relics":["Busted Crown","Orichalcum","Lantern","Singing Bowl","Calling Bell","Dream Catcher","Meat on the Bone","Calipers","Incense Burner","Kunai","Anchor","Astrolabe","FossilizedHelix","Sundial","Whetstone","Ornamental Fan","The Courier","Frozen Eye","Torii"],"acts_visited":["Exordium","TheCity","TheBeyond","TheEnding"],"potions_floor_usage":[55,55],"damage_taken":[{"damage":6.0,"enemies":"Cultist","floor":1.0,"turns":4.0},{"damage":9.0,"enemies":"Jaw Worm","floor":2.0,"turns":4.0},{"damage":0.0,"enemies":"2 Louse","floor":3.0,"turns":3.0},{"damage":4.0,"enemies":"Red Slaver","floor":5.0,"turns":5.0},{"damage":0.0,"enemies":"Lots of Slimes","floor":10.0,"turns":5.0},{"damage":8.0,"enemies":"3 Sentries","floor":13.0,"turns":8.0},{"damage":5.0,"enemies":"Exordium Wildlife","floor":14.0,"turns":3.0},{"damage":0.0,"enemies":"Hexaghost","floor":16.0,"turns":10.0},{"damage":17.0,"enemies":"Chosen","floor":18.0,"turns":5.0},{"damage":3.0,"enemies":"Shell Parasite","floor":22.0,"turns":6.0},{"damage":28.0,"enemies":"Gremlin Leader","floor":24.0,"turns":9.0},{"damage":3.0,"enemies":"Centurion and Healer","floor":27.0,"turns":10.0},{"damage":0.0,"enemies":"Chosen and Byrds","floor":28.0,"turns":6.0},{"damage":18.0,"enemies":"Book of Stabbing","floor":29.0,"turns":7.0},{"damage":12.0,"enemies":"Snake Plant","floor":31.0,"turns":7.0},{"damage":0.0,"enemies":"Automaton","floor":33.0,"turns":14.0},{"damage":2.0,"enemies":"Orb Walker","floor":35.0,"turns":6.0},{"damage":0.0,"enemies":"3 Shapes","floor":38.0,"turns":8.0},{"damage":18.0,"enemies":"Reptomancer","floor":40.0,"turns":5.0},{"damage":13.0,"enemies":"Nemesis","floor":42.0,"turns":7.0},{"damage":20.0,"enemies":"Reptomancer","floor":44.0,"turns":10.0},{"damage":16.0,"enemies":"Jaw Worm Horde","floor":45.0,"turns":8.0},{"damage":8.0,"enemies":"Sphere and 2 Shapes","floor":46.0,"turns":7.0},{"damage":3.0,"enemies":"Nemesis","floor":47.0,"turns":9.0},{"damage":0.0,"enemies":"Maw","floor":48.0,"turns":6.0},{"damage":31.0,"enemies":"Time Eater","floor":50.0,"turns":13.0},{"damage":26,"enemies":"Shield and Spear","floor":54,"turns":13},{"damage":41,"enemies":"The Heart","floor":55,"turns":12}],"seed_played":"1290353362920538133","potions_obtained":[{"floor":5.0,"key":"CunningPotion"},{"floor":13.0,"key":"Strength Potion"},{"floor":24.0,"key":"ColorlessPotion"},{"floor":27.0,"key":"Dexterity Potion"},{"floor":46.0,"key":"AttackPotion"}],"is_trial":false,"path_per_floor":["M","M","M","$","M","R","?","R","T","M","R","$","E","M","R","B",null,"M","$","?","?","M","R","E","R","T","M","M","E","T","M","R","B",null,"M","$","?","M","?","E","?","E","T","E","M","M","E","M","R","B",null,"R","$","E","B",null],"character_chosen":"THE_SILENT","items_purchased":["Footwork","Quick Slash","Crippling Poison","Block Potion","Acrobatics","Frozen Eye","Footwork"],"campfire_rested":1,"item_purchase_floors":[4,4,12,19,36,53,53],"current_hp_per_floor":[53,44,44,44,40,40,40,40,40,40,40,40,34,31,31,33,62,45,45,45,45,42,42,28,52,52,51,51,45,45,47,47,47,72,70,70,70,72,66,50,50,51,51,45,43,47,58,60,60,41,84,84,84,60,31],"gold":69,"neow_bonus":"BOSS_RELIC","is_daily":false,"chose_seed":false,"campfire_upgraded":7,"win_rate":0.0,"timestamp":1609998762,"path_taken":["M","M","M","$","M","R","?","R","T","M","R","$","E","M","R","BOSS","M","$","?","?","?","R","E","R","T","M","?","E","?","M","R","BOSS","M","$","?","?","?","E","?","E","T","E","M","M","E","M","R","BOSS","R","$","E","BOSS"],"items_purchased_type":["Card","Card","Card","Potion","Card","Relic","Card"],"build_version":"2020-12-22","purchased_purges":3,"victory":true,"max_hp_per_floor":[66,66,66,66,66,66,66,66,66,66,66,66,68,70,70,72,72,72,72,72,72,72,72,74,76,76,78,78,78,78,80,80,80,80,80,80,80,82,86,88,88,90,90,92,94,94,96,98,98,98,98,98,98,100,100],"relic_stats":{"Singing Bowl":34,"Torii":6,"counters":[28,210],"Astrolabe":["Setup","Slice","Storm of Steel"],"Whetstone":["Predator","Quick Slash"],"Orichalcum":[204],"Dream Catcher":1,"Busted Crown":62,"Sundial":[12],"Ornamental Fan":[44],"Kunai":[21],"obtain_stats":[{"Lantern":9,"Calipers":17,"Singing Bowl":13,"Torii":54,"Astrolabe":34,"The Courier":47,"Incense Burner":24,"Whetstone":43,"Orichalcum":7,"Calling Bell":17,"Frozen Eye":53,"Dream Catcher":17,"Anchor":30,"Busted Crown":0,"Sundial":42,"Ornamental Fan":44,"Kunai":29,"FossilizedHelix":40,"Ring of the Snake":0,"Meat on the Bone":17},{"Lantern":4,"Calipers":8,"Singing Bowl":6,"Torii":27,"Astrolabe":16,"The Courier":24,"Incense Burner":11,"Whetstone":20,"Orichalcum":4,"Calling Bell":8,"Frozen Eye":26,"Dream Catcher":8,"Anchor":14,"Busted Crown":0,"Sundial":20,"Ornamental Fan":21,"Kunai":14,"FossilizedHelix":19,"Ring of the Snake":0,"Meat on the Bone":8},{"Lantern":16,"Calipers":42,"Singing Bowl":29,"Torii":198,"Astrolabe":106,"The Courier":166,"Incense Burner":62,"Whetstone":132,"Orichalcum":16,"Calling Bell":42,"Frozen Eye":185,"Dream Catcher":42,"Anchor":85,"Busted Crown":0,"Sundial":132,"Ornamental Fan":142,"Kunai":85,"FossilizedHelix":125,"Ring of the Snake":0,"Meat on the Bone":42}],"Meat on the Bone":120},"card_choices":[{"not_picked":["Deflect"],"picked":"SKIP","floor":1.0},{"not_picked":[],"picked":"Well Laid Plans","floor":2.0},{"not_picked":["Dodge and Roll"],"picked":"SKIP","floor":3.0},{"not_picked":[],"picked":"Dagger Throw","floor":5.0},{"not_picked":[],"picked":"Poisoned Stab","floor":10.0},{"not_picked":["Poisoned Stab"],"picked":"Singing Bowl","floor":13.0},{"not_picked":["Underhanded Strike"],"picked":"Singing Bowl","floor":14.0},{"not_picked":["Phantasmal Killer"],"picked":"Singing Bowl","floor":16.0},{"not_picked":[],"picked":"PiercingWail","floor":18.0},{"not_picked":[],"picked":"Calculated Gamble","floor":22.0},{"not_picked":["Flechettes"],"picked":"Singing Bowl","floor":24.0},{"not_picked":["Caltrops"],"picked":"Singing Bowl","floor":25.0},{"not_picked":["Dodge and Roll+1"],"picked":"Singing Bowl","floor":27.0},{"not_picked":[],"picked":"Catalyst","floor":28.0},{"not_picked":[],"picked":"Predator","floor":29.0},{"not_picked":["Reflex"],"picked":"Singing Bowl","floor":31.0},{"not_picked":[],"picked":"After Image","floor":33.0},{"not_picked":[],"picked":"Bouncing Flask+1","floor":35.0},{"not_picked":["Finisher+1"],"picked":"Singing Bowl","floor":38.0},{"not_picked":["Deep Breath"],"picked":"Singing Bowl","floor":39.0},{"not_picked":["Forethought"],"picked":"Singing Bowl","floor":39.0},{"not_picked":[],"picked":"Sadistic Nature","floor":39.0},{"not_picked":["Poisoned Stab"],"picked":"Singing Bowl","floor":40.0},{"not_picked":["Unload"],"picked":"Singing Bowl","floor":42.0},{"not_picked":["Choke"],"picked":"Singing Bowl","floor":44.0},{"not_picked":["Well Laid Plans+1"],"picked":"Singing Bowl","floor":45.0},{"not_picked":[],"picked":"Dash+1","floor":46.0},{"not_picked":["PiercingWail"],"picked":"Singing Bowl","floor":47.0},{"not_picked":["Predator"],"picked":"Singing Bowl","floor":48.0},{"not_picked":["Tools of the Trade"],"picked":"Singing Bowl","floor":54}],"player_experience":407164,"relics_obtained":[{"floor":9.0,"key":"Lantern"},{"floor":13.0,"key":"Singing Bowl"},{"floor":17.0,"key":"Dream Catcher"},{"floor":17.0,"key":"Meat on the Bone"},{"floor":17.0,"key":"Calipers"},{"floor":24.0,"key":"Incense Burner"},{"floor":29.0,"key":"Kunai"},{"floor":30.0,"key":"Anchor"},{"floor":40.0,"key":"FossilizedHelix"},{"floor":42.0,"key":"Sundial"},{"floor":43.0,"key":"Whetstone"},{"floor":44.0,"key":"Ornamental Fan"},{"floor":47.0,"key":"The Courier"},{"floor":54,"key":"Torii"}],"event_choices":[{"damage_healed":0.0,"max_hp_gain":0.0,"max_hp_loss":0.0,"gold_gain":0.0,"event_name":"Dead Adventurer","player_choice":"Searched \u00271\u0027 times","floor":7.0,"gold_loss":0.0,"damage_taken":0.0,"relics_obtained":["Orichalcum"]},{"damage_healed":0.0,"max_hp_gain":0.0,"max_hp_loss":0.0,"gold_gain":0.0,"event_name":"Back to Basics","player_choice":"Simplicity","floor":20.0,"gold_loss":0.0,"damage_taken":0.0,"cards_upgraded":["Strike_G","Strike_G","Strike_G","Strike_G","Defend_G","Defend_G","Defend_G","Defend_G","Defend_G"]},{"cards_removed":["Strike_G"],"damage_healed":0.0,"max_hp_gain":0.0,"max_hp_loss":0.0,"gold_gain":0.0,"event_name":"Bonfire Elementals","player_choice":"Offered Basic","floor":21.0,"gold_loss":0.0,"damage_taken":0.0},{"damage_healed":0.0,"max_hp_gain":0.0,"max_hp_loss":0.0,"gold_gain":0.0,"event_name":"Wheel of Change","player_choice":"Cursed","floor":37.0,"gold_loss":0.0,"damage_taken":0.0,"cards_obtained":["Decay"]},{"damage_healed":0.0,"max_hp_gain":0.0,"max_hp_loss":0.0,"gold_gain":0.0,"event_name":"SensoryStone","player_choice":"Memory 3","floor":39.0,"gold_loss":0.0,"damage_taken":10.0},{"damage_healed":0.0,"max_hp_gain":0.0,"max_hp_loss":0.0,"gold_gain":0.0,"event_name":"Mysterious Sphere","player_choice":"Ignored","floor":41.0,"gold_loss":0.0,"damage_taken":0.0}],"is_beta":false,"boss_relics":[{"not_picked":["Velvet Choker","Sozu"],"picked":"Calling Bell"},{"not_picked":["Pandora\u0027s Box","Cursed Key"],"picked":"Astrolabe"}],"items_purged_floors":[19,36,53],"is_endless":false,"potions_floor_spawned":[5,13,24,27,31,33,40,46,47,54],"ascension_level":18}}