{"host":"qekv59dthhdg54sz","time":1609991227,"event":{"mods":["AchievementEnabler","BaseMod","Colored Map","DeckTracker","KOR Keyword Fix","Minty Spire (QoL Compilation)","Rare Cards Sparkle","StSLib","SuperFastMode"],"gold_per_floor":[111,129,129,152,2,2,33,33,57,22,42,68,83,97,97,171,171,184,184,198,198,248,248,259,277,277,277,289,289,306,206,206,283,283,293,303,303,321,321,350,350,381,456,456,162,162,187,199,199,199,199],"floor_reached":52,"playtime":1990,"items_purged":["Strike_G","Strike_G","Defend_G"],"score":2340,"play_id":"43299c76-8942-477b-a46f-1152f6ae43dc","local_time":"20210107124707","is_ascension_mode":true,"campfire_choices":[{"data":"Dagger Throw","floor":6.0,"key":"SMITH"},{"data":"Dagger Spray","floor":8.0,"key":"SMITH"},{"floor":15.0,"key":"REST"},{"data":"Acrobatics","floor":23.0,"key":"SMITH"},{"floor":27.0,"key":"REST"},{"data":"Tactician","floor":29.0,"key":"SMITH"},{"data":"Backflip","floor":32.0,"key":"SMITH"},{"data":"Adrenaline","floor":41.0,"key":"SMITH"},{"data":"Burst","floor":44,"key":"SMITH"},{"data":"Grand Finale","floor":46,"key":"SMITH"},{"floor":49,"key":"REST"}],"circlet_count":0,"master_deck":["AscendersBane","Defend_G","Defend_G","Survivor","Neutralize","Dagger Throw+1","Acrobatics+1","Well Laid Plans","Dagger Spray+1","Adrenaline+1","Backflip+1","Grand Finale+1","After Image","Tactician+1","Burst+1","Prepared+1","Purity"],"relics":["Ring of the Snake","NeowsBlessing","Pen Nib","Omamori","Strawberry","Ancient Tea Set","Lizard Tail","Empty Cage","Art of War","Question Card","Happy Flower","Ice Cream"],"acts_visited":["Exordium","TheCity","TheBeyond"],"potions_floor_usage":[51],"damage_taken":[{"damage":0.0,"enemies":"Cultist","floor":1.0,"turns":1.0},{"damage":0.0,"enemies":"Jaw Worm","floor":2.0,"turns":1.0},{"damage":0.0,"enemies":"Lagavulin","floor":7.0,"turns":1.0},{"damage":1.0,"enemies":"2 Louse","floor":11.0,"turns":3.0},{"damage":37.0,"enemies":"3 Sentries","floor":12.0,"turns":9.0},{"damage":0.0,"enemies":"Exordium Thugs","floor":13.0,"turns":2.0},{"damage":2.0,"enemies":"Gremlin Gang","floor":14.0,"turns":3.0},{"damage":2.0,"enemies":"Slime Boss","floor":16.0,"turns":6.0},{"damage":8.0,"enemies":"Chosen","floor":18.0,"turns":7.0},{"damage":8.0,"enemies":"Spheric Guardian","floor":20.0,"turns":5.0},{"damage":6.0,"enemies":"Shelled Parasite and Fungi","floor":24.0,"turns":5.0},{"damage":3.0,"enemies":"3 Cultists","floor":25.0,"turns":3.0},{"damage":6.0,"enemies":"Snake Plant","floor":28.0,"turns":3.0},{"damage":0.0,"enemies":"Chosen and Byrds","floor":30.0,"turns":3.0},{"damage":0.0,"enemies":"Collector","floor":33.0,"turns":5.0},{"damage":2.0,"enemies":"3 Shapes","floor":35.0,"turns":2.0},{"damage":0.0,"enemies":"Orb Walker","floor":36.0,"turns":2.0},{"damage":0.0,"enemies":"Maw","floor":38.0,"turns":4.0},{"damage":0.0,"enemies":"Nemesis","floor":40.0,"turns":3.0},{"damage":0.0,"enemies":"Giant Head","floor":42.0,"turns":3.0},{"damage":2,"enemies":"Mind Bloom Boss Battle","floor":47,"turns":2},{"damage":0,"enemies":"Jaw Worm Horde","floor":48,"turns":1},{"damage":0,"enemies":"Donu and Deca","floor":50,"turns":2},{"damage":16,"enemies":"Time Eater","floor":51,"turns":6}],"seed_played":"-1986070056420154111","potions_obtained":[{"floor":2.0,"key":"Explosive Potion"},{"floor":11.0,"key":"SkillPotion"},{"floor":18.0,"key":"Energy Potion"},{"floor":24.0,"key":"LiquidBronze"},{"floor":25.0,"key":"Fruit Juice"},{"floor":33.0,"key":"Strength Potion"}],"is_trial":false,"path_per_floor":["M","M","?","T","$","R","E","R","T","?","M","E","M","M","R","B",null,"M","?","M","?","?","R","M","M","T","R","M","R","M","$","R","B",null,"M","M","?","M","?","E","R","E","T","R","$","R","?","M","R","B","B",null],"character_chosen":"THE_SILENT","items_purchased":["Well Laid Plans","Happy Flower"],"campfire_rested":3,"item_purchase_floors":[5,45],"current_hp_per_floor":[59,59,59,59,59,59,59,59,66,73,72,35,35,33,54,52,68,60,60,52,31,31,31,25,22,22,45,39,39,39,39,39,39,68,66,66,55,55,45,45,45,45,45,45,45,45,43,43,66,66,50],"gold":199,"neow_bonus":"THREE_ENEMY_KILL","is_daily":false,"chose_seed":false,"campfire_upgraded":8,"win_rate":0.0,"timestamp":1609991227,"path_taken":["M","M","?","?","$","R","E","R","T","?","M","E","?","?","R","BOSS","M","?","M","?","?","R","?","M","T","R","M","R","M","$","R","BOSS","M","M","?","?","?","E","R","E","T","R","$","R","?","M","R","BOSS","BOSS"],"items_purchased_type":["Card","Relic"],"build_version":"2020-12-22","purchased_purges":3,"victory":true,"max_hp_per_floor":[66,66,66,66,66,66,66,66,73,73,73,73,73,73,73,73,73,73,73,73,78,78,78,78,78,78,78,78,78,78,78,78,78,78,78,78,78,78,78,78,78,78,78,78,78,78,78,78,78,78,78],"card_choices":[{"not_picked":["Footwork","Quick Slash"],"picked":"Dagger Throw","floor":1.0},{"not_picked":["Flechettes","Dagger Spray"],"picked":"Acrobatics","floor":2.0},{"not_picked":["PiercingWail","Backflip"],"picked":"Dagger Spray","floor":7.0},{"not_picked":["PiercingWail","Bane","Dagger Throw"],"picked":"SKIP","floor":11.0},{"not_picked":["Cloak And Dagger","Deadly Poison"],"picked":"Adrenaline","floor":12.0},{"not_picked":["Setup","Deflect"],"picked":"Backflip","floor":13.0},{"not_picked":["Footwork","Poisoned Stab"],"picked":"Grand Finale","floor":14.0},{"not_picked":["Venomology","A Thousand Cuts"],"picked":"After Image","floor":16.0},{"not_picked":["Cloak And Dagger","Dagger Spray","Bouncing Flask"],"picked":"SKIP","floor":18.0},{"not_picked":["Backflip","Sucker Punch","Cloak And Dagger+1"],"picked":"SKIP","floor":20.0},{"not_picked":["Caltrops","Venomology","Noxious Fumes"],"picked":"SKIP","floor":24.0},{"not_picked":["Backflip","PiercingWail","Calculated Gamble"],"picked":"SKIP","floor":25.0},{"not_picked":["Slice","Backflip"],"picked":"Prepared+1","floor":28.0},{"not_picked":["Poisoned Stab","Bane","Sucker Punch"],"picked":"SKIP","floor":30.0},{"not_picked":["Terror","Deflect+1","Blade Dance+1"],"picked":"SKIP","floor":35.0},{"not_picked":["Flying Knee","Choke","Quick Slash"],"picked":"SKIP","floor":36.0},{"not_picked":["All Out Attack","Underhanded Strike+1","Choke+1"],"picked":"SKIP","floor":38.0},{"not_picked":["Forethought","Blind"],"picked":"Purity","floor":39.0},{"not_picked":["Dodge and Roll+1","Poisoned Stab","Underhanded Strike"],"picked":"SKIP","floor":40.0},{"not_picked":["Flying Knee","Calculated Gamble","Cloak And Dagger"],"picked":"SKIP","floor":42},{"not_picked":["Bane","Dodge and Roll","Catalyst","Masterful Stab"],"picked":"SKIP","floor":48}],"player_experience":759704,"relics_obtained":[{"floor":4.0,"key":"Pen Nib"},{"floor":7.0,"key":"Omamori"},{"floor":9.0,"key":"Strawberry"},{"floor":12.0,"key":"Ancient Tea Set"},{"floor":26.0,"key":"Lizard Tail"},{"floor":40.0,"key":"Art of War"},{"floor":43,"key":"Question Card"},{"floor":47,"key":"Ice Cream"}],"event_choices":[{"cards_removed":["Strike_G"],"damage_healed":0.0,"max_hp_gain":0.0,"max_hp_loss":0.0,"gold_gain":0.0,"event_name":"Living Wall","player_choice":"Forget","floor":3.0,"gold_loss":0.0,"damage_taken":0.0},{"damage_healed":18.0,"max_hp_gain":0.0,"max_hp_loss":0.0,"gold_gain":0.0,"event_name":"The Cleric","player_choice":"Healed","floor":10.0,"gold_loss":35.0,"damage_taken":0.0},{"damage_healed":0.0,"max_hp_gain":0.0,"max_hp_loss":0.0,"gold_gain":0.0,"cards_transformed":["Strike_G","Strike_G"],"event_name":"Drug Dealer","player_choice":"Became Test Subject","floor":19.0,"gold_loss":0.0,"damage_taken":0.0,"cards_obtained":["Tactician","Burst"]},{"damage_healed":0.0,"max_hp_gain":5.0,"max_hp_loss":0.0,"gold_gain":0.0,"event_name":"Forgotten Altar","player_choice":"Shed Blood","floor":21.0,"gold_loss":0.0,"damage_taken":26.0},{"damage_healed":0.0,"max_hp_gain":0.0,"max_hp_loss":0.0,"gold_gain":50.0,"event_name":"Nest","player_choice":"Stole From Cult","floor":22.0,"gold_loss":0.0,"damage_taken":0.0},{"damage_healed":0.0,"max_hp_gain":0.0,"max_hp_loss":0.0,"gold_gain":0.0,"event_name":"Wheel of Change","player_choice":"Damaged","floor":37.0,"gold_loss":0.0,"damage_taken":11.0},{"damage_healed":0.0,"max_hp_gain":0.0,"max_hp_loss":0.0,"gold_gain":0.0,"event_name":"SensoryStone","player_choice":"Memory 3","floor":39.0,"gold_loss":0.0,"damage_taken":10.0},{"damage_healed":0,"gold_gain":0,"player_choice":"Fight","damage_taken":0,"max_hp_gain":0,"max_hp_loss":0,"event_name":"MindBloom","floor":47,"gold_loss":0}],"is_beta":false,"boss_relics":[{"not_picked":["Coffee Dripper","Sozu","Snecko Eye"]},{"not_picked":["Astrolabe","Black Star"],"picked":"Empty Cage"}],"items_purged_floors":[5,31,45],"is_endless":false,"potions_floor_spawned":[2,11,13,14,18,24,25,33,40,42],"ascension_level":20}}