{"host":"vddkjx04kiwje1tk","time":1609993924,"event":{"mods":["AchievementEnabler","BaseMod","Colored Map","Minty Spire (QoL Compilation)","Quick Restart","SuperFastMode"],"gold_per_floor":[112,112,127,127,52,87,87,113,113,128,128,139,155,181,181,279,279,279],"floor_reached":17,"playtime":266,"items_purged":["Defend_R"],"score":270,"play_id":"073e0be0-96a3-4e64-8980-5bf56eaf91c7","local_time":"20210107133204","is_ascension_mode":true,"campfire_choices":[{"data":"Bash","floor":11,"key":"SMITH"},{"data":"Flex","floor":15,"key":"SMITH"}],"circlet_count":0,"master_deck":["Strike_R","Strike_R","Strike_R","Strike_R","Defend_R","Defend_R","Defend_R","Bash+1","Heavy Blade+1","Flex+1","Offering"],"relics":["Burning Blood","NeowsBlessing","Shuriken","Vajra","Letter Opener","Sundial","SlaversCollar"],"acts_visited":["Exordium","TheCity"],"potions_floor_usage":[8,14,16],"damage_taken":[{"damage":0,"enemies":"Small Slimes","floor":1,"turns":1},{"damage":0,"enemies":"2 Louse","floor":3,"turns":1},{"damage":0,"enemies":"Gremlin Nob","floor":6,"turns":1},{"damage":33,"enemies":"3 Sentries","floor":8,"turns":7},{"damage":7,"enemies":"Jaw Worm","floor":10,"turns":2},{"damage":14,"enemies":"Exordium Wildlife","floor":12,"turns":4},{"damage":0,"enemies":"Large Slime","floor":13,"turns":2},{"damage":20,"enemies":"Gremlin Nob","floor":14,"turns":3},{"damage":32,"enemies":"Hexaghost","floor":16,"turns":7}],"seed_played":"-1715473374627982517","potions_obtained":[{"floor":3,"key":"EssenceOfSteel"},{"floor":10,"key":"ColorlessPotion"},{"floor":12,"key":"Weak Potion"},{"floor":14,"key":"GamblersBrew"}],"is_trial":false,"path_per_floor":["M","?","M","?","$","E","$","E","T","M","R","M","M","E","R","B",null],"character_chosen":"IRONCLAD","items_purchased":[],"campfire_rested":0,"item_purchase_floors":[],"current_hp_per_floor":[78,71,77,77,77,80,80,53,53,52,52,44,50,36,36,10,63,63],"gold":279,"neow_bonus":"THREE_ENEMY_KILL","is_daily":false,"chose_seed":false,"campfire_upgraded":2,"win_rate":0.0,"timestamp":1609993924,"path_taken":["M","?","M","?","$","E","?","E","T","M","R","M","?","E","R","BOSS"],"items_purchased_type":[],"build_version":"2020-12-22","purchased_purges":1,"victory":false,"max_hp_per_floor":[80,80,80,80,80,80,80,80,80,80,80,80,80,80,80,80,80,80],"card_choices":[{"not_picked":["True Grit","Clash"],"picked":"Heavy Blade","floor":1},{"not_picked":["Flame Barrier","Disarm","Warcry"],"picked":"SKIP","floor":3},{"not_picked":["Flame Barrier","Warcry"],"picked":"Flex","floor":6},{"not_picked":["Sever Soul","Twin Strike","Armaments"],"picked":"SKIP","floor":8},{"not_picked":["Entrench","Intimidate","Anger"],"picked":"SKIP","floor":10},{"not_picked":["Burning Pact","Cleave","True Grit"],"picked":"SKIP","floor":12},{"not_picked":["Warcry","Twin Strike","Hemokinesis"],"picked":"SKIP","floor":13},{"not_picked":["Impervious","Clash","Iron Wave"],"picked":"SKIP","floor":14},{"not_picked":["Berserk","Barricade"],"picked":"Offering","floor":16}],"player_experience":245972,"relics_obtained":[{"floor":6,"key":"Shuriken"},{"floor":8,"key":"Vajra"},{"floor":9,"key":"Letter Opener"},{"floor":14,"key":"Sundial"}],"event_choices":[{"cards_removed":["Strike_R"],"damage_healed":0,"gold_gain":0,"player_choice":"Card Removal","damage_taken":7,"max_hp_gain":0,"max_hp_loss":0,"event_name":"Golden Wing","floor":2,"gold_loss":0},{"damage_healed":0,"gold_gain":0,"player_choice":"Grow","damage_taken":0,"max_hp_gain":0,"max_hp_loss":0,"event_name":"Living Wall","floor":4,"gold_loss":0,"cards_upgraded":["Heavy Blade"]}],"is_beta":false,"boss_relics":[{"not_picked":["Snecko Eye","Cursed Key"],"picked":"SlaversCollar"}],"items_purged_floors":[5],"is_endless":false,"potions_floor_spawned":[3,10,12,14],"ascension_level":7}}