{"host":"jm5461npulft7z8b","time":1609994022,"event":{"mods":["BaseMod","Minty Spire (QoL Compilation)","Replay The Spire","StSLib"],"gold_per_floor":[111,62,62,12,12,12,45,60,60,73,83,103,103,123,123,123,123],"floor_reached":16,"playtime":852,"items_purged":[],"score":163,"play_id":"d5fc38c9-7f9b-423f-9052-b3890990485f","local_time":"20210106233342","is_ascension_mode":true,"campfire_choices":[{"floor":6,"key":"REST"},{"floor":13,"key":"RECALL"},{"floor":15,"key":"REST"}],"circlet_count":0,"master_deck":["AscendersBane","Strike_G","Strike_G","Strike_G","Strike_G","Defend_G","Defend_G","Defend_G","Defend_G","Defend_G","Survivor","Neutralize","Cloak And Dagger","Cloak And Dagger","Accuracy","Blade Dance","Outmaneuver","Underhanded Strike","Prepared"],"relics":["Fusion Hammer","Lantern","Meat on the Bone","Blood Vial"],"acts_visited":[],"potions_floor_usage":[11,16,16],"damage_taken":[{"damage":0,"enemies":"Cultist","floor":1,"turns":5},{"damage":17,"enemies":"3 Sentries","floor":7,"turns":16},{"damage":0,"enemies":"Jaw Worm","floor":8,"turns":4},{"damage":0,"enemies":"2 Louse","floor":10,"turns":3},{"damage":0,"enemies":"Blue Slaver","floor":11,"turns":4},{"damage":0,"enemies":"3 Louse","floor":12,"turns":3},{"damage":15,"enemies":"Gremlin Gang","floor":14,"turns":6},{"damage":80,"enemies":"Slime Boss","floor":16,"turns":16}],"seed_played":"-8075160786463192035","potions_obtained":[{"floor":7,"key":"LifebloodPotion"},{"floor":10,"key":"EssenceOfSteel"},{"floor":11,"key":"GamblersBrew"}],"is_trial":false,"path_per_floor":["M","$","?","?","?","R","E","M","T","M","M","M","R","M","R","B"],"character_chosen":"THE_SILENT","items_purchased":["Cloak And Dagger"],"campfire_rested":2,"item_purchase_floors":[2],"current_hp_per_floor":[63,63,68,68,65,75,58,58,58,60,62,64,64,51,73,0,0],"gold":123,"neow_bonus":"BOSS_RELIC","is_daily":false,"chose_seed":false,"campfire_upgraded":0,"win_rate":0.0,"timestamp":1609994022,"path_taken":["M","?","?","?","?","R","E","M","T","M","M","M","R","M","R","BOSS"],"items_purchased_type":["Card"],"build_version":"2020-12-22","purchased_purges":0,"victory":false,"max_hp_per_floor":[70,70,75,75,75,75,75,75,75,75,75,75,75,75,75,75,75],"card_choices":[{"not_picked":["Outmaneuver","Bouncing Flask"],"picked":"Cloak And Dagger","floor":1},{"not_picked":["PiercingWail","Backflip"],"picked":"Accuracy","floor":7},{"not_picked":["All Out Attack","PiercingWail"],"picked":"Blade Dance","floor":8},{"not_picked":["PiercingWail","Accuracy"],"picked":"Outmaneuver","floor":10},{"not_picked":["Slice","Poisoned Stab","Deadly Poison"],"picked":"SKIP","floor":11},{"not_picked":["Expertise","Cloak And Dagger"],"picked":"Underhanded Strike","floor":12},{"not_picked":["Cloak And Dagger","Slice"],"picked":"Prepared","floor":14}],"player_experience":391964,"relics_obtained":[{"floor":7,"key":"Meat on the Bone"},{"floor":9,"key":"Blood Vial"}],"event_choices":[{"damage_healed":0,"gold_gain":0,"player_choice":"Donut","damage_taken":0,"max_hp_gain":5,"max_hp_loss":0,"event_name":"Big Fish","floor":3,"gold_loss":0},{"cards_removed":["Strike_G"],"damage_healed":0,"gold_gain":0,"player_choice":"Card Removal","damage_taken":0,"max_hp_gain":0,"max_hp_loss":0,"event_name":"The Cleric","floor":4,"gold_loss":50},{"damage_healed":0,"gold_gain":0,"player_choice":"Success","damage_taken":3,"relics_obtained":["Lantern"],"max_hp_gain":0,"max_hp_loss":0,"event_name":"Scrap Ooze","floor":5,"gold_loss":0}],"is_beta":false,"boss_relics":[],"items_purged_floors":[],"is_endless":false,"potions_floor_spawned":[7,10,11],"killed_by":"Slime Boss","ascension_level":12}}