{"host":"3y33rrrkia6pkpow","time":1609991128,"event":{"mods":["2.2 Compatiblity","AchievementEnabler","Act Like it!","BaseMod","BetterRewards","Colored Map","Gensokyo","Minty Spire (QoL Compilation)","Quick Restart","Replay The Spire","Shop Mod","Spicy Shops","StSLib","Synergy Search","The Animator"],"gold_per_floor":[115,65,80,98,98,98,98],"floor_reached":6,"playtime":447,"items_purged":[],"score":55,"play_id":"1c4486a9-2fdb-4aa7-a08d-f440268029d3","local_time":"20210106214528","is_ascension_mode":true,"campfire_choices":[],"circlet_count":0,"master_deck":["Strike_G","Strike_G","Strike_G","Strike_G","Strike_G","Defend_G","Defend_G","Defend_G","Defend_G","Defend_G","Survivor","Neutralize","A Thousand Cuts","Flying Knee","Setup","Cloak And Dagger"],"relics":["Ring of the Snake"],"acts_visited":["Exordium"],"potions_floor_usage":[5],"damage_taken":[{"damage":2,"enemies":"2 Louse","floor":1,"turns":4},{"damage":8,"enemies":"Small Slimes","floor":3,"turns":5},{"damage":6,"enemies":"Cultist","floor":4,"turns":3},{"damage":0,"enemies":"Large Slime","floor":5,"turns":1},{"damage":23,"enemies":"Lagavulin","floor":6,"turns":7}],"seed_played":"-774127531869278734","potions_obtained":[{"floor":1,"key":"SmokeBomb"},{"floor":3,"key":"Adrenaline Potion"}],"is_trial":false,"path_per_floor":["M","?","M","M","M","E"],"character_chosen":"THE_SILENT","items_purchased":[],"campfire_rested":0,"item_purchase_floors":[],"current_hp_per_floor":[61,61,53,47,47,24,24],"gold":98,"neow_bonus":"THREE_RARE_CARDS","is_daily":false,"chose_seed":false,"campfire_upgraded":0,"win_rate":0.0,"timestamp":1609991128,"path_taken":["M","?","M","M","M","E"],"items_purchased_type":[],"build_version":"2020-12-22","purchased_purges":0,"victory":false,"max_hp_per_floor":[70,70,70,70,70,70,70],"card_choices":[{"not_picked":["ReplayTheSpireMod:Necrosis","Doppelganger"],"picked":"A Thousand Cuts","floor":0},{"not_picked":["Sucker Punch","Fluid Movement"],"picked":"Flying Knee","floor":1},{"not_picked":["Skewer","Blur"],"picked":"Setup","floor":3},{"not_picked":["Slice","All Out Attack"],"picked":"Cloak And Dagger","floor":4}],"player_experience":843382,"relics_obtained":[],"event_choices":[{"cards_removed":["animator:Curse_Nutcracker"],"damage_healed":0,"gold_gain":0,"player_choice":"Card Removal","damage_taken":0,"max_hp_gain":0,"max_hp_loss":0,"event_name":"The Cleric","floor":2,"gold_loss":50}],"is_beta":false,"boss_relics":[],"items_purged_floors":[],"is_endless":false,"potions_floor_spawned":[1,3,5],"killed_by":"Lagavulin","ascension_level":9}}