{"host":"m5ct6bi1o27m4mp1","time":1609998857,"event":{"mods":["BaseMod","Hero for Fun","Infinite Spire","Marisa????????","Minty Spire (QoL Compilation)","Prisma Mod","StSLib","The Cursed","The Necromancer"],"gold_per_floor":[117,117,50,50,0,0,0,0,0,0,0,14,14,37,37,37,37],"floor_reached":16,"playtime":602,"items_purged":[],"score":125,"play_id":"6e24c2d0-01c9-4a6e-8864-0da3daacd72c","local_time":"20210107135417","daily_mods":["Heirloom","Time Dilation","Flight"],"is_ascension_mode":true,"campfire_choices":[{"data":"Echo Form","floor":6,"key":"SMITH"},{"data":"DevaForm","floor":7,"key":"SMITH"},{"data":"PrismaMod:ChloeBetterTracePools","floor":8,"key":"SMITH"},{"data":"PrismaMod:ChloeAnyUncommonTrace","floor":13,"key":"SMITH"},{"data":"PrismaMod:ChloeCheapDefend","floor":15,"key":"SMITH"}],"circlet_count":0,"master_deck":["Demon Form","Wraith Form v2","Echo Form+1","DevaForm+1","PrismaMod:ChloeCommonAttack","PrismaMod:ChloeCommonAttack","PrismaMod:ChloeCommonAttack","PrismaMod:ChloeCommonAttack","PrismaMod:ChloeCommonDefend","PrismaMod:ChloeCommonDefend","PrismaMod:ChloeCommonDefend","PrismaMod:ChloeCommonDefend","PrismaMod:ChloeCommonDefend","PrismaMod:ChloeCheapAttack","PrismaMod:ChloeCheapDefend+1","PrismaMod:ChloeBetterTracePools+1","PrismaMod:ChloeAnyUncommonTrace+1"],"relics":["PrismaMod:PrismaTraceOn","infinitespire:Joker Card","Golden Idol","Ancient Tea Set"],"acts_visited":["Exordium"],"potions_floor_usage":[],"damage_taken":[{"damage":10,"enemies":"Small Slimes","floor":1,"turns":6},{"damage":12,"enemies":"2 Louse","floor":12,"turns":7},{"damage":15,"enemies":"Jaw Worm","floor":14,"turns":7},{"damage":19,"enemies":"Hexaghost","floor":16,"turns":7}],"seed_played":"5361230114831225021","potions_obtained":[{"floor":12,"key":"SmokeBomb"}],"is_trial":true,"path_per_floor":["M","?","$","?","?","R","R","R","T","$","?","M","R","M","R","B"],"character_chosen":"CHLOE","items_purchased":["PrismaMod:ChloeBetterTracePools"],"campfire_rested":0,"item_purchase_floors":[3],"current_hp_per_floor":[65,80,80,60,60,60,60,60,60,60,60,48,48,33,33,14,14],"gold":37,"neow_bonus":"","is_daily":false,"chose_seed":false,"campfire_upgraded":5,"win_rate":0.0,"timestamp":1609998857,"path_taken":["M","?","$","?","?","R","R","R","T","?","?","?","R","M","R","BOSS"],"items_purchased_type":["Card"],"build_version":"2020-12-22","purchased_purges":0,"victory":false,"max_hp_per_floor":[75,80,80,80,80,80,80,80,80,80,80,80,80,80,80,80,80],"card_choices":[{"not_picked":["PrismaMod:ChloeExhaustOne","PrismaMod:ChloeDemonicTutor","PrismaMod:ChloeCheapAttackTwo"],"picked":"SKIP","floor":1},{"not_picked":["PrismaMod:ChloeExhaustOne","PrismaMod:ChloeDemonicTutor","PrismaMod:ChloeCheapAttackTwo"],"picked":"SKIP","floor":1},{"not_picked":["PrismaMod:ChloeCheapDefendTwo","PrismaMod:ChloeCheapAttackTwo"],"picked":"PrismaMod:ChloeAnyUncommonTrace","floor":12},{"not_picked":["PrismaMod:ChloeCheapAttackTwo","PrismaMod:ChloeCheapDefend","PrismaMod:ChloeCheapAttack"],"picked":"SKIP","floor":14}],"player_experience":45863,"relics_obtained":[{"floor":9,"key":"Ancient Tea Set"}],"event_choices":[{"damage_healed":0,"gold_gain":0,"player_choice":"Donut","damage_taken":0,"max_hp_gain":5,"max_hp_loss":0,"event_name":"Big Fish","floor":2,"gold_loss":0},{"damage_healed":0,"gold_gain":0,"player_choice":"Take Damage","damage_taken":20,"relics_obtained":["Golden Idol"],"max_hp_gain":0,"max_hp_loss":0,"event_name":"Golden Idol","floor":4,"gold_loss":0},{"cards_removed":["PrismaMod:ChloeCommonAttack"],"damage_healed":0,"gold_gain":0,"player_choice":"Card Removal","damage_taken":0,"max_hp_gain":0,"max_hp_loss":0,"event_name":"The Cleric","floor":5,"gold_loss":50},{"damage_healed":0,"gold_gain":0,"player_choice":"Ignored","damage_taken":0,"max_hp_gain":0,"max_hp_loss":0,"event_name":"WeMeetAgain","floor":11,"gold_loss":0}],"is_beta":false,"boss_relics":[],"items_purged_floors":[],"is_endless":false,"potions_floor_spawned":[12],"killed_by":"Hexaghost","ascension_level":9}}