{"host":"vddkjx04kiwje1tk","time":1609994237,"event":{"mods":["AchievementEnabler","BaseMod","Colored Map","Minty Spire (QoL Compilation)","Quick Restart","SuperFastMode"],"gold_per_floor":[117,130,130,142,156,188,188,188,188,199,47,78,78,88,88,88,88],"floor_reached":16,"playtime":312,"items_purged":["Defend_R"],"score":219,"play_id":"0ad6e5db-a9df-4703-8fa4-de9fae9195a7","local_time":"20210107133717","is_ascension_mode":true,"campfire_choices":[{"data":"Fire Breathing","floor":7,"key":"SMITH"},{"data":"Sword Boomerang","floor":13,"key":"SMITH"},{"floor":15,"key":"REST"}],"circlet_count":0,"master_deck":["Strike_R","Strike_R","Strike_R","Strike_R","Defend_R","Defend_R","Defend_R","Bash+1","Inflame+1","Fire Breathing+1","Flex","Sword Boomerang+1","Pummel"],"relics":["Burning Blood","Omamori","Bag of Marbles","Frozen Egg 2"],"acts_visited":["Exordium"],"potions_floor_usage":[16,16,16],"damage_taken":[{"damage":6,"enemies":"Cultist","floor":1,"turns":3},{"damage":2,"enemies":"2 Louse","floor":2,"turns":3},{"damage":0,"enemies":"Small Slimes","floor":4,"turns":3},{"damage":12,"enemies":"Looter","floor":5,"turns":3},{"damage":32,"enemies":"Gremlin Nob","floor":6,"turns":4},{"damage":5,"enemies":"2 Fungi Beasts","floor":10,"turns":4},{"damage":25,"enemies":"Lagavulin","floor":12,"turns":5},{"damage":21,"enemies":"Blue Slaver","floor":14,"turns":3}],"seed_played":"-2932168789485842430","potions_obtained":[{"floor":2,"key":"EssenceOfSteel"},{"floor":6,"key":"Explosive Potion"},{"floor":10,"key":"AttackPotion"}],"is_trial":false,"path_per_floor":["M","M","?","M","M","E","R","?","T","M","$","E","R","M","R","B"],"character_chosen":"IRONCLAD","items_purchased":["Pummel"],"campfire_rested":1,"item_purchase_floors":[11],"current_hp_per_floor":[72,76,76,80,74,48,48,48,48,49,49,30,30,15,39,0,0],"gold":88,"neow_bonus":"UPGRADE_CARD","is_daily":false,"chose_seed":false,"campfire_upgraded":2,"win_rate":0.0,"timestamp":1609994237,"path_taken":["M","?","?","M","?","E","R","?","T","M","$","E","R","M","R","BOSS"],"items_purchased_type":["Card"],"build_version":"2020-12-22","purchased_purges":1,"victory":false,"max_hp_per_floor":[80,80,80,80,80,80,80,80,80,80,80,80,80,80,80,80,80],"card_choices":[{"not_picked":["Headbutt","Clothesline"],"picked":"Inflame","floor":1},{"not_picked":["Armaments","Clothesline","True Grit"],"picked":"SKIP","floor":2},{"not_picked":["Searing Blow","Intimidate","Body Slam"],"picked":"SKIP","floor":4},{"not_picked":["Clash","Armaments"],"picked":"Fire Breathing","floor":5},{"not_picked":["Bludgeon","Offering"],"picked":"Flex","floor":6},{"not_picked":["Dual Wield","Pommel Strike"],"picked":"Sword Boomerang","floor":10},{"not_picked":["Pommel Strike","Flex","Hemokinesis"],"picked":"SKIP","floor":12},{"not_picked":["Wild Strike","Bloodletting","Pommel Strike"],"picked":"SKIP","floor":14}],"player_experience":245972,"relics_obtained":[{"floor":6,"key":"Omamori"},{"floor":9,"key":"Bag of Marbles"},{"floor":12,"key":"Frozen Egg 2"}],"event_choices":[{"damage_healed":0,"gold_gain":0,"player_choice":"Upgraded","damage_taken":0,"max_hp_gain":0,"max_hp_loss":0,"event_name":"Upgrade Shrine","floor":3,"gold_loss":0,"cards_upgraded":["Inflame"]},{"cards_removed":["Strike_R"],"damage_healed":0,"gold_gain":0,"player_choice":"Card Removal","damage_taken":0,"max_hp_gain":0,"max_hp_loss":0,"event_name":"Wheel of Change","floor":8,"gold_loss":0}],"is_beta":false,"boss_relics":[],"items_purged_floors":[11],"is_endless":false,"potions_floor_spawned":[2,6,10],"killed_by":"The Guardian","ascension_level":7}}