{"host":"f0gpob8hq9vgebej","time":1609981683,"event":{"mods":["AchievementEnabler","BaseMod","Minty Spire (QoL Compilation)","Quick Restart","SuperFastMode"],"gold_per_floor":[113,123,139,159,159,159,186,186,256,272,272,283,283,293,293,370,370,386,401,401,326,343,370,380,380,405,416,416,430,447,48,48,122,122,142,162,180,180,198,198,228,228,228,257,257,271,69,0,0,0],"floor_reached":51,"playtime":2755,"items_purged":["Strike_G","Strike_G","Strike_G"],"score":1259,"play_id":"787ab537-0e9a-4fbc-ab7d-ec75671b6634","local_time":"20210107100803","is_ascension_mode":true,"campfire_choices":[{"data":"Blade Dance","floor":6.0,"key":"SMITH"},{"data":"Cloak And Dagger","floor":8.0,"key":"SMITH"},{"data":"Phantasmal Killer","floor":13.0,"key":"SMITH"},{"data":"Blade Dance","floor":15.0,"key":"SMITH"},{"floor":25,"key":"REST"},{"data":"Envenom","floor":28,"key":"SMITH"},{"data":"Accuracy","floor":32,"key":"SMITH"},{"data":"Prepared","floor":40,"key":"SMITH"},{"data":"After Image","floor":42,"key":"SMITH"},{"data":"Panacea","floor":49,"key":"SMITH"}],"circlet_count":0,"master_deck":["AscendersBane","Defend_G","Defend_G","Defend_G","Defend_G","Defend_G","Survivor","Neutralize","Blade Dance+1","Cloak And Dagger+1","Reflex","Phantasmal Killer+1","Blade Dance+1","Envenom+1","Escape Plan","Prepared+1","Acrobatics","Backflip","Accuracy+1","After Image+1","Blur+1","Panacea+1","Acrobatics","Well Laid Plans+1"],"relics":["Ring of the Snake","NeowsBlessing","Incense Burner","Letter Opener","WristBlade","Blood Vial","Strawberry","Unceasing Top","Busted Crown","Pear","Frozen Egg 2","InkBottle","Toxic Egg 2","Red Mask"],"acts_visited":["Exordium","TheCity","TheBeyond"],"potions_floor_usage":[16,19,23,23,33,33,50],"damage_taken":[{"damage":0.0,"enemies":"Jaw Worm","floor":1.0,"turns":1.0},{"damage":0.0,"enemies":"Small Slimes","floor":2.0,"turns":1.0},{"damage":0.0,"enemies":"2 Louse","floor":3.0,"turns":1.0},{"damage":6.0,"enemies":"Lots of Slimes","floor":4.0,"turns":5.0},{"damage":31.0,"enemies":"Gremlin Nob","floor":7.0,"turns":5.0},{"damage":12.0,"enemies":"Gremlin Gang","floor":10.0,"turns":5.0},{"damage":1.0,"enemies":"Large Slime","floor":12.0,"turns":6.0},{"damage":0.0,"enemies":"Exordium Wildlife","floor":14.0,"turns":2.0},{"damage":24,"enemies":"Hexaghost","floor":16,"turns":9},{"damage":4,"enemies":"3 Byrds","floor":18,"turns":4},{"damage":0,"enemies":"2 Thieves","floor":19,"turns":3},{"damage":13,"enemies":"Snecko","floor":22,"turns":4},{"damage":12,"enemies":"Gremlin Leader","floor":23,"turns":4},{"damage":12,"enemies":"Centurion and Healer","floor":24,"turns":4},{"damage":5,"enemies":"Shelled Parasite and Fungi","floor":27,"turns":4},{"damage":2,"enemies":"Snake Plant","floor":29,"turns":4},{"damage":0,"enemies":"Centurion and Healer","floor":30,"turns":2},{"damage":3,"enemies":"Automaton","floor":33,"turns":5},{"damage":0,"enemies":"Orb Walker","floor":35,"turns":2},{"damage":0,"enemies":"3 Darklings","floor":36,"turns":3},{"damage":0,"enemies":"4 Shapes","floor":37,"turns":2},{"damage":1,"enemies":"Writhing Mass","floor":39,"turns":4},{"damage":0,"enemies":"Giant Head","floor":41,"turns":5},{"damage":0,"enemies":"Reptomancer","floor":44,"turns":3},{"damage":2,"enemies":"Spire Growth","floor":46,"turns":3},{"damage":19,"enemies":"Donu and Deca","floor":50,"turns":5}],"seed_played":"-7613943237992568546","potions_obtained":[{"floor":4.0,"key":"Strength Potion"},{"floor":7.0,"key":"SpeedPotion"},{"floor":12.0,"key":"DuplicationPotion"},{"floor":14.0,"key":"ColorlessPotion"},{"floor":16,"key":"Weak Potion"},{"floor":22,"key":"CunningPotion"},{"floor":29,"key":"DistilledChaos"},{"floor":30,"key":"Strength Potion"},{"floor":33,"key":"ColorlessPotion"},{"floor":39,"key":"SteroidPotion"}],"is_trial":false,"path_per_floor":["M","M","M","M","?","R","E","R","T","M","?","M","R","M","R","B",null,"M","M","?","$","M","E","M","R","T","M","R","M","M","$","R","B",null,"M","M","M","?","M","R","E","R","T","E","?","M","$","?","R","B",null],"character_chosen":"THE_SILENT","items_purchased":["Unceasing Top","Well Laid Plans+1"],"campfire_rested":1,"item_purchase_floors":[31,47],"current_hp_per_floor":[63,63,63,57,50,50,19,19,19,7,30,29,29,29,29,5,54,50,50,50,50,37,25,15,36,43,40,40,40,42,42,42,41,68,70,72,74,74,75,75,87,87,87,87,87,85,85,85,85,68],"gold":0,"neow_bonus":"THREE_ENEMY_KILL","is_daily":false,"chose_seed":false,"campfire_upgraded":9,"win_rate":0.0,"timestamp":1609981683,"path_taken":["M","M","M","M","?","R","E","R","T","M","?","M","R","M","R","BOSS","M","M","?","$","?","E","M","R","T","M","R","?","M","$","R","BOSS","M","M","M","?","M","R","E","R","T","E","?","?","$","?","R","BOSS"],"items_purchased_type":["Relic","Card"],"build_version":"2020-12-22","purchased_purges":3,"victory":true,"max_hp_per_floor":[70,70,70,70,70,70,70,70,70,70,70,70,70,70,70,70,70,70,70,70,70,70,70,70,70,77,77,77,77,77,77,77,77,77,77,77,77,77,77,77,87,87,87,87,87,87,87,87,87,87],"card_choices":[{"not_picked":["Sucker Punch","Dagger Spray"],"picked":"Blade Dance","floor":1.0},{"not_picked":["Dagger Spray","Slice"],"picked":"Cloak And Dagger","floor":2.0},{"not_picked":["Dodge and Roll","Quick Slash","Riddle With Holes"],"picked":"SKIP","floor":3.0},{"not_picked":["Well Laid Plans","PiercingWail"],"picked":"Reflex","floor":4.0},{"not_picked":["Deflect","Underhanded Strike","Slice"],"picked":"SKIP","floor":7.0},{"not_picked":["Predator","Footwork"],"picked":"Phantasmal Killer","floor":10.0},{"not_picked":["Catalyst","Dodge and Roll","Dagger Throw"],"picked":"SKIP","floor":12.0},{"not_picked":["Well Laid Plans","Acrobatics"],"picked":"Blade Dance","floor":14.0},{"not_picked":["Unload","Burst"],"picked":"Envenom","floor":16},{"not_picked":["Deflect","Outmaneuver"],"picked":"Escape Plan","floor":18},{"not_picked":["Skewer","Concentrate"],"picked":"Prepared","floor":19},{"not_picked":["Underhanded Strike","Infinite Blades"],"picked":"Acrobatics","floor":22},{"not_picked":["Distraction","Deflect","Infinite Blades"],"picked":"SKIP","floor":23},{"not_picked":["Outmaneuver","Infinite Blades+1","Noxious Fumes"],"picked":"SKIP","floor":24},{"not_picked":["Deflect","Deadly Poison","Infinite Blades"],"picked":"SKIP","floor":27},{"not_picked":["Blade Dance","Outmaneuver"],"picked":"Backflip","floor":29},{"not_picked":["Dodge and Roll","Dash+1"],"picked":"Accuracy","floor":30},{"not_picked":["Tools of the Trade","Corpse Explosion"],"picked":"After Image","floor":33},{"not_picked":["Endless Agony"],"picked":"SKIP","floor":35},{"not_picked":["Leg Sweep"],"picked":"SKIP","floor":36},{"not_picked":[],"picked":"Blur+1","floor":37},{"not_picked":[],"picked":"Panacea","floor":38},{"not_picked":[],"picked":"Acrobatics","floor":39},{"not_picked":["Flying Knee"],"picked":"SKIP","floor":41},{"not_picked":["Dagger Throw"],"picked":"SKIP","floor":44},{"not_picked":["Flying Knee"],"picked":"SKIP","floor":46}],"player_experience":120447,"relics_obtained":[{"floor":7.0,"key":"Incense Burner"},{"floor":9.0,"key":"Letter Opener"},{"floor":23,"key":"Blood Vial"},{"floor":26,"key":"Strawberry"},{"floor":41,"key":"Pear"},{"floor":43,"key":"Frozen Egg 2"},{"floor":44,"key":"InkBottle"}],"event_choices":[{"cards_removed":["Strike_G"],"damage_healed":0.0,"max_hp_gain":0.0,"max_hp_loss":0.0,"gold_gain":0.0,"event_name":"Golden Wing","player_choice":"Card Removal","floor":5.0,"gold_loss":0.0,"damage_taken":7.0},{"damage_healed":23.0,"max_hp_gain":0.0,"max_hp_loss":0.0,"gold_gain":0.0,"event_name":"Big Fish","player_choice":"Banana","floor":11.0,"gold_loss":0.0,"damage_taken":0.0},{"cards_removed":["Strike_G"],"damage_healed":0,"gold_gain":0,"player_choice":"Purged","damage_taken":0,"max_hp_gain":0,"max_hp_loss":0,"event_name":"Purifier","floor":20,"gold_loss":0},{"damage_healed":0,"gold_gain":0,"player_choice":"Memory 1","damage_taken":0,"max_hp_gain":0,"max_hp_loss":0,"event_name":"SensoryStone","floor":38,"gold_loss":0},{"damage_healed":0,"gold_gain":0,"player_choice":"Gave Potion","damage_taken":0,"relics_obtained":["Toxic Egg 2"],"max_hp_gain":0,"max_hp_loss":0,"event_name":"WeMeetAgain","floor":45,"gold_loss":0},{"damage_healed":0,"gold_gain":0,"player_choice":"Paid","damage_taken":0,"relics_obtained":["Red Mask"],"max_hp_gain":0,"max_hp_loss":0,"event_name":"Tomb of Lord Red Mask","floor":48,"gold_loss":69}],"is_beta":false,"boss_relics":[{"not_picked":["Ectoplasm","Coffee Dripper"],"picked":"WristBlade"},{"not_picked":["Runic Dome","Velvet Choker"],"picked":"Busted Crown"}],"items_purged_floors":[21,31,47],"is_endless":false,"potions_floor_spawned":[4,7,12,14,16,22,29,30,33,39,41],"ascension_level":13}}