{"host":"mydft8i2zzydgggw","time":1609985660,"event":{"mods":["AchievementEnabler","BaseMod","BetterRewards","Colored Map","Colored Powertips","DeckTracker","Keyboard Shortcuts","Minty Spire (QoL Compilation)","Quick Restart","Rare Cards Sparkle","StSLib","SuperFastMode","The Poker Player","everything is the same but u backflip on backflip"],"gold_per_floor":[116,129,143,143,155,180,197,197,197,197,227,107,107,117,117,219,219,236,247,3,15,15,15,15,15,63,63,63],"floor_reached":27,"playtime":779,"items_purged":["Strike_B","Defend_B"],"score":290,"play_id":"69301452-031d-40d0-8523-0237f329060f","local_time":"20210107111420","is_ascension_mode":true,"campfire_choices":[{"data":"Strike_B","floor":8,"key":"PURGE"},{"data":"Strike_B","floor":13,"key":"PURGE"},{"floor":15,"key":"REST"},{"data":"Defend_B","floor":23,"key":"PURGE"},{"data":"Strike_B","floor":25,"key":"PURGE"}],"circlet_count":0,"master_deck":["Defend_B+1","Defend_B","Zap","Dualcast","Go for the Eyes","Turbo","Seek","Coolheaded","Stack+1","Rip and Tear","Swift Strike","FTL","Sweeping Beam","Defragment","Fission","Skim"],"relics":["Cracked Core","Peace Pipe","CultistMask","Sundial","Mercury Hourglass","Pen Nib","Inserter","Lantern","War Paint"],"acts_visited":["Exordium","TheCity"],"potions_floor_usage":[6,11,14,19,21],"damage_taken":[{"damage":0,"enemies":"Cultist","floor":1,"turns":2},{"damage":5,"enemies":"Small Slimes","floor":2,"turns":3},{"damage":2,"enemies":"Jaw Worm","floor":3,"turns":3},{"damage":7,"enemies":"Looter","floor":5,"turns":4},{"damage":21,"enemies":"Gremlin Nob","floor":6,"turns":4},{"damage":8,"enemies":"2 Fungi Beasts","floor":7,"turns":3},{"damage":3,"enemies":"3 Sentries","floor":11,"turns":4},{"damage":3,"enemies":"Large Slime","floor":14,"turns":3},{"damage":24,"enemies":"The Guardian","floor":16,"turns":12},{"damage":21,"enemies":"2 Thieves","floor":18,"turns":3},{"damage":8,"enemies":"Shell Parasite","floor":19,"turns":5},{"damage":32,"enemies":"Snecko","floor":21,"turns":6},{"damage":48,"enemies":"Slavers","floor":27,"turns":3}],"seed_played":"-8681454914061120981","potions_obtained":[{"floor":2,"key":"GamblersBrew"},{"floor":5,"key":"FairyPotion"},{"floor":7,"key":"DistilledChaos"},{"floor":11,"key":"Weak Potion"},{"floor":16,"key":"Ancient Potion"},{"floor":18,"key":"Fire Potion"}],"is_trial":false,"path_per_floor":["M","M","M","?","M","E","M","R","T","?","E","$","R","M","R","B",null,"M","M","$","M","?","R","$","R","T","E"],"character_chosen":"DEFECT","items_purchased":["Sweeping Beam","Lantern"],"campfire_rested":1,"item_purchase_floors":[12,20],"current_hp_per_floor":[68,63,61,61,54,33,25,25,25,25,22,22,22,19,39,15,55,34,26,26,20,42,42,42,42,42,0,0],"gold":63,"neow_bonus":"ONE_RARE_RELIC","is_daily":false,"chose_seed":false,"campfire_upgraded":0,"win_rate":0.0,"timestamp":1609985660,"path_taken":["M","M","M","?","?","E","M","R","T","?","E","$","R","M","R","BOSS","M","M","?","M","?","R","$","R","T","E"],"items_purchased_type":["Card","Relic"],"build_version":"2020-12-22","purchased_purges":2,"victory":false,"max_hp_per_floor":[68,68,68,68,68,68,68,68,68,68,68,68,68,68,68,68,68,68,68,68,68,68,68,68,68,68,68,68],"card_choices":[{"not_picked":["Conserve Battery","Ball Lightning"],"picked":"Go for the Eyes","floor":1},{"not_picked":["Tempest","Ball Lightning"],"picked":"Turbo","floor":2},{"not_picked":["Rebound","Stack","Compile Driver"],"picked":"SKIP","floor":3},{"not_picked":["Beam Cell","Barrage"],"picked":"Seek","floor":5},{"not_picked":["Redo","Genetic Algorithm"],"picked":"Coolheaded","floor":6},{"not_picked":["Conserve Battery","Go for the Eyes"],"picked":"Stack","floor":7},{"not_picked":["Gash","Heatsinks"],"picked":"FTL","floor":11},{"not_picked":["Melter","Lockon"],"picked":"Defragment","floor":14},{"not_picked":["Hyperbeam","Creative AI"],"picked":"Fission","floor":16},{"not_picked":["Undo","Doom and Gloom"],"picked":"Skim","floor":18},{"not_picked":["Turbo","Lockon","Steam"],"picked":"SKIP","floor":19},{"not_picked":["Ball Lightning","Force Field","Beam Cell"],"picked":"SKIP","floor":21}],"player_experience":127021,"relics_obtained":[{"floor":6,"key":"Sundial"},{"floor":9,"key":"Mercury Hourglass"},{"floor":11,"key":"Pen Nib"},{"floor":26,"key":"War Paint"}],"event_choices":[{"damage_healed":0,"gold_gain":0,"player_choice":"Trade","damage_taken":0,"relics_obtained":["CultistMask"],"max_hp_gain":0,"max_hp_loss":0,"event_name":"FaceTrader","floor":4,"gold_loss":0},{"damage_healed":0,"gold_gain":0,"player_choice":"2 cards matched","damage_taken":0,"max_hp_gain":0,"max_hp_loss":0,"event_name":"Match and Keep!","floor":10,"gold_loss":0,"cards_obtained":["Rip and Tear","Swift Strike"]},{"damage_healed":22,"gold_gain":0,"player_choice":"Heal","damage_taken":0,"max_hp_gain":0,"max_hp_loss":0,"event_name":"The Library","floor":22,"gold_loss":0}],"is_beta":false,"boss_relics":[{"not_picked":["Pandora\u0027s Box","Velvet Choker"],"picked":"Inserter"}],"items_purged_floors":[12,20],"is_endless":false,"potions_floor_spawned":[2,5,7,11,16,18],"killed_by":"Slavers","ascension_level":6}}