{"host":"v4nyfngrgywi7zc6","time":1609994196,"event":{"mods":["2.2 Compatiblity","BaseMod","Custom Start","Minty Spire (QoL Compilation)","Shop Mod","StSLib","The Bug Knight","The Dragon Tamer","The Jungle","The Marked"],"gold_per_floor":[116,291,291,291,308,341,360,74,74,74,25,37,72,72,72,177,177,177,177,177,177,10,10,10,10,10,10,10,10,10,10,10,10,10,10,10,10,10,10,10,10,10,10,10,10,10,10,10,10,10],"floor_reached":51,"playtime":3222,"items_purged":[],"score":801,"play_id":"8d611fa3-2bb4-4c25-aadf-ade7b07617bc","local_time":"20210106223636","is_ascension_mode":false,"campfire_choices":[{"data":"theMarked:SoldierOfQuellstein","floor":10,"key":"SMITH"},{"floor":15,"key":"REST"},{"data":"theMarked:Improvise","floor":23,"key":"SMITH"},{"data":"theMarked:Improvise","floor":25,"key":"SMITH"},{"floor":27,"key":"REST"},{"floor":30,"key":"REST"},{"floor":32,"key":"REST"},{"floor":41,"key":"REST"},{"floor":45,"key":"REST"},{"floor":49,"key":"REST"}],"circlet_count":0,"master_deck":["theMarked:Strike","theMarked:Strike","theMarked:Strike","theMarked:Strike","theMarked:Strike","theMarked:Defend","theMarked:Defend","theMarked:Defend","theMarked:Defend","theMarked:SoldierOfQuellstein+1","theMarked:RogueSparks","theMarked:Static","theMarked:Panic","theMarked:EmpowerWeapon","theMarked:EmpowerWeapon","theMarked:Improvise+1","theMarked:SoldierOfQuellstein","theMarked:EternalStudent","Mayhem","theMarked:Improvise+1","theMarked:Improvise+1","theMarked:Frustration","theMarked:BindingBlade","Madness","Madness"],"relics":["theMarked:ArtifactOfAir","NeowsBlessing","Pear","theMarked:SecretDocuments","Regal Pillow","Ectoplasm","Kunai","theJungle:BirthdayCakeSlice","Omamori","Question Card","Lizard Tail","SlaversCollar","Frozen Egg 2","Smiling Mask","StoneCalendar","Singing Bowl"],"acts_visited":["Exordium","Exordium","TheBeyond"],"potions_floor_usage":[12,24,33,33,37,44,47],"damage_taken":[{"damage":0,"enemies":"2 Louse","floor":1,"turns":1},{"damage":0,"enemies":"Jaw Worm","floor":5,"turns":1},{"damage":0,"enemies":"Gremlin Nob","floor":6,"turns":1},{"damage":6,"enemies":"Cultist","floor":7,"turns":3},{"damage":2,"enemies":"Blue Slaver","floor":12,"turns":3},{"damage":30,"enemies":"3 Sentries","floor":13,"turns":7},{"damage":42,"enemies":"Slime Boss","floor":16,"turns":10},{"damage":10,"enemies":"theJungle:MUSHROOMGANG","floor":18,"turns":3},{"damage":26,"enemies":"Shell Parasite","floor":21,"turns":6},{"damage":1,"enemies":"theJungle:Cassacara","floor":24,"turns":5},{"damage":32,"enemies":"theJungle:Lyon","floor":28,"turns":4},{"damage":48,"enemies":"theJungle:MamaSnecko","floor":29,"turns":6},{"damage":54,"enemies":"theJungle:TotemBoss","floor":33,"turns":7},{"damage":36,"enemies":"3 Darklings","floor":35,"turns":4},{"damage":19,"enemies":"3 Shapes","floor":37,"turns":4},{"damage":15,"enemies":"Sphere and 2 Shapes","floor":39,"turns":4},{"damage":19,"enemies":"Reptomancer","floor":40,"turns":5},{"damage":6,"enemies":"Giant Head","floor":42,"turns":5},{"damage":22,"enemies":"Jaw Worm Horde","floor":44,"turns":3},{"damage":2,"enemies":"3 Darklings","floor":46,"turns":4},{"damage":12,"enemies":"Sphere and 2 Shapes","floor":47,"turns":5},{"damage":89,"enemies":"Awakened One","floor":50,"turns":9}],"seed_played":"1210748468756624877","potions_obtained":[{"floor":1,"key":"Block Potion"},{"floor":6,"key":"LiquidBronze"},{"floor":7,"key":"LiquidBronze"},{"floor":21,"key":"EssenceOfSteel"},{"floor":35,"key":"Regen Potion"},{"floor":42,"key":"Block Potion"},{"floor":46,"key":"ColorlessPotion"}],"is_trial":false,"path_per_floor":["M","?","?","?","M","E","M","$","T","R","$","M","E","?","R","B",null,"M","T","?","M","$","R","E","R","T","R","M","E","R","?","R","B",null,"M","T","M","?","M","E","R","E","T","M","R","M","M","?","R","B",null],"character_chosen":"THE_DEFAULT","items_purchased":["theMarked:SecretDocuments","theMarked:EmpowerWeapon","Mayhem"],"campfire_rested":7,"item_purchase_floors":[8,11,22],"current_hp_per_floor":[70,70,75,68,68,78,72,72,72,72,72,70,40,40,80,38,85,75,75,80,54,54,54,53,53,53,90,58,10,52,52,90,36,90,54,54,44,44,29,10,52,46,46,26,68,68,58,46,89,48],"gold":10,"neow_bonus":"THREE_ENEMY_KILL","is_daily":false,"chose_seed":false,"campfire_upgraded":3,"win_rate":0.0,"timestamp":1609994196,"path_taken":["M","?","?","?","?","E","M","$","T","R","?","M","E","?","R","BOSS","M","?","?","M","?","R","E","R","T","R","?","E","R","?","R","BOSS","M","?","M","?","M","E","R","E","T","?","R","M","?","?","R","BOSS"],"items_purchased_type":["Relic","Card","Card"],"build_version":"2020-12-22","purchased_purges":0,"victory":true,"max_hp_per_floor":[70,70,75,75,75,85,85,85,85,85,85,85,85,85,85,85,85,85,85,90,90,90,90,90,90,90,90,90,90,90,90,90,90,90,90,90,90,90,90,90,90,90,90,92,92,94,96,96,96,96],"card_choices":[{"not_picked":["theMarked:Electrify","theMarked:Parkour"],"picked":"theMarked:RogueSparks","floor":1},{"not_picked":["theMarked:Indomitable","theMarked:ResourceFulStrike"],"picked":"theMarked:Static","floor":5},{"not_picked":["theMarked:Static","theMarked:Convert"],"picked":"theMarked:Panic","floor":6},{"not_picked":["theMarked:Frustration","theMarked:Aftermath"],"picked":"theMarked:EmpowerWeapon","floor":7},{"not_picked":["theMarked:LightningStrikesTwice","theMarked:SwordAndMagic","theMarked:TwofoldDefense"],"picked":"SKIP","floor":12},{"not_picked":["theMarked:Defy","theMarked:CreepingChasm"],"picked":"theMarked:Improvise","floor":13},{"not_picked":["theMarked:ThrowWeapon","theMarked:TurnInvisible"],"picked":"theMarked:EternalStudent","floor":16},{"not_picked":["theMarked:BanishingStrike","theMarked:EmpowerWeapon+1","theMarked:GodGivenPower+1"],"picked":"SKIP","floor":18},{"not_picked":["theMarked:Parry","theMarked:Generate","theMarked:HeightenedSenses"],"picked":"SKIP","floor":21},{"not_picked":["theMarked:Static","theMarked:RepellingDischarge"],"picked":"theMarked:Improvise","floor":24},{"not_picked":["theMarked:BanishingStrike","theMarked:ChainLightning","theMarked:WardOff","theMarked:Challenge"],"picked":"SKIP","floor":28},{"not_picked":["theMarked:Seal","theMarked:RogueSparks+1","theMarked:TunnelVision"],"picked":"theMarked:Improvise+1","floor":29},{"not_picked":["theMarked:MagicAdept","theMarked:EternalStudent","theMarked:Levitate"],"picked":"theMarked:BindingBlade","floor":33},{"not_picked":["theMarked:Parkour+1","theMarked:TwofoldDefense","theMarked:ResourceFulStrike+1","theMarked:WastefulDefense"],"picked":"SKIP","floor":35},{"not_picked":["theMarked:MagicAdept+1","theMarked:RepellingDischarge","theMarked:HeritageOfTheMarked+1","theMarked:Improvise"],"picked":"SKIP","floor":37},{"not_picked":["theMarked:ResourceFulStrike+1","theMarked:Generate+1","theMarked:Improvise","theMarked:WastefulAttack"],"picked":"SKIP","floor":39},{"not_picked":["theMarked:HeightenedSenses","theMarked:Frustration+1","theMarked:WastefulAttack","theMarked:Static+1"],"picked":"SKIP","floor":40},{"not_picked":["theMarked:LightningStrikesTwice","theMarked:Parry+1","theMarked:RepellingDischarge+1","theMarked:WastefulAttack+1"],"picked":"SKIP","floor":42},{"not_picked":["theMarked:RogueSparks+1","theMarked:TwofoldDefense","theMarked:BanishingStrike","theMarked:Parkour+1"],"picked":"Singing Bowl","floor":44},{"not_picked":["theMarked:ElectricStrings+1","theMarked:Frustration","theMarked:Improvise+1","theMarked:TunnelVision+1"],"picked":"Singing Bowl","floor":46},{"not_picked":["theMarked:ChainLightning+1","theMarked:TwofoldDefense","theMarked:Opportunist+1","theMarked:Parkour+1"],"picked":"Singing Bowl","floor":47}],"player_experience":227669,"relics_obtained":[{"floor":6,"key":"Pear"},{"floor":13,"key":"Regal Pillow"},{"floor":19,"key":"Kunai"},{"floor":24,"key":"Omamori"},{"floor":26,"key":"Question Card"},{"floor":29,"key":"Lizard Tail"},{"floor":36,"key":"Frozen Egg 2"},{"floor":40,"key":"Smiling Mask"},{"floor":42,"key":"StoneCalendar"},{"floor":43,"key":"Singing Bowl"}],"event_choices":[{"damage_healed":0,"gold_gain":175,"player_choice":"AGREE","damage_taken":0,"max_hp_gain":0,"max_hp_loss":0,"event_name":"Liars Game","floor":2,"gold_loss":0,"cards_obtained":["Doubt"]},{"damage_healed":0,"gold_gain":0,"player_choice":"Donut","damage_taken":0,"max_hp_gain":5,"max_hp_loss":0,"event_name":"Big Fish","floor":3,"gold_loss":0},{"cards_removed":["Doubt"],"damage_healed":0,"gold_gain":0,"player_choice":"Card Removal","damage_taken":7,"max_hp_gain":0,"max_hp_loss":0,"event_name":"Golden Wing","floor":4,"gold_loss":0},{"damage_healed":0,"gold_gain":0,"player_choice":"1 cards matched","damage_taken":0,"max_hp_gain":0,"max_hp_loss":0,"event_name":"Match and Keep!","floor":14,"gold_loss":0,"cards_obtained":["theMarked:SoldierOfQuellstein"]},{"damage_healed":0,"gold_gain":0,"player_choice":"1 cards matched","damage_taken":0,"max_hp_gain":0,"max_hp_loss":0,"event_name":"Match and Keep!","floor":31,"gold_loss":0,"cards_obtained":["theMarked:Frustration"]},{"damage_healed":0,"gold_gain":0,"player_choice":"Cursed","damage_taken":0,"max_hp_gain":0,"max_hp_loss":0,"event_name":"Wheel of Change","floor":38,"gold_loss":0,"cards_obtained":["Decay"]},{"damage_healed":0,"gold_gain":0,"player_choice":"Embrace Madness","damage_taken":12,"max_hp_gain":0,"max_hp_loss":0,"event_name":"Winding Halls","floor":48,"gold_loss":0,"cards_obtained":["Madness","Madness"]}],"is_beta":false,"boss_relics":[{"not_picked":["Calling Bell","Coffee Dripper"],"picked":"Ectoplasm"},{"not_picked":["theMarked:Eyepatch","Tiny House"],"picked":"SlaversCollar"}],"items_purged_floors":[],"is_endless":false,"potions_floor_spawned":[1,6,7,21,35,42,46],"ascension_level":0}}