{"host":"J","time":1609980131,"event":{"mods":["BaseMod","Better Third Choice","Minty Spire (QoL Compilation)","Robot Space Explorer","StSLib"],"gold_per_floor":[109,109,125,140,140,166,11,11,66,66,95,110,110,126,126,203,203,217,217,229,14,14,44,44,73,73,90,90,109,127,152,152,230,230,230],"floor_reached":34,"playtime":1130,"items_purged":["Strike_P","Pain"],"score":965,"play_id":"1baa3e21-2384-498a-8afe-d98f51255f04","local_time":"20210107014211","is_ascension_mode":true,"campfire_choices":[{"data":"SashWhip","floor":8.0,"key":"SMITH"},{"data":"Wallop","floor":10.0,"key":"SMITH"},{"floor":15.0,"key":"REST"},{"floor":24.0,"key":"REST"},{"data":"RitualDagger","floor":28.0,"key":"SMITH"},{"floor":32.0,"key":"REST"}],"circlet_count":0,"master_deck":["AscendersBane","Defend_P","Defend_P+1","Defend_P","Defend_P","Eruption","Vigilance","SashWhip+1","Crescendo","FlurryOfBlows","Wallop+1","CarveReality","Prostrate","Pray","DevaForm","ThirdEye+1","RitualDagger+1","Consecrate","Bite","Bite","Bite","Bite","Bite","EmptyMind","TalkToTheHand","Tantrum","Wish"],"relics":["PureWater","Happy Flower","Letter Opener","PreservedInsect","Smiling Mask","Yang","WarpedTongs","Philosopher\u0027s Stone","Toolbox","Bag of Marbles","InkBottle","War Paint","Tiny Chest"],"acts_visited":["TheBeyond"],"potions_floor_usage":[],"damage_taken":[{"damage":4.0,"enemies":"Jaw Worm","floor":1.0,"turns":3.0},{"damage":0.0,"enemies":"2 Louse","floor":3.0,"turns":2.0},{"damage":9.0,"enemies":"Cultist","floor":4.0,"turns":3.0},{"damage":22.0,"enemies":"3 Sentries","floor":6.0,"turns":7.0},{"damage":12.0,"enemies":"Gremlin Nob","floor":11.0,"turns":3.0},{"damage":6.0,"enemies":"Exordium Thugs","floor":12.0,"turns":2.0},{"damage":0.0,"enemies":"Large Slime","floor":14.0,"turns":2.0},{"damage":25.0,"enemies":"The Guardian","floor":16.0,"turns":10.0},{"damage":25.0,"enemies":"Shell Parasite","floor":18.0,"turns":4.0},{"damage":2.0,"enemies":"Spheric Guardian","floor":20.0,"turns":3.0},{"damage":28.0,"enemies":"Book of Stabbing","floor":23.0,"turns":5.0},{"damage":0.0,"enemies":"Slavers","floor":25.0,"turns":3.0},{"damage":12.0,"enemies":"Shelled Parasite and Fungi","floor":27.0,"turns":3.0},{"damage":7.0,"enemies":"Snake Plant","floor":29.0,"turns":4.0},{"damage":9.0,"enemies":"Cultist and Chosen","floor":30.0,"turns":3.0},{"damage":0.0,"enemies":"Gremlin Leader","floor":31.0,"turns":4.0},{"damage":20.0,"enemies":"Champ","floor":33.0,"turns":8.0}],"seed_played":"5240533850343909017","potions_obtained":[{"floor":3.0,"key":"SpeedPotion"},{"floor":6.0,"key":"Weak Potion"},{"floor":11.0,"key":"Block Potion"},{"floor":16.0,"key":"Fire Potion"},{"floor":23.0,"key":"Regen Potion"},{"floor":27.0,"key":"PowerPotion"},{"floor":29.0,"key":"PowerPotion"}],"is_trial":false,"path_per_floor":["M","?","M","M","T","E","$","R","T","R","E","M","?","M","R","B",null,"M","?","M","$","?","E","R","E","T","M","R","M","M","E","R","B",null],"character_chosen":"WATCHER","items_purchased":["CarveReality","Toolbox"],"campfire_rested":3,"item_purchase_floors":[7,21],"current_hp_per_floor":[57,62,62,53,53,31,31,31,31,31,19,13,13,13,34,9,57,32,26,24,24,24,6,21,41,41,35,35,35,32,35,50,49,51,51],"gold":230,"neow_bonus":"RANDOM_COMMON_RELIC","is_daily":false,"chose_seed":false,"campfire_upgraded":3,"win_rate":0.0,"timestamp":1609980131,"path_taken":["M","?","M","M","?","E","$","R","T","R","E","M","?","?","R","BOSS","BOSS","M","?","M","$","?","E","R","E","T","M","R","M","M","E","R","BOSS"],"items_purchased_type":["Card","Relic"],"build_version":"2020-12-18","purchased_purges":2,"victory":false,"max_hp_per_floor":[68,73,73,73,73,73,73,73,73,73,73,73,73,73,73,73,73,73,73,73,73,51,51,51,51,51,51,51,51,51,51,51,51,51,51],"card_choices":[{"not_picked":["BowlingBash","Crescendo"],"picked":"SashWhip","floor":1.0},{"not_picked":["SandsOfTime","Protect"],"picked":"Crescendo","floor":3.0},{"not_picked":["Vengeance","PathToVictory"],"picked":"FlurryOfBlows","floor":4.0},{"not_picked":["JustLucky","ThirdEye"],"picked":"Wallop","floor":6.0},{"not_picked":["Pray","Fasting2"],"picked":"Prostrate","floor":11.0},{"not_picked":["Perseverance","JustLucky","WheelKick"],"picked":"SKIP","floor":12.0},{"not_picked":["CutThroughFate","SandsOfTime"],"picked":"Pray","floor":14.0},{"not_picked":["Blasphemy","MasterReality"],"picked":"DevaForm","floor":16.0},{"not_picked":["FollowUp","SashWhip+1"],"picked":"ThirdEye","floor":18.0},{"not_picked":["Protect","Establishment"],"picked":"Consecrate","floor":20.0},{"not_picked":["WheelKick","Prostrate+1"],"picked":"EmptyMind","floor":23.0},{"not_picked":["CutThroughFate","CrushJoints","Consecrate"],"picked":"SKIP","floor":25.0},{"not_picked":["Evaluate","ClearTheMind","Pray"],"picked":"SKIP","floor":27.0},{"not_picked":["PathToVictory","Sanctity"],"picked":"TalkToTheHand","floor":29.0},{"not_picked":["WreathOfFlame","Nirvana+1"],"picked":"Tantrum","floor":30.0},{"not_picked":["Evaluate+1","FlurryOfBlows","CarveReality"],"picked":"SKIP","floor":31.0},{"not_picked":["ConjureBlade","Establishment"],"picked":"Wish","floor":33.0}],"player_experience":1066236,"relics_obtained":[{"floor":5.0,"key":"Letter Opener"},{"floor":6.0,"key":"PreservedInsect"},{"floor":9.0,"key":"Smiling Mask"},{"floor":11.0,"key":"Yang"},{"floor":23.0,"key":"Bag of Marbles"},{"floor":25.0,"key":"InkBottle"},{"floor":26.0,"key":"War Paint"},{"floor":31.0,"key":"Tiny Chest"}],"event_choices":[{"damage_healed":0.0,"max_hp_gain":5.0,"max_hp_loss":0.0,"gold_gain":0.0,"event_name":"Big Fish","player_choice":"Donut","floor":2.0,"gold_loss":0.0,"damage_taken":0.0},{"damage_healed":0.0,"max_hp_gain":0.0,"max_hp_loss":0.0,"gold_gain":0.0,"event_name":"Accursed Blacksmith","player_choice":"Rummage","floor":13.0,"gold_loss":0.0,"damage_taken":0.0,"relics_obtained":["WarpedTongs"],"cards_obtained":["Pain"]},{"damage_healed":0.0,"max_hp_gain":0.0,"max_hp_loss":0.0,"gold_gain":0.0,"event_name":"Nest","player_choice":"Joined the Cult","floor":19.0,"gold_loss":0.0,"damage_taken":6.0,"cards_obtained":["RitualDagger"]},{"damage_healed":0.0,"max_hp_gain":0.0,"max_hp_loss":22.0,"gold_gain":0.0,"event_name":"Vampires","player_choice":"Became a vampire","floor":22.0,"gold_loss":0.0,"damage_taken":0.0,"cards_obtained":["Bite","Bite","Bite","Bite","Bite"]}],"is_beta":true,"boss_relics":[{"not_picked":["Snecko Eye","Fusion Hammer"],"picked":"Philosopher\u0027s Stone"},{"not_picked":[]}],"items_purged_floors":[7,21],"is_endless":false,"potions_floor_spawned":[3,6,11,16,23,27,29,30],"ascension_level":20}}