{"host":"5x08nt64u3vxxcfi","time":1609991041,"event":{"mods":["BaseMod","Minty Spire (QoL Compilation)","StSLib","SuperFastMode"],"gold_per_floor":[110,33,33,33,52,78,78,95,143,170,57,84,148,161,161,265,265,278,278,295,295,45,71,71,106,106,106,132,147,72,101,101,204,204,222,121,136,189,189,189,189,218,245,245,295,517,48,77,77,77],"floor_reached":51,"playtime":1214,"items_purged":[],"score":1163,"play_id":"7ec23457-96c9-4efd-ac3b-6d5cfa93b8f0","local_time":"20210107124401","is_ascension_mode":true,"campfire_choices":[{"data":"White Noise","floor":7.0,"key":"SMITH"},{"data":"Heatsinks","floor":15.0,"key":"SMITH"},{"data":"Seek","floor":24.0,"key":"SMITH"},{"data":"Buffer","floor":27.0,"key":"SMITH"},{"data":"Beam Cell","floor":32.0,"key":"SMITH"},{"data":"Ghostly","floor":40,"key":"SMITH"},{"data":"Ghostly","floor":41,"key":"SMITH"},{"data":"Ghostly","floor":44,"key":"SMITH"},{"floor":49,"key":"DIG"}],"circlet_count":0,"master_deck":["Strike_B","Strike_B+1","Defend_B","Defend_B","Defend_B","Defend_B","Zap","Dualcast+1","Steam","White Noise+1","Gash","Heatsinks+1","All For One","FTL","Beam Cell","Sweeping Beam","Gash","Buffer+1","Beam Cell+1","Seek+1","Ghostly+1","Ghostly+1","Ghostly+1","Ghostly","Ghostly","FTL","Sweeping Beam+1","Gash","Leap","Machine Learning","Genetic Algorithm+1","Rebound","Stack","FTL","Scrape+1","Go for the Eyes+1","Heatsinks+1","Apotheosis","Amplify","Seek","Scrape"],"relics":["Cracked Core","NeowsBlessing","MealTicket","Juzu Bracelet","Darkstone Periapt","Tiny Chest","Runic Pyramid","MutagenicStrength","Kunai","Lantern","Potion Belt","Bag of Preparation","Nunchaku","Red Mask","Nuclear Battery","WingedGreaves","Orichalcum","Frozen Egg 2","Omamori","Shovel","Bag of Marbles","Sundial"],"acts_visited":["Exordium","TheCity","TheBeyond"],"potions_floor_usage":[50,50,50],"damage_taken":[{"damage":0.0,"enemies":"Jaw Worm","floor":1.0,"turns":1.0},{"damage":0.0,"enemies":"2 Louse","floor":5.0,"turns":1.0},{"damage":0.0,"enemies":"Lagavulin","floor":6.0,"turns":1.0},{"damage":7.0,"enemies":"Small Slimes","floor":8.0,"turns":3.0},{"damage":24.0,"enemies":"3 Sentries","floor":10.0,"turns":5.0},{"damage":24.0,"enemies":"Lagavulin","floor":12.0,"turns":4.0},{"damage":1.0,"enemies":"2 Fungi Beasts","floor":14.0,"turns":2.0},{"damage":0.0,"enemies":"Slime Boss","floor":16.0,"turns":6.0},{"damage":2.0,"enemies":"Chosen","floor":18.0,"turns":4.0},{"damage":0.0,"enemies":"Spheric Guardian","floor":20.0,"turns":2.0},{"damage":0.0,"enemies":"Gremlin Leader","floor":23.0,"turns":4.0},{"damage":22.0,"enemies":"Book of Stabbing","floor":25.0,"turns":7.0},{"damage":0.0,"enemies":"Snecko","floor":29.0,"turns":3.0},{"damage":0.0,"enemies":"Masked Bandits","floor":31.0,"turns":3.0},{"damage":1.0,"enemies":"Automaton","floor":33.0,"turns":8.0},{"damage":0.0,"enemies":"3 Shapes","floor":35.0,"turns":3.0},{"damage":0.0,"enemies":"Orb Walker","floor":37.0,"turns":3.0},{"damage":0,"enemies":"2 Orb Walkers","floor":38,"turns":6},{"damage":0,"enemies":"Giant Head","floor":42,"turns":8},{"damage":0,"enemies":"Mind Bloom Boss Battle","floor":45,"turns":3},{"damage":0,"enemies":"Reptomancer","floor":48,"turns":6},{"damage":0,"enemies":"Donu and Deca","floor":50,"turns":7}],"seed_played":"4204299214601602665","potions_obtained":[{"floor":5.0,"key":"SteroidPotion"},{"floor":6.0,"key":"Dexterity Potion"},{"floor":8.0,"key":"ColorlessPotion"},{"floor":16.0,"key":"AttackPotion"},{"floor":18.0,"key":"Weak Potion"},{"floor":20.0,"key":"AttackPotion"},{"floor":31.0,"key":"Fire Potion"},{"floor":33.0,"key":"CultistPotion"},{"floor":35.0,"key":"GamblersBrew"},{"floor":45,"key":"FocusPotion"},{"floor":48,"key":"GamblersBrew"}],"is_trial":false,"path_per_floor":["M","$","?","?","M","E","R","M","T","E","$","E","?","M","R","B",null,"M","?","M","?","$","E","R","E","T","R","T","M","?","?","R","B",null,"M","$","M","?","T","R","R","E","T","R","?","?","$","E","R","B",null],"character_chosen":"DEFECT","items_purchased":["White Noise","FTL","Beam Cell","Kunai","Rebound","Stack","Apotheosis","Amplify","Seek"],"campfire_rested":0,"item_purchase_floors":[2,11,11,22,36,36,47,47,47],"current_hp_per_floor":[75,75,75,60,60,60,60,53,53,29,44,20,20,19,19,19,75,73,73,73,37,37,37,37,15,15,15,15,15,15,15,15,14,37,37,37,37,37,37,37,37,37,37,37,37,37,37,37,37,37],"gold":77,"neow_bonus":"THREE_ENEMY_KILL","is_daily":false,"chose_seed":false,"campfire_upgraded":8,"win_rate":0.0,"timestamp":1609991041,"path_taken":["M","$","?","?","M","E","R","M","T","E","$","E","?","M","R","BOSS","M","?","M","?","$","E","R","E","T","R","?","M","?","?","R","BOSS","M","$","M","?","?","R","R","E","T","R","?","?","$","E","R","BOSS"],"items_purchased_type":["Card","Card","Card","Relic","Card","Card","Card","Card","Card"],"build_version":"2020-12-22","purchased_purges":0,"victory":true,"max_hp_per_floor":[75,75,75,75,75,75,75,75,75,75,75,75,75,75,75,75,75,75,75,75,37,37,37,37,37,37,37,37,37,37,37,37,37,37,37,37,37,37,37,37,37,37,37,37,37,37,37,37,37,37],"card_choices":[{"not_picked":["Ball Lightning","Cold Snap"],"picked":"Steam","floor":1.0},{"not_picked":["Ball Lightning","Static Discharge"],"picked":"Gash","floor":5.0},{"not_picked":["Blizzard","Sweeping Beam"],"picked":"Heatsinks","floor":6.0},{"not_picked":["Skim","Compile Driver"],"picked":"All For One","floor":8.0},{"not_picked":["Chaos","Chill","Storm"],"picked":"SKIP","floor":10.0},{"not_picked":["Thunder Strike","Consume"],"picked":"Sweeping Beam","floor":12.0},{"not_picked":["Heatsinks","Chill"],"picked":"Gash","floor":14.0},{"not_picked":["Creative AI","Amplify"],"picked":"Buffer","floor":16.0},{"not_picked":["Steam","Conserve Battery+1"],"picked":"Beam Cell","floor":18.0},{"not_picked":["Chaos+1","FTL"],"picked":"Seek","floor":20.0},{"not_picked":["Hello World+1","Coolheaded"],"picked":"FTL","floor":23.0},{"not_picked":["Leap","Melter"],"picked":"Sweeping Beam+1","floor":25.0},{"not_picked":["Ball Lightning","Redo"],"picked":"Gash","floor":29.0},{"not_picked":["Ball Lightning","Glacier"],"picked":"Leap","floor":31.0},{"not_picked":["Meteor Strike","Rainbow"],"picked":"Machine Learning","floor":33.0},{"not_picked":["Rebound+1","Sweeping Beam"],"picked":"Genetic Algorithm+1","floor":35.0},{"not_picked":["Consume","Doom and Gloom"],"picked":"FTL","floor":37},{"not_picked":["Conserve Battery+1","Storm"],"picked":"Scrape+1","floor":38},{"not_picked":["Rebound","Sunder"],"picked":"Go for the Eyes+1","floor":42},{"not_picked":["Sunder","Leap"],"picked":"Heatsinks+1","floor":45},{"not_picked":["Sweeping Beam","Barrage+1"],"picked":"Scrape","floor":48}],"player_experience":57240,"relics_obtained":[{"floor":6.0,"key":"MealTicket"},{"floor":9.0,"key":"Juzu Bracelet"},{"floor":10.0,"key":"Darkstone Periapt"},{"floor":12.0,"key":"Tiny Chest"},{"floor":23.0,"key":"Lantern"},{"floor":25.0,"key":"Potion Belt"},{"floor":26.0,"key":"Bag of Preparation"},{"floor":28.0,"key":"Nunchaku"},{"floor":31.0,"key":"Red Mask"},{"floor":38,"key":"WingedGreaves"},{"floor":39,"key":"Orichalcum"},{"floor":42,"key":"Frozen Egg 2"},{"floor":43,"key":"Omamori"},{"floor":45,"key":"Shovel"},{"floor":48,"key":"Bag of Marbles"},{"floor":49,"key":"Sundial"}],"event_choices":[{"cards_removed":["Strike_B"],"damage_healed":0.0,"max_hp_gain":0.0,"max_hp_loss":0.0,"gold_gain":0.0,"event_name":"Living Wall","player_choice":"Forget","floor":3.0,"gold_loss":0.0,"damage_taken":0.0},{"damage_healed":0.0,"max_hp_gain":0.0,"max_hp_loss":0.0,"gold_gain":0.0,"event_name":"Shining Light","player_choice":"Entered Light","floor":4.0,"gold_loss":0.0,"damage_taken":15.0,"cards_upgraded":["Strike_B","Dualcast"]},{"damage_healed":0.0,"max_hp_gain":0.0,"max_hp_loss":0.0,"gold_gain":64.0,"event_name":"Golden Wing","player_choice":"Gained Gold","floor":13.0,"gold_loss":0.0,"damage_taken":0.0},{"damage_healed":0.0,"max_hp_gain":0.0,"max_hp_loss":0.0,"gold_gain":0.0,"event_name":"Drug Dealer","player_choice":"Inject Mutagens","floor":19.0,"gold_loss":0.0,"damage_taken":0.0,"relics_obtained":["MutagenicStrength"]},{"damage_healed":0.0,"max_hp_gain":0.0,"max_hp_loss":38.0,"gold_gain":0.0,"event_name":"Ghosts","player_choice":"Became a Ghost","floor":21.0,"gold_loss":0.0,"damage_taken":0.0,"cards_obtained":["Ghostly","Ghostly","Ghostly","Ghostly","Ghostly"]},{"cards_removed":["Strike_B"],"damage_healed":0.0,"max_hp_gain":0.0,"max_hp_loss":0.0,"gold_gain":0.0,"event_name":"Beggar","player_choice":"Gave Gold","floor":30.0,"gold_loss":75.0,"damage_taken":0.0},{"damage_healed":0.0,"max_hp_gain":0.0,"max_hp_loss":0.0,"gold_gain":0.0,"event_name":"Masked Bandits","player_choice":"Fought Bandits","floor":31.0,"gold_loss":0.0,"damage_taken":0.0},{"damage_healed":0,"gold_gain":0,"player_choice":"Fight","damage_taken":0,"max_hp_gain":0,"max_hp_loss":0,"event_name":"Mysterious Sphere","floor":38,"gold_loss":0},{"damage_healed":0,"gold_gain":0,"player_choice":"Fight","damage_taken":0,"max_hp_gain":0,"max_hp_loss":0,"event_name":"MindBloom","floor":45,"gold_loss":0},{"damage_healed":0,"gold_gain":222,"player_choice":"Wore Mask","damage_taken":0,"max_hp_gain":0,"max_hp_loss":0,"event_name":"Tomb of Lord Red Mask","floor":46,"gold_loss":0}],"is_beta":false,"boss_relics":[{"not_picked":["Snecko Eye","Inserter"],"picked":"Runic Pyramid"},{"not_picked":["Runic Dome","Busted Crown"],"picked":"Nuclear Battery"}],"items_purged_floors":[],"is_endless":false,"potions_floor_spawned":[5,6,8,16,18,20,31,33,35,45,48],"ascension_level":3}}