{"host":"h2zaclyrd1q1i31f","time":1609986624,"event":{"mods":["BaseMod","Colored Map","Downfall","Hermit","Minty Spire (QoL Compilation)","Permanent Neow","StSLib","SuperFastMode","The Hierophant","The Mystic"],"gold_per_floor":[113,123,48,48,62,97,113,113,113,138,138,163,163,83,83,187,187,198,208,208,208,39,39,64,64,64,64,64],"floor_reached":27,"playtime":831,"items_purged":["Strike_B","Defend_B","Strike_B"],"score":247,"play_id":"a892881c-f380-4b5b-a338-78ca1915fdcc","local_time":"20210106203024","is_ascension_mode":false,"campfire_choices":[{"floor":11,"key":"REST"},{"data":"Loop","floor":13,"key":"SMITH"},{"data":"Zap","floor":15,"key":"SMITH"},{"data":"Lockon","floor":23,"key":"SMITH"},{"floor":25,"key":"REST"}],"circlet_count":0,"master_deck":["Strike_B","Strike_B","Defend_B","Defend_B","Defend_B+1","Zap+1","Dualcast","Rainbow","Rebound","Capacitor+1","Beam Cell","Ball Lightning","All For One","Echo Form","Loop+1","All For One","Lockon+1","Conserve Battery","expansioncontent:DecasProtection","Core Surge"],"relics":["Cracked Core","Eternal Feather","Sundial","The Courier","WingedGreaves","Philosopher\u0027s Stone","Bird Faced Urn","PreservedInsect"],"acts_visited":["Exordium","TheCity"],"potions_floor_usage":[10,16,18],"damage_taken":[{"damage":0,"enemies":"Cultist","floor":1,"turns":4},{"damage":1,"enemies":"2 Louse","floor":2,"turns":3},{"damage":5,"enemies":"Small Slimes","floor":5,"turns":3},{"damage":11,"enemies":"Lagavulin","floor":6,"turns":7},{"damage":8,"enemies":"Blue Slaver","floor":7,"turns":4},{"damage":39,"enemies":"3 Sentries","floor":10,"turns":6},{"damage":14,"enemies":"Lagavulin","floor":12,"turns":7},{"damage":9,"enemies":"Slime Boss","floor":16,"turns":6},{"damage":9,"enemies":"3 Byrds","floor":18,"turns":4},{"damage":12,"enemies":"Chosen","floor":19,"turns":4},{"damage":87,"enemies":"Slavers","floor":24,"turns":7},{"damage":56,"enemies":"Gremlin Leader","floor":27,"turns":4}],"seed_played":"3014439395429646967","potions_obtained":[{"floor":5,"key":"Guardian:BlockOnCardUsePotion"},{"floor":6,"key":"FearPotion"},{"floor":7,"key":"CultistPotion"},{"floor":12,"key":"FairyPotion"},{"floor":18,"key":"PotionOfCapacity"}],"is_trial":false,"path_per_floor":["M","M","$","?","M","E","M","?","T","E","R","E","R","$","R","B",null,"M","M","?","?","$","R","E","R","T","E"],"character_chosen":"DEFECT","items_purchased":["expansioncontent:DecasProtection"],"campfire_rested":2,"item_purchase_floors":[22],"current_hp_per_floor":[75,74,74,59,54,43,35,60,60,21,52,38,47,47,56,47,75,66,54,54,54,54,63,4,38,38,0,0],"gold":64,"neow_bonus":"ONE_RANDOM_RARE_CARD","is_daily":false,"chose_seed":false,"campfire_upgraded":3,"win_rate":0.0,"timestamp":1609986624,"path_taken":["M","?","$","?","M","E","M","?","T","E","R","E","R","$","R","BOSS","M","M","?","?","$","R","E","R","T","E"],"items_purchased_type":["Card"],"build_version":"2020-12-22","purchased_purges":3,"victory":false,"max_hp_per_floor":[75,75,75,75,75,75,75,75,75,75,75,75,75,75,75,75,75,75,75,75,75,75,75,75,75,75,75,75],"card_choices":[{"not_picked":["Beam Cell","Barrage"],"picked":"Rebound","floor":1},{"not_picked":["Redo","Coolheaded"],"picked":"Capacitor","floor":2},{"not_picked":["Cold Snap","Leap"],"picked":"Beam Cell","floor":5},{"not_picked":["Hello World","Coolheaded"],"picked":"Ball Lightning","floor":6},{"not_picked":["Beam Cell","Leap"],"picked":"All For One","floor":7},{"not_picked":["Loop","Redo"],"picked":"Echo Form","floor":10},{"not_picked":["Storm","Leap"],"picked":"Loop","floor":12},{"not_picked":["Reboot","Machine Learning"],"picked":"All For One","floor":16},{"not_picked":["Streamline","Melter"],"picked":"Lockon","floor":18},{"not_picked":["Compile Driver","Steam"],"picked":"Conserve Battery","floor":19},{"not_picked":["Blizzard","Aggregate"],"picked":"Core Surge","floor":24}],"player_experience":137589,"relics_obtained":[{"floor":6,"key":"Eternal Feather"},{"floor":9,"key":"Sundial"},{"floor":10,"key":"The Courier"},{"floor":12,"key":"WingedGreaves"},{"floor":24,"key":"Bird Faced Urn"},{"floor":26,"key":"PreservedInsect"}],"event_choices":[{"damage_healed":0,"gold_gain":0,"player_choice":"Entered Light","damage_taken":15,"max_hp_gain":0,"max_hp_loss":0,"event_name":"Shining Light","floor":4,"gold_loss":0,"cards_upgraded":["Defend_B","Capacitor"]},{"damage_healed":25,"gold_gain":0,"player_choice":"Banana","damage_taken":0,"max_hp_gain":0,"max_hp_loss":0,"event_name":"Big Fish","floor":8,"gold_loss":0},{"damage_healed":0,"gold_gain":0,"player_choice":"Ignored","damage_taken":0,"max_hp_gain":0,"max_hp_loss":0,"event_name":"Ghosts","floor":21,"gold_loss":0}],"is_beta":false,"boss_relics":[{"not_picked":["Tiny House","SlaversCollar"],"picked":"Philosopher\u0027s Stone"}],"items_purged_floors":[3,14,22],"is_endless":false,"potions_floor_spawned":[5,6,7,12,18],"killed_by":"Gremlin Leader","ascension_level":0}}