{"host":"athd8lg4sftw81ak","time":1609987310,"event":{"mods":["BaseMod","Downfall","Hermit","Jorbs\u0027s Wanderer Trilogy","Minty Spire (QoL Compilation)","StSLib"],"gold_per_floor":[114,114,133,177,196,234,234,272,297,47,47,47,66,104,104,229,229,248,248,55,55,74,112,150,150,150,188,238,7,51,89,89,214,214,233,233,73,53,53,53,91,91,91,91,91,110,129,148,148,148],"floor_reached":51,"playtime":2503,"items_purged":["Injury","Bite"],"score":969,"play_id":"6be240e1-0464-4dcf-8182-f3e33a5339e8","local_time":"20210106214150","daily_mods":["Shiny","Flight","DeadlyEvents"],"is_ascension_mode":false,"campfire_choices":[{"data":"DevaForm","floor":7,"key":"SMITH"},{"floor":11,"key":"REST"},{"data":"Vault","floor":15,"key":"SMITH"},{"floor":25,"key":"REST"},{"floor":32,"key":"REST"},{"data":"Wish","floor":40,"key":"SMITH"},{"data":"Wish","floor":42,"key":"SMITH"},{"floor":45,"key":"REST"},{"floor":49,"key":"REST"}],"circlet_count":0,"master_deck":["Devotion","LessonLearned","Vault+1","Establishment","MasterReality+1","Scrawl","Wish+1","Brilliance","Alpha+1","DeusExMachina","ConjureBlade+1","Ragnarok","Omniscience+1","SpiritShield","DevaForm+1","DeceiveReality","Evaluate","CarveReality","Prostrate","Weave","Wish+1","TalkToTheHand","Bite","Bite","Bite","Bite","Perseverance","Wallop","Prostrate","Devotion+1","ThirdEye","JustLucky","Perseverance","Wireheading+1","Protect","Protect","Fasting2+1","Weave+1","SashWhip+1","Wallop"],"relics":["PureWater","Golden Idol","Frozen Egg 2","Singing Bowl","Meat on the Bone","Smiling Mask","Anchor","Philosopher\u0027s Stone","Bottled Lightning","StrikeDummy","The Courier","MawBank","Blue Candle","Letter Opener","sneckomod:SneckoTalon","ClockworkSouvenir","Du-Vu Doll","Shuriken"],"acts_visited":["Exordium","TheCity","TheBeyond"],"potions_floor_usage":[6,13,23,24,24,27,28,39,46,50,50],"damage_taken":[{"damage":11,"enemies":"Jaw Worm","floor":1,"turns":3},{"damage":3,"enemies":"2 Louse","floor":3,"turns":4},{"damage":0,"enemies":"Cultist","floor":4,"turns":3},{"damage":0,"enemies":"Looter","floor":5,"turns":1},{"damage":4,"enemies":"Gremlin Nob","floor":6,"turns":3},{"damage":22,"enemies":"3 Sentries","floor":8,"turns":6},{"damage":0,"enemies":"Large Slime","floor":13,"turns":7},{"damage":6,"enemies":"Gremlin Nob","floor":14,"turns":5},{"damage":7,"enemies":"Hexaghost","floor":16,"turns":8},{"damage":0,"enemies":"Chosen","floor":18,"turns":5},{"damage":4,"enemies":"Spheric Guardian","floor":22,"turns":4},{"damage":26,"enemies":"Gremlin Leader","floor":23,"turns":6},{"damage":35,"enemies":"Slavers","floor":24,"turns":6},{"damage":0,"enemies":"Book of Stabbing","floor":27,"turns":6},{"damage":32,"enemies":"Gremlin Leader","floor":28,"turns":6},{"damage":6,"enemies":"Centurion and Healer","floor":30,"turns":7},{"damage":9,"enemies":"Book of Stabbing","floor":31,"turns":5},{"damage":1,"enemies":"Automaton","floor":33,"turns":9},{"damage":10,"enemies":"Orb Walker","floor":35,"turns":4},{"damage":0,"enemies":"Reptomancer","floor":39,"turns":2},{"damage":10,"enemies":"Giant Head","floor":41,"turns":7},{"damage":29,"enemies":"3 Darklings","floor":46,"turns":6},{"damage":0,"enemies":"Maw","floor":47,"turns":5},{"damage":0,"enemies":"4 Shapes","floor":48,"turns":5},{"damage":0,"enemies":"Time Eater","floor":50,"turns":10}],"seed_played":"8350349167999303424","potions_obtained":[{"floor":3,"key":"FearPotion"},{"floor":6,"key":"FearPotion"},{"floor":8,"key":"AttackPotion"},{"floor":16,"key":"DistilledChaos"},{"floor":23,"key":"FearPotion"},{"floor":24,"key":"BottledMiracle"},{"floor":27,"key":"Guardian:BlockOnCardUsePotion"},{"floor":31,"key":"AttackPotion"},{"floor":38,"key":"SmokeBomb"},{"floor":46,"key":"Fire Potion"},{"floor":47,"key":"Weak Potion"}],"is_trial":false,"path_per_floor":["M","?","M","M","M","E","R","E","T","$","R","T","M","E","R","B",null,"M","?","$","?","M","E","E","R","T","E","E","$","M","E","R","B",null,"M","?","$","?","E","R","E","R","T","?","R","M","M","M","R","B",null],"character_chosen":"WATCHER","items_purchased":["Meat on the Bone","Perseverance","Wallop","Perseverance","Wireheading+1","Protect","Protect","ClockworkSouvenir","Dexterity Potion"],"campfire_rested":5,"item_purchase_floors":[10,20,20,29,29,29,29,37,37],"current_hp_per_floor":[61,61,58,58,58,54,54,32,32,32,53,53,57,53,53,48,74,74,74,74,74,70,54,39,61,61,67,45,45,49,48,72,79,82,74,74,74,74,74,74,66,66,66,66,78,51,57,63,80,80],"gold":148,"neow_bonus":"","is_daily":true,"chose_seed":false,"campfire_upgraded":4,"win_rate":0.0,"timestamp":1609987310,"path_taken":["M","?","M","M","M","E","R","E","T","$","R","?","M","E","R","BOSS","M","?","$","?","M","E","E","R","T","E","?","$","?","?","R","BOSS","M","?","$","?","?","R","E","R","T","?","R","M","?","M","R","BOSS"],"items_purchased_type":["Relic","Card","Card","Card","Card","Card","Card","Relic","Potion"],"build_version":"2020-12-22","purchased_purges":2,"victory":true,"max_hp_per_floor":[72,72,72,72,72,72,72,72,72,72,72,72,74,74,74,74,74,74,74,74,74,74,74,74,74,74,74,76,76,78,80,80,82,82,82,78,78,78,78,78,78,78,78,78,78,78,78,80,80,80],"card_choices":[{"not_picked":["FlurryOfBlows","CrushJoints"],"picked":"DeceiveReality","floor":1},{"not_picked":["BowlingBash","CutThroughFate"],"picked":"Evaluate","floor":3},{"not_picked":["Ragnarok","Study","FollowUp"],"picked":"SKIP","floor":4},{"not_picked":["Crescendo","Consecrate"],"picked":"CarveReality","floor":5},{"not_picked":["FollowUp","EmptyFist","BowlingBash"],"picked":"SKIP","floor":6},{"not_picked":["WheelKick","FlyingSleeves"],"picked":"Prostrate","floor":8},{"not_picked":["EmptyFist","BowlingBash","Crescendo"],"picked":"Singing Bowl","floor":13},{"not_picked":["ClearTheMind","SpiritShield"],"picked":"Weave","floor":14},{"not_picked":["Ragnarok","DevaForm+1"],"picked":"Wish","floor":16},{"not_picked":["Nirvana+1","CutThroughFate"],"picked":"TalkToTheHand","floor":18},{"not_picked":["Protect","Halt"],"picked":"Prostrate","floor":22},{"not_picked":["Scrawl","EmptyFist"],"picked":"Devotion+1","floor":23},{"not_picked":["Evaluate","EmptyFist"],"picked":"ThirdEye","floor":24},{"not_picked":["FlyingSleeves","DeceiveReality"],"picked":"JustLucky","floor":27},{"not_picked":["ClearTheMind","Devotion+1","CutThroughFate"],"picked":"Singing Bowl","floor":28},{"not_picked":["Crescendo","ThirdEye+1","FlyingSleeves"],"picked":"Singing Bowl","floor":30},{"not_picked":["Protect+1","Consecrate+1","SignatureMove"],"picked":"Singing Bowl","floor":31},{"not_picked":["Establishment+1","Judgement","Devotion+1"],"picked":"Singing Bowl","floor":33},{"not_picked":["Consecrate","ThirdEye+1"],"picked":"Fasting2+1","floor":35},{"not_picked":["SandsOfTime+1","Halt"],"picked":"Weave+1","floor":41},{"not_picked":["CarveReality","WindmillStrike+1"],"picked":"SashWhip+1","floor":46},{"not_picked":["CrushJoints+1","FearNoEvil+1"],"picked":"Wallop","floor":47},{"not_picked":["Indignation","CutThroughFate","Crescendo"],"picked":"Singing Bowl","floor":48}],"player_experience":576094,"relics_obtained":[{"floor":6,"key":"Frozen Egg 2"},{"floor":8,"key":"Singing Bowl"},{"floor":9,"key":"Blood Vial"},{"floor":12,"key":"Smiling Mask"},{"floor":14,"key":"Anchor"},{"floor":23,"key":"Bottled Lightning"},{"floor":24,"key":"StrikeDummy"},{"floor":26,"key":"The Courier"},{"floor":27,"key":"MawBank"},{"floor":28,"key":"Blue Candle"},{"floor":31,"key":"Letter Opener"},{"floor":41,"key":"Du-Vu Doll"},{"floor":43,"key":"Shuriken"}],"event_choices":[{"damage_healed":0,"gold_gain":0,"player_choice":"Take Wound","damage_taken":0,"relics_obtained":["Golden Idol"],"max_hp_gain":0,"max_hp_loss":0,"event_name":"Golden Idol","floor":2,"gold_loss":0,"cards_obtained":["Injury"]},{"damage_healed":0,"gold_gain":0,"player_choice":"Became a vampire (Vial)","damage_taken":0,"max_hp_gain":0,"max_hp_loss":0,"event_name":"Vampires","floor":19,"relics_lost":["Blood Vial"],"gold_loss":0,"cards_obtained":["Bite","Bite","Bite","Bite","Bite"]},{"cards_removed":["Blasphemy"],"damage_healed":0,"gold_gain":0,"player_choice":"Elegance","damage_taken":0,"max_hp_gain":0,"max_hp_loss":0,"event_name":"Back to Basics","floor":21,"gold_loss":0},{"damage_healed":0,"gold_gain":0,"player_choice":"Max HP","damage_taken":0,"max_hp_gain":0,"max_hp_loss":4,"event_name":"Winding Halls","floor":36,"gold_loss":0},{"damage_healed":0,"gold_gain":0,"player_choice":"Bought 1 Potion","damage_taken":0,"max_hp_gain":0,"max_hp_loss":0,"event_name":"The Woman in Blue","floor":38,"gold_loss":0},{"cards_removed":["Judgement"],"damage_healed":0,"gold_gain":0,"player_choice":"Removed Skill","damage_taken":0,"max_hp_gain":0,"max_hp_loss":0,"event_name":"Falling","floor":44,"gold_loss":0}],"is_beta":false,"boss_relics":[{"not_picked":["Tiny House","VioletLotus"],"picked":"Philosopher\u0027s Stone"},{"not_picked":["SacredBark","Runic Pyramid"],"picked":"sneckomod:SneckoTalon"}],"items_purged_floors":[20,29],"is_endless":false,"potions_floor_spawned":[3,6,8,16,23,24,27,31,46,47],"ascension_level":0}}