{"host":"chv1qanoipyt46jc","time":1609993552,"event":{"mods":["2.2 Compatiblity","AchievementEnabler","Bartender","BaseMod","BetterRewards","CapriCore","Card Filter","Evolution","Gold Saver","Grow up Mod","Minty Spire (QoL Compilation)","Rare Cards Sparkle","Relic Filter","Remove Card Discount Mod","Reorder Act Four","StSLib"],"gold_per_floor":[900,912,912,924,938,967,967,997,1023,1023,1037,1102,1120,1131,1131,1236,1236,1246,1261,1261,1261,1275,1275,1288,1298,1323,1170,1170,1181,1201,1235,1235,1334,1334,1346,1346,1364,1364,1377,1377,1406,1424,1424,1453,1469,1489,1505,1499,1499,1499,1499,1499,1499,1532,1532],"floor_reached":56,"playtime":961,"items_purged":["Strike_Bartender","Strike_Bartender","Defend_Bartender","Strike_Bartender","Strike_Bartender","Defend_Bartender","Defend_Bartender","Defend_Bartender","Coeurl_Form","Wall_of_Ice","Fight_Dirty","Step_Of_The_Wind","Somersault","Power_Up_Punch+1","Madness+1","Madness"],"score":1897,"play_id":"57873ab3-2d77-42a4-a842-ed3c33cbd76d","local_time":"20210106222552","is_ascension_mode":false,"campfire_choices":[{"data":"Dolphin_Blow","floor":7,"key":"SMITH"},{"floor":10,"key":"RECALL"},{"data":"Power_Up_Punch","floor":15,"key":"SMITH"},{"floor":23,"key":"REST"},{"data":"Dolphin_Blow","floor":28,"key":"SMITH"},{"floor":32,"key":"REST"},{"data":"Madness","floor":40,"key":"SMITH"},{"data":"Dolphin_Blow","floor":49,"key":"SMITH"},{"floor":53,"key":"REST"}],"circlet_count":0,"master_deck":["Bitters+1","Dolphin_Blow+1","Bitters+1","Dolphin_Blow+1","Ball_Of_Ice+1","Dolphin_Blow+1"],"relics":["Sneakers","EVO:Axolotl","TheAbacus","Boot","Orrery","War Paint","Mango","Torii","Black Star","Ancient Tea Set","Strawberry","Mummified Hand","Sozu","Bronze Scales","Centennial Puzzle","Cleaning_Rag","Juzu Bracelet","PreservedInsect","Blue Candle","Akabeko"],"acts_visited":["Exordium","TheCity","TheBeyond","TheEnding"],"potions_floor_usage":[30,55,55,55],"damage_taken":[{"damage":0,"enemies":"2 Louse","floor":1,"turns":2},{"damage":0,"enemies":"Cultist","floor":2,"turns":2},{"damage":0,"enemies":"Small Slimes","floor":4,"turns":1},{"damage":0,"enemies":"Exordium Thugs","floor":5,"turns":2},{"damage":0,"enemies":"Lagavulin","floor":6,"turns":3},{"damage":0,"enemies":"Gremlin Nob","floor":8,"turns":2},{"damage":0,"enemies":"3 Louse","floor":11,"turns":1},{"damage":0,"enemies":"3 Sentries","floor":12,"turns":2},{"damage":0,"enemies":"Exordium Wildlife","floor":13,"turns":1},{"damage":0,"enemies":"Large Slime","floor":14,"turns":2},{"damage":0,"enemies":"Slime Boss","floor":16,"turns":2},{"damage":0,"enemies":"Chosen","floor":18,"turns":2},{"damage":0,"enemies":"Shell Parasite","floor":19,"turns":2},{"damage":0,"enemies":"Centurion and Healer","floor":22,"turns":2},{"damage":0,"enemies":"Cultist and Chosen","floor":24,"turns":2},{"damage":1,"enemies":"Snake Plant","floor":25,"turns":2},{"damage":0,"enemies":"Sentry and Sphere","floor":29,"turns":1},{"damage":0,"enemies":"3 Cultists","floor":30,"turns":2},{"damage":0,"enemies":"Book of Stabbing","floor":31,"turns":2},{"damage":0,"enemies":"Automaton","floor":33,"turns":2},{"damage":0,"enemies":"3 Shapes","floor":35,"turns":2},{"damage":0,"enemies":"Orb Walker","floor":37,"turns":1},{"damage":0,"enemies":"Transient","floor":39,"turns":2},{"damage":0,"enemies":"Giant Head","floor":41,"turns":1},{"damage":0,"enemies":"4 Shapes","floor":42,"turns":1},{"damage":0,"enemies":"Nemesis","floor":44,"turns":1},{"damage":0,"enemies":"Writhing Mass","floor":45,"turns":1},{"damage":0,"enemies":"Sphere and 2 Shapes","floor":46,"turns":1},{"damage":0,"enemies":"Jaw Worm Horde","floor":47,"turns":1},{"damage":0,"enemies":"Awakened One","floor":50,"turns":3},{"damage":0,"enemies":"Shield and Spear","floor":54,"turns":1},{"damage":70,"enemies":"The Heart","floor":55,"turns":4}],"seed_played":"-3811862517750587578","potions_obtained":[{"floor":4,"key":"Block Potion"},{"floor":6,"key":"CultistPotion"},{"floor":30,"key":"Fruit Juice"},{"floor":31,"key":"AttackPotion"}],"is_trial":false,"path_per_floor":["M","M","$","M","M","E","R","E","T","R","M","?","M","M","R","B",null,"M","M","?","$","M","R","M","M","T","$","R","M","M","E","R","B",null,"M","?","M","?","M","R","E","M","T","E","M","M","M","$","R","B",null,"$","R","E","B",null],"character_chosen":"BARTENDER","items_purchased":["TheAbacus","Boot","Orrery","Dolphin_Blow","Power_Up_Punch","LiquidBronze","Dolphin_Blow"],"campfire_rested":3,"item_purchase_floors":[0,0,0,0,0,0,27],"current_hp_per_floor":[48,58,68,78,88,98,108,132,142,152,162,172,182,192,202,212,264,274,284,294,304,314,324,334,343,353,363,373,383,398,415,426,436,446,456,466,476,426,436,446,456,466,476,486,496,506,516,526,536,546,616,626,636,646,586],"gold":1532,"neow_bonus":"","is_daily":false,"chose_seed":false,"campfire_upgraded":5,"win_rate":0.0,"timestamp":1609993552,"path_taken":["M","M","$","M","M","E","R","E","T","R","M","?","M","M","R","BOSS","M","M","?","$","M","R","M","M","T","?","R","M","M","E","R","BOSS","M","?","?","?","M","R","E","M","T","E","M","M","M","$","R","BOSS","$","R","E","BOSS"],"items_purchased_type":["Relic","Relic","Relic","Card","Card","Potion","Card"],"build_version":"2020-12-22","purchased_purges":16,"victory":true,"max_hp_per_floor":[90,100,110,120,130,140,150,174,184,194,204,214,224,234,244,254,264,274,284,294,304,314,324,334,344,354,364,374,384,399,416,426,436,446,456,466,476,486,496,506,516,526,536,546,556,566,576,586,596,606,616,626,636,646,656],"card_choices":[{"not_picked":["On_The_House","Dragonkick"],"picked":"Coeurl_Form","floor":0},{"not_picked":["Elbow_Slash","Ball_Of_Ice"],"picked":"Bitters","floor":0},{"not_picked":["Glare","Bloodbath_Bartender"],"picked":"Step_Of_The_Wind","floor":0},{"not_picked":["Ball_Of_Ice","Rope_A_Dope"],"picked":"Wall_of_Ice","floor":0},{"not_picked":["On_The_House","Waterkick"],"picked":"Fight_Dirty","floor":0},{"not_picked":["Dragonkick","Mirage"],"picked":"Bitters","floor":1},{"not_picked":["Alacrity","Combo_Master"],"picked":"Power_Up_Punch","floor":2},{"not_picked":["Center_Self","Momentum","Glare"],"picked":"SKIP","floor":4},{"not_picked":["Well_Drinks","Rope_A_Dope","Power_Up_Punch"],"picked":"SKIP","floor":5},{"not_picked":["Dragonkick","Power_Up_Punch","Snap_Punch"],"picked":"SKIP","floor":6},{"not_picked":["Pony_Shot","Wall_of_Ice","Step_Of_The_Wind"],"picked":"SKIP","floor":8},{"not_picked":["Momentum","Hook","With_A_Twist"],"picked":"SKIP","floor":11},{"not_picked":["Waterkick","Greased_Lightning","Power_Up_Punch"],"picked":"SKIP","floor":13},{"not_picked":["Stick_and_Move","Fading_Blow","Free_Pour"],"picked":"SKIP","floor":14},{"not_picked":["Greased_Lightning+1","Rising_Crane+1","Foot_Thrust"],"picked":"SKIP","floor":18},{"not_picked":["Greased_Lightning+1","Dart","Dragonkick"],"picked":"SKIP","floor":19},{"not_picked":["With_A_Twist","Dragonkick+1","Patience"],"picked":"SKIP","floor":22},{"not_picked":["Center_Self","On_The_Rocks","Fading_Blow"],"picked":"SKIP","floor":24},{"not_picked":["Hook+1","Sucker_Punch+1","Vortex"],"picked":"SKIP","floor":25},{"not_picked":["Stick_and_Move","Dragonkick","Bitters"],"picked":"SKIP","floor":29},{"not_picked":["On_The_Rocks","Ball_Of_Ice","Center_Self"],"picked":"SKIP","floor":30},{"not_picked":["Bitters+1","Greased_Lightning"],"picked":"Ball_Of_Ice+1","floor":31},{"not_picked":["With_A_Twist","Power_Up_Punch","ThreeSidedStar+1"],"picked":"SKIP","floor":35},{"not_picked":["Well_Drinks+1","Elbow_Slash+1","Free_Pour"],"picked":"SKIP","floor":37},{"not_picked":["Alacrity","Hook+1","Ripple+1"],"picked":"SKIP","floor":39},{"not_picked":["On_The_Rocks+1","Bitters+1"],"picked":"Dolphin_Blow","floor":41},{"not_picked":["Free_Pour+1","Stick_and_Move+1","Power_Up_Punch+1"],"picked":"SKIP","floor":42},{"not_picked":["Foot_Thrust+1","Center_Self+1","Sucker_Punch"],"picked":"SKIP","floor":44},{"not_picked":["Vortex+","Surge+1","Free_Pour+1"],"picked":"SKIP","floor":45},{"not_picked":["Cross+1","Power_Up_Punch+1","Snap_Punch"],"picked":"SKIP","floor":46},{"not_picked":["Power_Up_Punch","Pony_Shot","Hook"],"picked":"SKIP","floor":47},{"not_picked":["Dolphin_Blow","Mirage+1","Surge+1"],"picked":"SKIP","floor":54}],"player_experience":380645,"relics_obtained":[{"floor":6,"key":"War Paint"},{"floor":8,"key":"Mango"},{"floor":12,"key":"Torii"},{"floor":26,"key":"Ancient Tea Set"},{"floor":31,"key":"Strawberry"},{"floor":31,"key":"Mummified Hand"},{"floor":41,"key":"Bronze Scales"},{"floor":41,"key":"Centennial Puzzle"},{"floor":43,"key":"Cleaning_Rag"},{"floor":44,"key":"Juzu Bracelet"},{"floor":44,"key":"PreservedInsect"},{"floor":54,"key":"Blue Candle"},{"floor":54,"key":"Akabeko"}],"event_choices":[{"damage_healed":0,"gold_gain":0,"player_choice":"Searched \u00272\u0027 times","damage_taken":0,"max_hp_gain":0,"max_hp_loss":0,"event_name":"Dead Adventurer","floor":12,"gold_loss":0},{"cards_removed":["Power_Up_Punch"],"damage_healed":5,"gold_gain":0,"player_choice":"Offered Common","damage_taken":0,"max_hp_gain":0,"max_hp_loss":0,"event_name":"Bonfire Elementals","floor":20,"gold_loss":0},{"cards_removed":["Power_Up_Punch"],"damage_healed":5,"gold_gain":0,"player_choice":"Offered Special","damage_taken":0,"max_hp_gain":0,"max_hp_loss":0,"event_name":"Bonfire Elementals","floor":20,"gold_loss":0},{"damage_healed":0,"gold_gain":0,"player_choice":"Ignored","damage_taken":0,"max_hp_gain":0,"max_hp_loss":0,"event_name":"Accursed Blacksmith","floor":36,"gold_loss":0},{"damage_healed":0,"gold_gain":0,"player_choice":"Embrace Madness","damage_taken":60,"max_hp_gain":0,"max_hp_loss":0,"event_name":"Winding Halls","floor":38,"gold_loss":0,"cards_obtained":["Madness","Madness"]}],"is_beta":false,"boss_relics":[{"not_picked":["Tiny House","Runic Pyramid"],"picked":"Black Star"},{"not_picked":["Busted Crown","SacredBark"],"picked":"Sozu"}],"items_purged_floors":[0,0,0,0,0,0,0,0,0,0,0,0,0,48,48,48],"is_endless":false,"potions_floor_spawned":[4,6,12,13,16,18,19,25,30,31,33,37,44,45,46,47],"ascension_level":0}}