{"host":"oy4pyvr762z5n0bb","time":1609992627,"event":{"mods":["AchievementEnabler","BaseMod","Colored Map","Colored Powertips","Googly Eyes","Key Reminder","Minty Spire (QoL Compilation)","Quick Restart","Relic Sorter","StSLib","SuperFastMode","Unceasing Turn Reminder","slay the spire mod where everything is the same but ironclad has a cowboy hat"],"gold_per_floor":[16,35,35,35,35,35,66,80,80,80,97,108,108,138,138,138,138],"floor_reached":16,"playtime":369,"items_purged":[],"score":168,"play_id":"725676cb-4cc0-4567-8b27-8dc73e284e4d","local_time":"20210106201027","is_ascension_mode":true,"campfire_choices":[{"data":"Bash","floor":6,"key":"SMITH"},{"data":"True Grit","floor":10,"key":"SMITH"},{"data":"Evolve","floor":13,"key":"SMITH"},{"floor":15,"key":"REST"}],"circlet_count":0,"master_deck":["Strike_R","Strike_R","Strike_R","Strike_R","Strike_R","Defend_R","Defend_R","Defend_R","Defend_R","Bash+1","Secret Weapon","Wild Strike","Cleave+1","Thunderclap","True Grit+1","Evolve+1","Pommel Strike","Armaments"],"relics":["Burning Blood","Darkstone Periapt","Pear","Mummified Hand","keyreminder:keyreminder"],"acts_visited":["Exordium"],"potions_floor_usage":[7],"damage_taken":[{"damage":18,"enemies":"Jaw Worm","floor":1,"turns":4},{"damage":1,"enemies":"Cultist","floor":2,"turns":3},{"damage":20,"enemies":"Lagavulin","floor":7,"turns":5},{"damage":0,"enemies":"2 Louse","floor":8,"turns":1},{"damage":11,"enemies":"Exordium Thugs","floor":11,"turns":5},{"damage":16,"enemies":"Large Slime","floor":12,"turns":6},{"damage":35,"enemies":"3 Sentries","floor":14,"turns":8},{"damage":65,"enemies":"Slime Boss","floor":16,"turns":7}],"seed_played":"-6009678750939910428","potions_obtained":[{"floor":2,"key":"ColorlessPotion"},{"floor":7,"key":"Ancient Potion"},{"floor":12,"key":"ElixirPotion"}],"is_trial":false,"path_per_floor":["M","M","?","$","?","R","E","M","T","R","M","M","R","E","R","B"],"character_chosen":"IRONCLAD","items_purchased":[],"campfire_rested":1,"item_purchase_floors":[],"current_hp_per_floor":[60,65,70,70,70,70,56,62,72,72,67,57,57,28,56,0,0],"gold":138,"neow_bonus":"RANDOM_COLORLESS_2","is_daily":false,"chose_seed":false,"campfire_upgraded":3,"win_rate":0.0,"timestamp":1609992627,"path_taken":["M","M","?","$","?","R","E","?","T","R","M","M","R","E","R","BOSS"],"items_purchased_type":[],"build_version":"2020-12-22","purchased_purges":0,"victory":false,"max_hp_per_floor":[80,80,85,85,85,85,85,85,95,95,95,95,95,95,95,95,95],"card_choices":[{"not_picked":["Sadistic Nature","Thinking Ahead"],"picked":"Secret Weapon","floor":0},{"not_picked":["Havoc","Intimidate"],"picked":"Wild Strike","floor":1},{"not_picked":["True Grit","Armaments"],"picked":"Cleave","floor":2},{"not_picked":["Anger","Heavy Blade"],"picked":"Thunderclap","floor":7},{"not_picked":["Pommel Strike","Seeing Red"],"picked":"True Grit","floor":8},{"not_picked":["Armaments","Bloodletting"],"picked":"Evolve","floor":11},{"not_picked":["Rage","Searing Blow"],"picked":"Pommel Strike","floor":12},{"not_picked":["Heavy Blade","Pommel Strike"],"picked":"Armaments","floor":14}],"player_experience":714378,"relics_obtained":[{"floor":7,"key":"Darkstone Periapt"},{"floor":9,"key":"Pear"},{"floor":14,"key":"Mummified Hand"}],"event_choices":[{"damage_healed":0,"gold_gain":0,"player_choice":"Donut","damage_taken":0,"max_hp_gain":5,"max_hp_loss":0,"event_name":"Big Fish","floor":3,"gold_loss":0},{"damage_healed":0,"gold_gain":0,"player_choice":"Upgraded","damage_taken":0,"max_hp_gain":0,"max_hp_loss":0,"event_name":"Upgrade Shrine","floor":5,"gold_loss":0,"cards_upgraded":["Cleave"]}],"is_beta":false,"boss_relics":[],"items_purged_floors":[],"is_endless":false,"potions_floor_spawned":[2,7,12],"killed_by":"Slime Boss","ascension_level":6}}