{"host":"g76rhe4j5kh9hdf9","time":1609996954,"event":{"mods":["100% Spire Juice","Act Like it!","BaseMod","Better Third Choice","GifTheSpireLib","Minty Spire (QoL Compilation)","Relic Stats","Spicy Shops","StSLib"],"gold_per_floor":[113,113,12,27,105,136,35,35,58,58,58,72,103,119,119,231,231,251,551,551,457,106,106,106],"floor_reached":23,"playtime":1330,"items_purged":["Moonworks:Strike"],"score":228,"play_id":"e4eb025c-9ad9-4e3c-b767-958102520b7a","local_time":"20210106212234","is_ascension_mode":false,"campfire_choices":[{"data":"Moonworks:ForcedRevival","floor":8,"key":"SMITH"},{"data":"Moonworks:Ambush","floor":10,"key":"SMITH"},{"data":"Moonworks:x16BigRocket","floor":15,"key":"SMITH"}],"circlet_count":0,"master_deck":["Moonworks:Strike","Moonworks:Strike","Moonworks:Defend","Moonworks:Defend","Moonworks:Defend","Moonworks:Defend","Moonworks:Ambush+1","Moonworks:LongDistanceShot","Moonworks:ForcedRevival+1","Moonworks:x16BigRocket+1","Moonworks:AccelHyper","Moonworks:MiracleWalker+1","Apotheosis"],"relics":["Moonworks:BrokenBomb","Moonworks:Homemark","Bag of Marbles","CeramicFish","Snecko Eye"],"acts_visited":["Exordium","TheCity"],"potions_floor_usage":[6,13,20,21],"damage_taken":[{"damage":5,"enemies":"Small Slimes","floor":1,"turns":3},{"damage":1,"enemies":"Cultist","floor":3,"turns":3},{"damage":0,"enemies":"2 Louse","floor":4,"turns":3},{"damage":43,"enemies":"3 Sentries","floor":6,"turns":7},{"damage":0,"enemies":"Gremlin Gang","floor":7,"turns":7},{"damage":0,"enemies":"3 Louse","floor":12,"turns":2},{"damage":0,"enemies":"Gremlin Nob","floor":13,"turns":2},{"damage":6,"enemies":"2 Fungi Beasts","floor":14,"turns":2},{"damage":46,"enemies":"The Guardian","floor":16,"turns":9},{"damage":4,"enemies":"Spheric Guardian","floor":18,"turns":3},{"damage":0,"enemies":"3 Byrds","floor":20,"turns":1},{"damage":6,"enemies":"Shelled Parasite and Fungi","floor":21,"turns":2},{"damage":33,"enemies":"Gremlin Leader","floor":23,"turns":4}],"seed_played":"8057168088976537806","potions_obtained":[{"floor":4,"key":"Regen Potion"},{"floor":6,"key":"SteroidPotion"},{"floor":7,"key":"LiquidMemories"},{"floor":12,"key":"SmokeBomb"},{"floor":21,"key":"Ancient Potion"}],"is_trial":false,"path_per_floor":["M","?","M","M","?","E","M","R","T","R","?","M","E","M","R","B",null,"M","?","M","M","$","E"],"character_chosen":"THE_STARBREAKER","items_purchased":["Apotheosis"],"campfire_rested":0,"item_purchase_floors":[22],"current_hp_per_floor":[61,66,70,71,71,48,53,53,53,53,53,61,69,71,71,33,71,71,14,22,24,24,0,0],"gold":106,"neow_bonus":"TEN_PERCENT_HP_BONUS","is_daily":false,"chose_seed":false,"campfire_upgraded":3,"win_rate":0.0,"timestamp":1609996954,"path_taken":["M","?","M","M","?","E","M","R","T","R","?","M","E","?","R","BOSS","M","?","?","M","$","E"],"items_purchased_type":["Card"],"build_version":"2020-12-22","purchased_purges":1,"victory":false,"max_hp_per_floor":[66,71,71,71,71,71,71,71,71,71,71,71,71,71,71,71,71,71,71,71,71,71,71,71],"relic_stats":{"counters":[13,48],"CeramicFish":27,"Snecko Eye":[19,20,24,22],"obtain_stats":[{"Moonworks:Homemark":0,"CeramicFish":13,"Snecko Eye":17,"Bag of Marbles":6,"Moonworks:BrokenBomb":0},{"Moonworks:Homemark":0,"CeramicFish":7,"Snecko Eye":9,"Bag of Marbles":4,"Moonworks:BrokenBomb":0},{"Moonworks:Homemark":0,"CeramicFish":27,"Snecko Eye":38,"Bag of Marbles":16,"Moonworks:BrokenBomb":0}]},"card_choices":[{"not_picked":["Moonworks:WindyEnchantment","Moonworks:DevilHand"],"picked":"Moonworks:ForcedRevival","floor":1},{"not_picked":["Moonworks:AngelHand","Moonworks:CloudOfSeagulls"],"picked":"Moonworks:x16BigRocket","floor":3},{"not_picked":["Moonworks:ForcedRevival","Moonworks:Bloodlust","Moonworks:WindyEnchantment"],"picked":"SKIP","floor":4},{"not_picked":["Moonworks:CloudOfSeagulls","Moonworks:MixPhenomenon","Moonworks:SealedMemories"],"picked":"SKIP","floor":6},{"not_picked":["Moonworks:IntelligenceOfficer","Moonworks:EvilSpyWorkPreparation","Moonworks:ImOnFire"],"picked":"SKIP","floor":7},{"not_picked":["Moonworks:Assault","Moonworks:FullSpeedAlicianrone","Moonworks:SakisCookie"],"picked":"SKIP","floor":12},{"not_picked":["Moonworks:SinkOrSwim","Moonworks:ScrambledEve","Moonworks:NicePresent"],"picked":"SKIP","floor":13},{"not_picked":["Moonworks:JonathanRush","Moonworks:BindingChains","Moonworks:EvilSpyWorkPreparation"],"picked":"SKIP","floor":14},{"not_picked":["Moonworks:SubspaceTunnel","Moonworks:Accelerator"],"picked":"Moonworks:AccelHyper","floor":16},{"not_picked":["Moonworks:NicePresent","Moonworks:DevilHand","Moonworks:DeployBits"],"picked":"SKIP","floor":18},{"not_picked":["Moonworks:CloudOfSeagulls+1","Moonworks:RagingMadness"],"picked":"Moonworks:MiracleWalker+1","floor":21}],"player_experience":450698,"relics_obtained":[{"floor":6,"key":"Bag of Marbles"},{"floor":13,"key":"CeramicFish"}],"event_choices":[{"damage_healed":0,"gold_gain":0,"player_choice":"Donut","damage_taken":0,"max_hp_gain":5,"max_hp_loss":0,"event_name":"Big Fish","floor":2,"gold_loss":0},{"damage_healed":0,"gold_gain":78,"player_choice":"Gained Gold","damage_taken":0,"max_hp_gain":0,"max_hp_loss":0,"event_name":"Golden Wing","floor":5,"gold_loss":0},{"cards_removed":["Moonworks:Strike"],"damage_healed":0,"gold_gain":0,"player_choice":"Purged","damage_taken":0,"max_hp_gain":0,"max_hp_loss":0,"event_name":"Purifier","floor":11,"gold_loss":0},{"damage_healed":0,"gold_gain":540,"player_choice":"GOLD GOLD GOLD GOLD GOLD GOLD ","damage_taken":57,"max_hp_gain":0,"max_hp_loss":0,"event_name":"Knowing Skull","floor":19,"potions_obtained":[],"gold_loss":0,"cards_obtained":[]},{"damage_healed":0,"gold_gain":540,"player_choice":"GOLD GOLD GOLD GOLD GOLD GOLD ","damage_taken":57,"max_hp_gain":0,"max_hp_loss":0,"event_name":"Knowing Skull","floor":19,"potions_obtained":[],"gold_loss":0,"cards_obtained":[]}],"is_beta":false,"boss_relics":[{"not_picked":["Calling Bell","Tiny House"],"picked":"Snecko Eye"}],"items_purged_floors":[22],"is_endless":false,"potions_floor_spawned":[4,6,7,12,20,21],"killed_by":"Gremlin Leader","ascension_level":0}}