{"host":"ig7tc0uedzltt2sr","time":1609981602,"event":{"mods":["BaseMod","Better Twitch Integration","Block Reminder","Colored Map","Colored Powertips","Communication Mod","Current Relic Mod","GifTheSpireLib","HexUI Lib","Minty Spire (QoL Compilation)","Quick Restart","Random Character Button","Rare Cards Sparkle","Relic Sorter","Relic Stats","Slay the Relics Exporter","StSLib","SuperFastMode","Synergy Search","Twitch Decklist","Twitch Utils","everything is the same but u backflip on backflip","slay the spire mod where everything is the same but ironclad has a cowboy hat"],"gold_per_floor":[118,135,155,8,28,55,55,55,55,80,80,32,59,39,39,39,39],"floor_reached":16,"playtime":95,"items_purged":["Defend_R"],"score":104,"play_id":"c564bb8a-f58d-4374-8e47-c965cc7cc31c","local_time":"20210106170642","is_ascension_mode":false,"campfire_choices":[{"floor":7,"key":"REST"},{"floor":15,"key":"REST"}],"circlet_count":0,"master_deck":["Strike_R","Strike_R","Strike_R","Strike_R","Strike_R","Defend_R+1","Defend_R","Defend_R","Bash+1","Sever Soul","Headbutt","Fire Breathing","Body Slam","Feed","Whirlwind","Rampage","Headbutt"],"relics":["Burning Blood","NeowsBlessing","CeramicFish"],"acts_visited":["Exordium"],"potions_floor_usage":[],"damage_taken":[{"damage":0,"enemies":"Jaw Worm","floor":1,"turns":1},{"damage":0,"enemies":"Small Slimes","floor":2,"turns":1},{"damage":0,"enemies":"2 Louse","floor":3,"turns":1},{"damage":4,"enemies":"Blue Slaver","floor":5,"turns":3},{"damage":51,"enemies":"3 Sentries","floor":6,"turns":9},{"damage":4,"enemies":"Large Slime","floor":10,"turns":7},{"damage":11,"enemies":"2 Fungi Beasts","floor":13,"turns":3},{"damage":25,"enemies":"Exordium Thugs","floor":14,"turns":5},{"damage":46,"enemies":"Hexaghost","floor":16,"turns":9}],"seed_played":"1822043708799080338","potions_obtained":[{"floor":2,"key":"Weak Potion"},{"floor":3,"key":"Explosive Potion"},{"floor":6,"key":"Energy Potion"},{"floor":13,"key":"Dexterity Potion"}],"is_trial":false,"path_per_floor":["M","M","M","$","M","E","R","?","T","M","?","$","M","M","R","B"],"character_chosen":"IRONCLAD","items_purchased":["DistilledChaos","Explosive Potion"],"campfire_rested":2,"item_purchase_floors":[4,12],"current_hp_per_floor":[80,80,80,80,80,35,59,43,43,45,45,45,40,21,45,0,0],"gold":39,"neow_bonus":"THREE_ENEMY_KILL","is_daily":false,"chose_seed":false,"campfire_upgraded":0,"win_rate":0.0,"timestamp":1609981602,"path_taken":["M","M","M","$","M","E","R","?","T","M","?","$","M","M","R","BOSS"],"items_purchased_type":["Potion","Potion"],"build_version":"2020-12-22","purchased_purges":1,"victory":false,"max_hp_per_floor":[80,80,80,80,80,80,80,80,80,80,80,80,80,80,80,80,80],"relic_stats":{"counters":[9,39],"CeramicFish":27,"obtain_stats":[{"NeowsBlessing":0,"CeramicFish":6,"Burning Blood":0},{"NeowsBlessing":0,"CeramicFish":5,"Burning Blood":0},{"NeowsBlessing":0,"CeramicFish":15,"Burning Blood":0}],"Burning Blood":28},"card_choices":[{"not_picked":["Havoc","Twin Strike"],"picked":"Sever Soul","floor":1},{"not_picked":["Clothesline","Wild Strike"],"picked":"Headbutt","floor":2},{"not_picked":["Entrench","Heavy Blade"],"picked":"Fire Breathing","floor":3},{"not_picked":["Armaments","Thunderclap"],"picked":"Body Slam","floor":5},{"not_picked":["Inflame","Anger"],"picked":"Feed","floor":6},{"not_picked":["Twin Strike","Clothesline"],"picked":"Whirlwind","floor":10},{"not_picked":["Iron Wave","Perfected Strike"],"picked":"Rampage","floor":13},{"not_picked":["Body Slam","Seeing Red"],"picked":"Headbutt","floor":14}],"player_experience":1434716,"relics_obtained":[{"floor":6,"key":"CeramicFish"}],"event_choices":[{"damage_healed":0,"gold_gain":0,"player_choice":"Entered Light","damage_taken":16,"max_hp_gain":0,"max_hp_loss":0,"event_name":"Shining Light","floor":8,"gold_loss":0,"cards_upgraded":["Bash","Defend_R"]},{"damage_healed":0,"gold_gain":0,"player_choice":"Leave","damage_taken":0,"max_hp_gain":0,"max_hp_loss":0,"event_name":"The Cleric","floor":11,"gold_loss":0}],"is_beta":false,"boss_relics":[],"items_purged_floors":[4],"is_endless":false,"potions_floor_spawned":[2,3,6,13],"killed_by":"Hexaghost","ascension_level":0}}