{"host":"uoq8e77duj6rs50g","time":1609979227,"event":{"mods":["BaseMod","Better Altar","Better Match","Better Note","Better Sensory Stone","Better Skull","Better Third Choice","BetterRewards","Block Reminder","ChefMod","Curses Come First","Downfall","Hermit","Hubris","Ironclad Rager","Minty Spire (QoL Compilation)","Relic Stats","Replay The Spire","Shade Mod","StSLib","The Blue Laboratory","The Cursed","The Dragon Tamer","The Exalted","The Judge","The Marked","The Runesmith","The Servant 0.9.4","TheSwordswoman","Uncapped","WarShipGirlsR/????R mod"],"gold_per_floor":[99,99,99,99,99,114,114,126,126,142,176,176,101,120,136,136,136,136],"floor_reached":16,"playtime":1232,"items_purged":[],"score":100,"play_id":"a518b52d-6cbb-4269-94f9-e116199919e4","local_time":"20210106192707","is_ascension_mode":false,"campfire_choices":[{"floor":1,"key":"RECALL"},{"floor":9,"key":"REST"},{"data":"champ:PerfectForm","floor":13,"key":"SMITH"}],"circlet_count":0,"master_deck":["champ:Strike","champ:Strike","champ:Strike","champ:Strike","champ:Defend","champ:Defend","champ:Defend","champ:Defend","champ:Execute","champ:Taunt","champ:GladiatorsShout","champ:PerfectForm+1","champ:RecklessLeap","champ:EnragedBash","champ:StanceDance","champ:FocusedBerserking","champ:FocusedDefense","champ:BringItOn","champ:PerfectedStrike"],"relics":["champ:ChampionCrown","downfall:HeartsMalice","hubris:BundleOfHerbs","Runesmith:Nanobots","downfall:HeartBlessingRed"],"acts_visited":["Exordium"],"potions_floor_usage":[16,16],"damage_taken":[{"damage":0,"enemies":"2 Louse","floor":2,"turns":1},{"damage":0,"enemies":"Cultist","floor":3,"turns":1},{"damage":0,"enemies":"Small Slimes","floor":4,"turns":1},{"damage":26,"enemies":"2 Fungi Beasts","floor":6,"turns":4},{"damage":80,"enemies":"Exordium Wildlife","floor":8,"turns":9},{"damage":14,"enemies":"Red Slaver","floor":10,"turns":3},{"damage":49,"enemies":"Gremlin Nob","floor":11,"turns":4},{"damage":45,"enemies":"Exordium Thugs","floor":14,"turns":6},{"damage":33,"enemies":"Lots of Slimes","floor":15,"turns":6},{"damage":64,"enemies":"downfall:Ironclad","floor":16,"turns":5}],"seed_played":"5260880108638198372","potions_obtained":[{"floor":6,"key":"champ:OpenerPotion"},{"floor":10,"key":"Reflective Coating"},{"floor":11,"key":"blueLaboratory:BottleOfVodka"}],"is_trial":false,"path_per_floor":["R","M","M","M","?","M","T","M","R","M","E","?","R","M","M","B"],"character_chosen":"THE_CHAMP","items_purchased":[],"campfire_rested":1,"item_purchase_floors":[],"current_hp_per_floor":[90,90,90,90,85,82,82,50,77,73,48,78,78,68,55,0,0,0],"gold":136,"neow_bonus":"THREE_ENEMY_KILL","is_daily":false,"chose_seed":false,"campfire_upgraded":1,"win_rate":0.0,"timestamp":1609979227,"path_taken":["R","M","M","M","?","?","T","M","R","M","E","?","R","M","M","BOSS"],"items_purchased_type":[],"build_version":"2020-12-22","purchased_purges":0,"victory":false,"max_hp_per_floor":[90,90,90,90,90,90,90,90,90,90,90,90,90,90,90,90,90,90],"relic_stats":{"counters":[10,37],"obtain_stats":[{"Runesmith:Nanobots":11,"downfall:HeartBlessingRed":13,"champ:ChampionCrown":0,"downfall:HeartsMalice":0,"hubris:BundleOfHerbs":7},{"Runesmith:Nanobots":7,"downfall:HeartBlessingRed":7,"champ:ChampionCrown":0,"downfall:HeartsMalice":0,"hubris:BundleOfHerbs":4},{"Runesmith:Nanobots":20,"downfall:HeartBlessingRed":20,"champ:ChampionCrown":0,"downfall:HeartsMalice":0,"hubris:BundleOfHerbs":4}]},"card_choices":[{"not_picked":["champ:Backstep","champ:PerfectedStrike"],"picked":"champ:GladiatorsShout","floor":2},{"not_picked":["champ:CrookedStrike","champ:StanceDance"],"picked":"champ:PerfectForm","floor":3},{"not_picked":["champ:GutPunch","champ:RisingSlash"],"picked":"champ:RecklessLeap","floor":4},{"not_picked":["champ:Encircle","champ:BladeFlurry"],"picked":"champ:EnragedBash","floor":6},{"not_picked":["champ:Backstep","champ:BerserkersShout"],"picked":"champ:StanceDance","floor":8},{"not_picked":["champ:RapidStrikes","champ:RecklessLeap"],"picked":"champ:FocusedBerserking","floor":10},{"not_picked":["champ:GutPunch","champ:RisingSlash"],"picked":"champ:FocusedDefense","floor":11},{"not_picked":["champ:DefensiveShout","champ:RapidStrikes"],"picked":"champ:BringItOn","floor":14},{"not_picked":["champ:GutPunch","champ:BerserkersShout"],"picked":"champ:PerfectedStrike","floor":15}],"player_experience":459169,"relics_obtained":[{"floor":7,"key":"hubris:BundleOfHerbs"},{"floor":11,"key":"Runesmith:Nanobots"}],"event_choices":[{"damage_healed":30,"gold_gain":0,"player_choice":"Banana","damage_taken":0,"max_hp_gain":0,"max_hp_loss":0,"event_name":"Big Fish","floor":12,"gold_loss":0}],"is_beta":false,"boss_relics":[],"items_purged_floors":[],"is_endless":false,"potions_floor_spawned":[6,10,11],"killed_by":"downfall:Ironclad","ascension_level":0}}