{"host":"esx1hwjnbftf3eqj","time":1609980707,"event":{"mods":["BaseMod","Colored Map","Minty Spire (QoL Compilation)","StSLib","The Jungle"],"gold_per_floor":[114,39,114,264,264,264,130,130,130,130,146,174,174,189,189,264,264,274,287,30,40,53,82,82,111,111,130,130,155,165,194,194,272,272,287,287,162,182,32,32,32,46,70,95,95,129,129,140,140,140],"floor_reached":51,"playtime":10587,"items_purged":["Doubt","Strike_R","Strike_R","Strike_R"],"score":1361,"play_id":"0c9a4c5a-fe54-4b4c-9754-3698c76ce0ed","local_time":"20210106165147","is_ascension_mode":true,"campfire_choices":[{"data":"Bash","floor":6,"key":"SMITH"},{"data":"Whirlwind","floor":8,"key":"SMITH"},{"data":"Shrug It Off","floor":10,"key":"SMITH"},{"data":"Metallicize","floor":13,"key":"SMITH"},{"data":"Rage","floor":15,"key":"SMITH"},{"data":"Shockwave","floor":24,"key":"SMITH"},{"data":"Uppercut","floor":28,"key":"SMITH"},{"data":"Armaments","floor":32,"key":"SMITH"},{"data":"Berserk","floor":40,"key":"SMITH"},{"data":"Juggernaut","floor":45,"key":"SMITH"},{"data":"Metallicize","floor":49,"key":"SMITH"}],"circlet_count":0,"master_deck":["AscendersBane","Defend_R+1","Defend_R","Defend_R","Bash+1","Whirlwind+1","Shrug It Off+1","Metallicize+1","Rage+1","Juggernaut+1","Shockwave+1","Rampage","Shrug It Off","Uppercut+1","Battle Trance","Flame Barrier","Armaments+1","Searing Blow+1","Berserk+1","Dual Wield+1","Blood for Blood","Metallicize+1","Armaments+1"],"relics":["Burning Blood","Letter Opener","Bronze Scales","Sozu","Bag of Preparation","Bottled Flame","Prayer Wheel","Orichalcum","Gambling Chip","Dream Catcher","Runic Pyramid","Strawberry","War Paint","Red Skull"],"acts_visited":["Exordium","TheCity","TheBeyond"],"potions_floor_usage":[11],"damage_taken":[{"damage":6,"enemies":"2 Louse","floor":1,"turns":3},{"damage":2,"enemies":"Jaw Worm","floor":11,"turns":4},{"damage":16,"enemies":"Gremlin Nob","floor":12,"turns":3},{"damage":0,"enemies":"Small Slimes","floor":14,"turns":3},{"damage":54,"enemies":"Hexaghost","floor":16,"turns":11},{"damage":0,"enemies":"3 Byrds","floor":18,"turns":4},{"damage":2,"enemies":"Chosen","floor":19,"turns":4},{"damage":3,"enemies":"Centurion and Healer","floor":21,"turns":5},{"damage":12,"enemies":"Shelled Parasite and Fungi","floor":22,"turns":5},{"damage":23,"enemies":"Book of Stabbing","floor":23,"turns":5},{"damage":22,"enemies":"Slavers","floor":25,"turns":4},{"damage":0,"enemies":"Chosen and Byrds","floor":27,"turns":6},{"damage":13,"enemies":"Gremlin Leader","floor":29,"turns":5},{"damage":0,"enemies":"Cultist and Chosen","floor":30,"turns":4},{"damage":2,"enemies":"Book of Stabbing","floor":31,"turns":5},{"damage":50,"enemies":"Automaton","floor":33,"turns":10},{"damage":0,"enemies":"3 Shapes","floor":35,"turns":5},{"damage":8,"enemies":"3 Darklings","floor":38,"turns":5},{"damage":0,"enemies":"Maw","floor":42,"turns":6},{"damage":5,"enemies":"Giant Head","floor":44,"turns":7},{"damage":2,"enemies":"Nemesis","floor":46,"turns":7},{"damage":0,"enemies":"Spire Growth","floor":48,"turns":7},{"damage":19,"enemies":"Time Eater","floor":50,"turns":13}],"seed_played":"1664393706482373811","potions_obtained":[{"floor":11,"key":"Fruit Juice"},{"floor":12,"key":"EssenceOfSteel"},{"floor":14,"key":"LiquidMemories"}],"is_trial":false,"path_per_floor":["M","?","?","?","?","R","$","R","T","R","M","E","R","M","R","B",null,"M","M","$","M","M","E","R","E","T","M","R","E","M","E","R","B",null,"M","?","$","M","$","R","?","M","T","E","R","E","$","M","R","B",null],"character_chosen":"IRONCLAD","items_purchased":["Shrug It Off","Bag of Preparation"],"campfire_rested":0,"item_purchase_floors":[7,20],"current_hp_per_floor":[75,75,64,64,64,64,64,64,64,64,73,63,63,69,69,21,71,77,81,81,84,78,61,61,45,45,51,51,44,50,54,54,10,68,74,74,74,72,72,72,72,78,85,86,86,90,90,94,94,81],"gold":140,"neow_bonus":"TEN_PERCENT_HP_BONUS","is_daily":false,"chose_seed":false,"campfire_upgraded":11,"win_rate":0.0,"timestamp":1609980707,"path_taken":["M","?","?","?","?","R","$","R","T","R","M","E","R","M","R","BOSS","M","M","$","M","M","E","R","E","T","M","R","E","M","E","R","BOSS","M","?","$","M","$","R","?","?","T","E","R","E","$","M","R","BOSS"],"items_purchased_type":["Card","Relic"],"build_version":"2020-12-22","purchased_purges":4,"victory":true,"max_hp_per_floor":[82,82,82,82,82,82,82,82,82,82,87,87,87,87,87,87,87,87,87,87,87,87,87,87,87,87,87,87,87,87,87,87,87,87,87,87,87,87,87,87,87,87,94,94,94,94,94,94,94,94],"card_choices":[{"not_picked":["Perfected Strike","Twin Strike","Flex"],"picked":"SKIP","floor":1},{"not_picked":["Flex","True Grit","Sword Boomerang"],"picked":"SKIP","floor":11},{"not_picked":["Thunderclap","Inflame"],"picked":"Metallicize","floor":12},{"not_picked":["Wild Strike","Sword Boomerang"],"picked":"Rage","floor":14},{"not_picked":["Corruption","Immolate"],"picked":"Juggernaut","floor":16},{"not_picked":["Warcry","Flex","Power Through"],"picked":"SKIP","floor":18},{"not_picked":["Rage","Thunderclap","Flex"],"picked":"SKIP","floor":19},{"not_picked":["Power Through","Blood for Blood"],"picked":"Shockwave","floor":21},{"not_picked":["Perfected Strike","Twin Strike"],"picked":"Rampage","floor":22},{"not_picked":["Seeing Red","Brutality"],"picked":"Shrug It Off","floor":23},{"not_picked":["Whirlwind","Havoc"],"picked":"Uppercut","floor":25},{"not_picked":["Twin Strike","Spot Weakness"],"picked":"Battle Trance","floor":27},{"not_picked":["Carnage","Heavy Blade"],"picked":"Flame Barrier","floor":27},{"not_picked":["Bludgeon","Evolve"],"picked":"Armaments","floor":29},{"not_picked":["Feel No Pain","Warcry"],"picked":"Searing Blow+1","floor":30},{"not_picked":["Armaments","Thunderclap","Dropkick"],"picked":"SKIP","floor":30},{"not_picked":["Bludgeon","True Grit+1","Clash"],"picked":"SKIP","floor":31},{"not_picked":["Limit Break","Juggernaut"],"picked":"Berserk","floor":33},{"not_picked":["Flex","Disarm"],"picked":"Dual Wield","floor":35},{"not_picked":["Anger","Clash","Dark Embrace"],"picked":"SKIP","floor":35},{"not_picked":["Pummel+1","Reckless Charge+1","Sword Boomerang+1"],"picked":"SKIP","floor":38},{"not_picked":["Clothesline+1","Sword Boomerang","Havoc+1"],"picked":"SKIP","floor":38},{"not_picked":["Power Through+1","Pummel","Fire Breathing"],"picked":"SKIP","floor":42},{"not_picked":["Cleave","Reckless Charge+1","Battle Trance+1"],"picked":"SKIP","floor":42},{"not_picked":["Perfected Strike+1","Fiend Fire"],"picked":"Metallicize","floor":44},{"not_picked":["Sever Soul","Hemokinesis","Dual Wield"],"picked":"SKIP","floor":46},{"not_picked":["Dropkick+1","Reckless Charge"],"picked":"Armaments+1","floor":48},{"not_picked":["Heavy Blade","Thunderclap+1","Perfected Strike"],"picked":"SKIP","floor":48}],"player_experience":673193,"relics_obtained":[{"floor":9,"key":"Letter Opener"},{"floor":12,"key":"Bronze Scales"},{"floor":23,"key":"Bottled Flame"},{"floor":25,"key":"Prayer Wheel"},{"floor":26,"key":"Orichalcum"},{"floor":29,"key":"Gambling Chip"},{"floor":31,"key":"Dream Catcher"},{"floor":43,"key":"Strawberry"},{"floor":44,"key":"War Paint"},{"floor":46,"key":"Red Skull"}],"event_choices":[{"cards_removed":["Strike_R"],"damage_healed":0,"gold_gain":0,"player_choice":"Card Removal","damage_taken":0,"max_hp_gain":0,"max_hp_loss":0,"event_name":"The Cleric","floor":2,"gold_loss":75},{"damage_healed":0,"gold_gain":75,"player_choice":"Gather Gold","damage_taken":11,"max_hp_gain":0,"max_hp_loss":0,"event_name":"World of Goop","floor":3,"gold_loss":0},{"damage_healed":0,"gold_gain":150,"player_choice":"AGREE","damage_taken":0,"max_hp_gain":0,"max_hp_loss":0,"event_name":"Liars Game","floor":4,"gold_loss":0,"cards_obtained":["Doubt"]},{"damage_healed":0,"gold_gain":0,"cards_transformed":["Strike_R"],"player_choice":"Change","damage_taken":0,"max_hp_gain":0,"max_hp_loss":0,"event_name":"Living Wall","floor":5,"gold_loss":0,"cards_obtained":["Whirlwind"]},{"damage_healed":0,"gold_gain":0,"player_choice":"Ignored","damage_taken":0,"max_hp_gain":0,"max_hp_loss":0,"event_name":"Tomb of Lord Red Mask","floor":36,"gold_loss":0},{"damage_healed":0,"gold_gain":0,"cards_transformed":["Defend_R"],"player_choice":"Transformed","damage_taken":0,"max_hp_gain":0,"max_hp_loss":0,"event_name":"Transmorgrifier","floor":41,"gold_loss":0,"cards_obtained":["Blood for Blood"]}],"is_beta":false,"boss_relics":[{"not_picked":["Velvet Choker","Ectoplasm"],"picked":"Sozu"},{"not_picked":["Tiny House","SacredBark"],"picked":"Runic Pyramid"}],"items_purged_floors":[7,20,37,39],"is_endless":false,"potions_floor_spawned":[11,12,14,23,25,27,30,31,33,42,44,48],"ascension_level":16}}