{"host":"ifd7sfhtlbe34qll","time":1609984087,"event":{"mods":["2.2 Compatiblity","BaseMod","Block Reminder","Colored Map","Curses Come First","Downfall","Highlight Path","Minty Spire (QoL Compilation)","Potion Indicator Mod","Quick Restart","Relic Stats","StSLib"],"gold_per_floor":[99,118,218,232,232,251,277,288,288,288],"floor_reached":9,"playtime":687,"items_purged":[],"score":106,"play_id":"1019a199-e103-433b-9032-ba6db84d171a","local_time":"20210106194807","is_ascension_mode":true,"campfire_choices":[{"data":"sneckomod:TailWhip","floor":1,"key":"SMITH"}],"circlet_count":0,"master_deck":["AscendersBane","sneckomod:Strike","sneckomod:Strike","sneckomod:Strike","sneckomod:Defend","sneckomod:Defend","sneckomod:Defend","sneckomod:TailWhip+1","sneckomod:SnekBite","sneckomod:Unknown","sneckomod:Unknown","sneckomod:UnendingSupply","sneckomod:UnknownUncommonPower","downfall:Icky","sneckomod:DiceCrush","sneckomod:QuickBite","sneckomod:WideSting"],"relics":["sneckomod:SneckoSoul","PreservedInsect"],"acts_visited":["Exordium"],"potions_floor_usage":[8,9],"damage_taken":[{"damage":9,"enemies":"Small Slimes","floor":2,"turns":4},{"damage":14,"enemies":"Cultist","floor":4,"turns":4},{"damage":16,"enemies":"2 Louse","floor":6,"turns":3},{"damage":11,"enemies":"Exordium Thugs","floor":8,"turns":5},{"damage":40,"enemies":"Gremlin Nob","floor":9,"turns":3}],"seed_played":"2608569117063349947","potions_obtained":[{"floor":2,"key":"sneckomod:OffclassReductionPotion"},{"floor":5,"key":"bronze:BurnAndBuffPotion"},{"floor":5,"key":"Explosive Potion"},{"floor":6,"key":"Block Potion"}],"is_trial":false,"path_per_floor":["R","M","?","M","?","M","T","M","E"],"character_chosen":"THE_SNECKO","items_purchased":[],"campfire_rested":0,"item_purchase_floors":[],"current_hp_per_floor":[75,66,66,52,52,36,36,25,0,0],"gold":288,"neow_bonus":"THREE_CARDS","is_daily":false,"chose_seed":false,"campfire_upgraded":1,"win_rate":0.0,"timestamp":1609984087,"path_taken":["R","M","?","M","?","?","T","M","E"],"items_purchased_type":[],"build_version":"2020-12-22","purchased_purges":0,"victory":false,"max_hp_per_floor":[83,83,83,83,83,83,83,83,83,83],"relic_stats":{"counters":[5,19],"PreservedInsect":22,"obtain_stats":[{"PreservedInsect":7,"sneckomod:SneckoSoul":0},{"PreservedInsect":3,"sneckomod:SneckoSoul":0},{"PreservedInsect":11,"sneckomod:SneckoSoul":0}]},"card_choices":[{"not_picked":["sneckomod:UnknownDraw","sneckomod:UnknownBlock"],"picked":"sneckomod:UnendingSupply","floor":0},{"not_picked":["sneckomod:UnknownCommonSkill","sneckomod:Nope"],"picked":"sneckomod:UnknownUncommonPower","floor":2},{"not_picked":["sneckomod:Memorize","sneckomod:MixItUp"],"picked":"sneckomod:DiceCrush","floor":4},{"not_picked":["sneckomod:UnknownBlock","sneckomod:IronFang"],"picked":"sneckomod:QuickBite","floor":6},{"not_picked":["sneckomod:Unknown1Cost","sneckomod:Nope"],"picked":"sneckomod:WideSting","floor":8}],"player_experience":1645705,"relics_obtained":[{"floor":7,"key":"PreservedInsect"}],"event_choices":[{"damage_healed":0,"gold_gain":0,"player_choice":"Got Potions","damage_taken":0,"max_hp_gain":0,"max_hp_loss":0,"event_name":"Lab","floor":5,"gold_loss":0}],"is_beta":false,"boss_relics":[],"items_purged_floors":[],"is_endless":false,"potions_floor_spawned":[2,6],"killed_by":"Gremlin Nob","ascension_level":20}}