{"host":"3i0tc1zs9k2bo7un","time":1609998560,"event":{"mods":["Act Like it!","Aspiration","BaseMod","Better Synergies","Communication Mod","Gensokyo","Minty Spire (QoL Compilation)","MostiFishMod","Quick Restart","Replay The Spire","StSLib","TestMod","[IsaacMod]ÒÔÈö¼âËþ","¡¾ÒÅÎï¿¨ÅÆ¡¿REMEMod"],"gold_per_floor":[116,116,133,133,58,84,84,117,117,117,117,117,131,158,158,237,237,256,256,282,307,338,378,664,676,738,775,787,799,799],"floor_reached":29,"playtime":757,"items_purged":["Injury"],"score":773,"play_id":"d244e0fe-9054-4e91-ba80-ad9a069a5f4c","local_time":"20210107134920","is_ascension_mode":true,"campfire_choices":[{"data":"ReplayTheSpireMod:Brewmster","floor":7,"key":"SMITH"},{"data":"Turbo","floor":10,"key":"SMITH"},{"data":"MostiFishMod:LinkProtocol","floor":12,"key":"SMITH"},{"floor":15,"key":"RECALL"},{"floor":24,"key":"REST"}],"circlet_count":0,"master_deck":["AscendersBane","Defend_B+1","Defend_B+1","Defend_B+1","Defend_B+1","Zap+1","Dualcast+1","ReplayTheSpireMod:Brewmster+1","Turbo+1","MostiFishMod:LinkProtocol+1","Pain","Ball Lightning+1","Creative AI+1","Sickly","CommonCold","Recycle+1","Gensokyo:AllTheWorldsEvil"],"relics":["Cracked Core","DaveBox","testmod-TestBox","HushsDoor","REME_ComplimentaryCards","Leech","testmod-Brilliant","DSteel32","NeowsBlessing","SynthV:TestCard","Ornamental Fan","MealTicket","YumHeart","Letter Opener","Gensokyo:LunaticRedEyes","Iron Hammer","Kintsugi","MawBank","BloodDonationMachine","Gensokyo:DayTheSeaSplit","Bottled Lightning","Frozen Eye"],"acts_visited":["Gensokyo:Gensokyo","Gensokyo:Gensokyoer"],"potions_floor_usage":[8,8,16,16,20,23,27,29,29,29],"damage_taken":[{"damage":0,"enemies":"Gensokyo:2_Kodama","floor":1,"turns":1},{"damage":0,"enemies":"Gensokyo:3_Fairies","floor":3,"turns":1},{"damage":0,"enemies":"Gensokyo:Cirno","floor":6,"turns":2},{"damage":0,"enemies":"Gensokyo:Aya","floor":8,"turns":3},{"damage":1,"enemies":"Gensokyo:Gryphon","floor":13,"turns":2},{"damage":0,"enemies":"Gensokyo:Cirno","floor":14,"turns":4},{"damage":37,"enemies":"Gensokyo:Kokoro","floor":16,"turns":7},{"damage":5,"enemies":"Gensokyo:CosmicMonolith","floor":18,"turns":3},{"damage":3,"enemies":"Gensokyo:2_Gloops","floor":20,"turns":3},{"damage":3,"enemies":"Gensokyo:Mirror_and_Dog","floor":21,"turns":3},{"damage":23,"enemies":"Gensokyo:Swordslinger","floor":22,"turns":3},{"damage":1,"enemies":"Gensokyo:Reisen","floor":23,"turns":4},{"damage":38,"enemies":"Gensokyo:Tenshi","floor":27,"turns":4},{"damage":16,"enemies":"Gensokyo:Koishi","floor":29,"turns":2}],"seed_played":"-7444625629557767433","potions_obtained":[{"floor":3,"key":"Explosive Potion"},{"floor":13,"key":"Explosive Potion"}],"is_trial":false,"path_per_floor":["M","?","M","?","$","E","R","E","T","R","?","R","M","E","R","B",null,"M","?","M","M","M","E","R","?","T","E","?","E"],"character_chosen":"DEFECT","items_purchased":[],"campfire_rested":1,"item_purchase_floors":[],"current_hp_per_floor":[64,64,64,64,64,64,64,67,67,67,67,67,68,68,68,37,63,60,45,45,45,25,27,44,44,44,10,10,0,0],"gold":799,"neow_bonus":"THREE_ENEMY_KILL","is_daily":false,"chose_seed":false,"campfire_upgraded":3,"win_rate":0.0,"timestamp":1609998560,"path_taken":["M","?","M","?","$","E","R","E","T","R","?","R","M","E","R","BOSS","M","?","M","M","M","E","R","?","T","E","?","E"],"items_purchased_type":[],"build_version":"2020-12-22","purchased_purges":1,"victory":false,"max_hp_per_floor":[71,71,71,71,71,71,71,71,71,71,71,71,71,71,71,71,71,71,71,71,71,71,71,71,71,71,71,71,71,71],"card_choices":[{"not_picked":["Go for the Eyes","Crystallizer"],"picked":"Turbo","floor":1},{"not_picked":["Steam","Cancel","FIFO Queue","Rebound","Cold Snap"],"picked":"SKIP","floor":3},{"not_picked":["Redo","Lockon","Steam","Fan"],"picked":"MostiFishMod:LinkProtocol","floor":6},{"not_picked":["MostiFishMod:PushDownKick","All For One","Fusion","REME_Compress","Turbo"],"picked":"SKIP","floor":8},{"not_picked":["ReplayTheSpireMod:Repulse","BootSequence","Barrage","Streamline"],"picked":"Ball Lightning","floor":13},{"not_picked":["MostiFishMod:PushDownKick","Ball Lightning","Coolheaded","MostiFishMod:Exploitation","Sweeping Beam"],"picked":"SKIP","floor":14},{"not_picked":["Machine Learning","Hyperbeam","MostiFishMod:Prepare","MostiFishMod:SeaWaves"],"picked":"Creative AI","floor":16},{"not_picked":["Reprogram","Barrage","Panic Button","REME_DataAnalysis","MostiFishMod:GatherIntelligence"],"picked":"SKIP","floor":18},{"not_picked":["Ball Lightning","BasicCrystalCard+1","Gash","Sweeping Beam","MostiFishMod:ReprogramOld"],"picked":"SKIP","floor":20},{"not_picked":["ReplayGash","Meteor Strike","Fan","Consume+1"],"picked":"Recycle+1","floor":21},{"not_picked":["Cold Snap+1","Leap","Undo","Auto Shields+1","BasicCrystalCard"],"picked":"SKIP","floor":22},{"not_picked":["Consume","Barrage+1","Cold Snap","BasicCrystalCard","Melter"],"picked":"SKIP","floor":23},{"not_picked":["MostiFishMod:LinkProtocol","Redo","MostiFishMod:Impulse","REME_SelfUpgrade","Lockon"],"picked":"SKIP","floor":27}],"player_experience":673488,"relics_obtained":[{"floor":1,"key":"SynthV:TestCard"},{"floor":6,"key":"MealTicket"},{"floor":8,"key":"YumHeart"},{"floor":9,"key":"Letter Opener"},{"floor":14,"key":"Iron Hammer"},{"floor":23,"key":"BloodDonationMachine"},{"floor":27,"key":"Bottled Lightning"}],"event_choices":[],"is_beta":false,"boss_relics":[{"not_picked":["SacredBark","Nuclear Battery"],"picked":"Kintsugi"},{"not_picked":[]}],"items_purged_floors":[5],"is_endless":false,"potions_floor_spawned":[3,6,13,16,18,20,27],"killed_by":"Gensokyo:Koishi","ascension_level":19}}