{"host":"pvf7uj918he10jir","time":1609994147,"event":{"mods":["AchievementEnabler","BaseMod","Colored Map","Colored Powertips","Highlight Path","Minty Spire (QoL Compilation)","Relic Stats","Slay the Relics Exporter","everything is the same but u backflip on backflip"],"gold_per_floor":[112,62,75,75,75,75,89,119,119,119,129,146,160,187,187,284,284,303,303,322,340,373,373,373,401,401,413,413,413],"floor_reached":28,"playtime":1468,"items_purged":[],"score":445,"play_id":"84aa1054-307a-47a9-8a7d-97b7fd5a524c","local_time":"20210106233547","is_ascension_mode":true,"campfire_choices":[{"data":"Bludgeon","floor":6,"key":"SMITH"},{"data":"Bash","floor":10,"key":"SMITH"},{"data":"Double Tap","floor":15,"key":"SMITH"},{"data":"Brutality","floor":23,"key":"SMITH"}],"circlet_count":0,"master_deck":["Defend_R+1","Defend_R+1","Defend_R","Defend_R","Bash+1","Brutality+1","Bludgeon+1","Regret","Seeing Red","Wild Strike","Double Tap+1","Cleave","Brutality","Offering","Bite","Bite","Bite","Bite","Bite"],"relics":["Burning Blood","PreservedInsect","Meat on the Bone","War Paint","Snecko Eye","Red Mask","Matryoshka","Eternal Feather","Juzu Bracelet","Pantograph"],"acts_visited":["TheCity"],"potions_floor_usage":[16,22,25],"damage_taken":[{"damage":29,"enemies":"Jaw Worm","floor":1,"turns":7},{"damage":1,"enemies":"Small Slimes","floor":3,"turns":3},{"damage":4,"enemies":"Cultist","floor":7,"turns":2},{"damage":27,"enemies":"Lagavulin","floor":8,"turns":6},{"damage":13,"enemies":"Exordium Wildlife","floor":11,"turns":4},{"damage":15,"enemies":"2 Fungi Beasts","floor":12,"turns":3},{"damage":13,"enemies":"Blue Slaver","floor":13,"turns":2},{"damage":17,"enemies":"Gremlin Nob","floor":14,"turns":3},{"damage":55,"enemies":"Slime Boss","floor":16,"turns":8},{"damage":25,"enemies":"Shell Parasite","floor":18,"turns":2},{"damage":23,"enemies":"2 Thieves","floor":20,"turns":4},{"damage":27,"enemies":"Shelled Parasite and Fungi","floor":21,"turns":3},{"damage":27,"enemies":"Masked Bandits","floor":22,"turns":3},{"damage":13,"enemies":"Book of Stabbing","floor":25,"turns":2},{"damage":47,"enemies":"Sentry and Sphere","floor":27,"turns":4},{"damage":43,"enemies":"Slavers","floor":28,"turns":2}],"seed_played":"-8758369754225282381","potions_obtained":[{"floor":3,"key":"SteroidPotion"},{"floor":8,"key":"BlessingOfTheForge"},{"floor":14,"key":"Regen Potion"},{"floor":18,"key":"LiquidMemories"},{"floor":22,"key":"FearPotion"}],"is_trial":false,"path_per_floor":["M","?","M","?","?","R","M","E","T","R","M","M","M","E","R","B",null,"M","?","M","M","?","R","T","E","T","M","E"],"character_chosen":"IRONCLAD","items_purchased":[],"campfire_rested":0,"item_purchase_floors":[],"current_hp_per_floor":[57,57,62,62,62,62,64,43,43,43,50,55,50,53,53,23,80,61,61,56,57,50,50,50,49,49,28,0,0],"gold":413,"neow_bonus":"ONE_RANDOM_RARE_CARD","is_daily":false,"chose_seed":false,"campfire_upgraded":4,"win_rate":0.0,"timestamp":1609994147,"path_taken":["M","?","M","?","?","R","?","E","T","R","M","M","M","E","R","BOSS","M","?","M","M","?","R","?","E","T","M","E"],"items_purchased_type":[],"build_version":"2020-12-22","purchased_purges":0,"victory":false,"max_hp_per_floor":[80,80,80,80,80,80,80,80,80,80,80,80,80,80,80,80,80,80,80,80,80,80,80,80,80,80,80,80,80],"relic_stats":{"counters":[16,58],"Pantograph":0,"Snecko Eye":[40,44,34,45],"Eternal Feather":0,"PreservedInsect":129,"Juzu Bracelet":0,"War Paint":["Defend_R","Defend_R"],"obtain_stats":[{"Blood Vial":8,"Matryoshka":24,"Pantograph":26,"Snecko Eye":17,"Eternal Feather":25,"PreservedInsect":4,"Red Mask":22,"Juzu Bracelet":26,"War Paint":14,"Burning Blood":0,"Meat on the Bone":9},{"Blood Vial":4,"Matryoshka":13,"Pantograph":14,"Snecko Eye":9,"Eternal Feather":14,"PreservedInsect":2,"Red Mask":13,"Juzu Bracelet":14,"War Paint":8,"Burning Blood":0,"Meat on the Bone":4},{"Blood Vial":18,"Matryoshka":50,"Pantograph":52,"Snecko Eye":38,"Eternal Feather":52,"PreservedInsect":10,"Red Mask":50,"Juzu Bracelet":52,"War Paint":30,"Burning Blood":0,"Meat on the Bone":18}],"Burning Blood":90,"Meat on the Bone":72},"card_choices":[{"not_picked":["Clothesline","Anger","Clash"],"picked":"SKIP","floor":1},{"not_picked":["Body Slam","Sentinel"],"picked":"Bludgeon","floor":3},{"not_picked":["Thunderclap","Clothesline"],"picked":"Wild Strike","floor":7},{"not_picked":["Twin Strike","Evolve"],"picked":"Double Tap","floor":8},{"not_picked":["Searing Blow","Disarm","Wild Strike"],"picked":"SKIP","floor":11},{"not_picked":["Rampage","Flex"],"picked":"Cleave","floor":12},{"not_picked":["Clash","Sentinel","Perfected Strike"],"picked":"SKIP","floor":13},{"not_picked":["Sword Boomerang","Battle Trance"],"picked":"Brutality","floor":14},{"not_picked":["Brutality","Corruption"],"picked":"Offering","floor":16},{"not_picked":["Cleave","Warcry","Armaments"],"picked":"SKIP","floor":18},{"not_picked":["Reckless Charge","Sword Boomerang","Perfected Strike"],"picked":"SKIP","floor":20},{"not_picked":["Searing Blow+1","Shrug It Off","Heavy Blade"],"picked":"SKIP","floor":21},{"not_picked":["Iron Wave","Shrug It Off+1","Armaments"],"picked":"SKIP","floor":25},{"not_picked":["Dropkick","Warcry","True Grit+1"],"picked":"SKIP","floor":27},{"not_picked":["Dropkick","Warcry","True Grit+1"],"picked":"SKIP","floor":27},{"not_picked":["Dropkick","Warcry","True Grit+1"],"picked":"SKIP","floor":27}],"player_experience":123979,"relics_obtained":[{"floor":8,"key":"Blood Vial"},{"floor":9,"key":"Meat on the Bone"},{"floor":14,"key":"War Paint"},{"floor":22,"key":"Red Mask"},{"floor":24,"key":"Matryoshka"},{"floor":25,"key":"Eternal Feather"},{"floor":26,"key":"Juzu Bracelet"},{"floor":26,"key":"Pantograph"}],"event_choices":[{"cards_removed":["Strike_R"],"damage_healed":0,"gold_gain":0,"player_choice":"Card Removal","damage_taken":0,"max_hp_gain":0,"max_hp_loss":0,"event_name":"The Cleric","floor":2,"gold_loss":50},{"damage_healed":0,"gold_gain":0,"player_choice":"Box","damage_taken":0,"relics_obtained":["PreservedInsect"],"max_hp_gain":0,"max_hp_loss":0,"event_name":"Big Fish","floor":4,"gold_loss":0,"cards_obtained":["Regret"]},{"damage_healed":0,"gold_gain":0,"cards_transformed":["Strike_R"],"player_choice":"Transformed","damage_taken":0,"max_hp_gain":0,"max_hp_loss":0,"event_name":"Transmorgrifier","floor":5,"gold_loss":0,"cards_obtained":["Seeing Red"]},{"damage_healed":0,"gold_gain":0,"player_choice":"Became a vampire (Vial)","damage_taken":0,"max_hp_gain":0,"max_hp_loss":0,"event_name":"Vampires","floor":19,"relics_lost":["Blood Vial"],"gold_loss":0,"cards_obtained":["Bite","Bite","Bite","Bite","Bite"]},{"damage_healed":0,"gold_gain":0,"player_choice":"Fought Bandits","damage_taken":0,"max_hp_gain":0,"max_hp_loss":0,"event_name":"Masked Bandits","floor":22,"gold_loss":0}],"is_beta":false,"boss_relics":[{"not_picked":["Empty Cage","Black Star"],"picked":"Snecko Eye"}],"items_purged_floors":[],"is_endless":false,"potions_floor_spawned":[3,8,14,18,20,22],"killed_by":"Slavers","ascension_level":4}}