{"host":"waq1ashgqt0tulkv","time":1609980536,"event":{"mods":["Aspiration","BaseMod","BetterRewards","Colored Powertips","Conspire","Downfall","Duelist Mod","Hermit","Hubris","Infinite Spire","Minty Spire (QoL Compilation)","Quick Restart","Rare Cards Sparkle","Replay The Spire","StSLib","SuperFastMode","The Animator","The Bug Knight","The Construct","The Cursed","The Disciple","The Hierophant","The Necromancer","The Runesmith","The Servant 0.9.4","egg"],"gold_per_floor":[118,154,68,83,97,132,150,8,85,85,85,32,18,28,28,130,130,143,159,159,159,177,177,276,306,306,306,306,326,338,352,352,352,352],"floor_reached":33,"playtime":1444,"items_purged":[],"score":269,"play_id":"4bb06e65-3eea-406b-adf8-feaaaed75846","local_time":"20210106174856","is_ascension_mode":false,"campfire_choices":[{"floor":11.0,"key":"REST"},{"floor":15,"key":"REST"},{"data":"TheCursedMod:CollectTribute","floor":23,"key":"SMITH"},{"floor":27,"key":"REST"},{"floor":32,"key":"REST"}],"circlet_count":0,"master_deck":["TheCursedMod:Strike_TheCursed","TheCursedMod:Strike_TheCursed","TheCursedMod:Strike_TheCursed","TheCursedMod:Strike_TheCursed","TheCursedMod:Defend_TheCursed","TheCursedMod:Defend_TheCursed","TheCursedMod:Defend_TheCursed","TheCursedMod:Defend_TheCursed","TheCursedMod:CursedWand+1","TheCursedMod:CleanUpWorkshop","TheCursedMod:Dregs","TheCursedMod:CircleOfFlame","TheCursedMod:WearCloak","TheCursedMod:CursedAmulet","TheCursedMod:HellfireBreathing","TheCursedMod:SpitefulPray","TheCursedMod:Stigma","TheCursedMod:Stigma+1","TheCursedMod:SmokeScreen","TheCursedMod:NeowsMight","TheCursedMod:VitalStrike","TheCursedMod:CursedMace","TheCursedMod:Stigma","TheCursedMod:CollectTribute+1","CurseOfTheBell","TheCursedMod:CursedBlade","TheCursedMod:CursedBlade+1","Replay:SS_fish_3","TheCursedMod:DemonSword","TheCursedMod:CircleOfBlood+1","TheCursedMod:SurpriseAttack+1","TheCursedMod:Hemoplague","TheCursedMod:ManaBullet+1","TheCursedMod:CircleOfFlame"],"relics":["TheCursedMod:BlackMagic101","infinitespire:Broken Mirror","Quantum Egg","Replay:Bottled Steam","Calling Bell","Kunai","Juzu Bracelet","Omamori","Replay:Bottled Flurry","Nilry\u0027s Codex"],"acts_visited":["Exordium","TheCity"],"potions_floor_usage":[16,22,25,30,33],"damage_taken":[{"damage":0.0,"enemies":"Small Slimes","floor":1.0,"turns":3.0},{"damage":20.0,"enemies":"conspire:MimicChest","floor":2.0,"turns":8.0},{"damage":1.0,"enemies":"Cultist","floor":4.0,"turns":4.0},{"damage":0.0,"enemies":"Jaw Worm","floor":5.0,"turns":2.0},{"damage":27.0,"enemies":"Lagavulin","floor":6.0,"turns":6.0},{"damage":0.0,"enemies":"Looter","floor":7.0,"turns":2.0},{"damage":12,"enemies":"Exordium Thugs","floor":13,"turns":4},{"damage":0,"enemies":"Red Slaver","floor":14,"turns":1},{"damage":16,"enemies":"Hexaghost","floor":16,"turns":8},{"damage":14,"enemies":"Shell Parasite","floor":18,"turns":6},{"damage":0,"enemies":"3 Byrds","floor":19,"turns":2},{"damage":11,"enemies":"Centurion and Healer","floor":22,"turns":6},{"damage":31,"enemies":"Book of Stabbing","floor":25,"turns":4},{"damage":7,"enemies":"3 Cultists","floor":29,"turns":5},{"damage":9,"enemies":"Snake Plant","floor":30,"turns":2},{"damage":12,"enemies":"Sentry and Sphere","floor":31,"turns":5},{"damage":93,"enemies":"Collector","floor":33,"turns":7}],"seed_played":"992679688406685139","potions_obtained":[{"floor":1.0,"key":"EssenceOfSteel"},{"floor":5.0,"key":"FearPotion"},{"floor":13,"key":"Energy Potion"},{"floor":14,"key":"ColorlessPotion"},{"floor":22,"key":"ColorlessPotion"},{"floor":29,"key":"DistilledChaos"},{"floor":31,"key":"Dexterity Potion"}],"is_trial":false,"path_per_floor":["M","?","$","M","M","E","M","$","T","?","R","$","M","M","R","B",null,"M","M","?","?","M","R","?","E","T","R","?","M","M","M","R","B"],"character_chosen":"THE_CURSED","items_purchased":["TheCursedMod:CursedAmulet","TheCursedMod:HellfireBreathing","TheCursedMod:NeowsMight","TheCursedMod:VitalStrike"],"campfire_rested":4,"item_purchase_floors":[3,3,8,12],"current_hp_per_floor":[75,55,55,54,54,27,27,27,27,27,49,49,37,37,59,43,75,61,61,61,61,50,50,50,35,35,57,41,50,41,33,55,0,0],"gold":352,"neow_bonus":"UPGRADE_CARD","is_daily":false,"chose_seed":false,"campfire_upgraded":1,"win_rate":0.0,"timestamp":1609980536,"path_taken":["M","?","$","M","M","E","?","$","T","?","R","$","M","M","R","BOSS","M","M","?","?","M","R","?","E","T","R","?","M","M","M","R","BOSS"],"items_purchased_type":["Card","Card","Card","Card"],"build_version":"2020-12-13","purchased_purges":0,"victory":false,"max_hp_per_floor":[75,75,75,75,75,75,75,75,75,75,75,75,75,75,75,75,75,75,75,75,75,75,75,75,75,75,75,75,75,75,75,75,75,75],"card_choices":[{"not_picked":["TheCursedMod:Wield","TheCursedMod:TacticalStrike"],"picked":"TheCursedMod:CircleOfFlame","floor":1.0},{"not_picked":["TheCursedMod:HellsGateOpen","TheCursedMod:SpitefulStrike"],"picked":"TheCursedMod:WearCloak","floor":2.0},{"not_picked":["TheCursedMod:RapidMovement","TheCursedMod:TacticalStrike"],"picked":"TheCursedMod:SpitefulPray","floor":4.0},{"not_picked":["TheCursedMod:CursedArmor","TheCursedMod:DemonSword"],"picked":"TheCursedMod:Stigma","floor":5.0},{"not_picked":["TheCursedMod:Obscuration","TheCursedMod:SoulCrush"],"picked":"TheCursedMod:Stigma","floor":6.0},{"not_picked":["TheCursedMod:WearCloak","TheCursedMod:CursedMace"],"picked":"TheCursedMod:SmokeScreen","floor":7.0},{"not_picked":["TheCursedMod:SmokeScreen","TheCursedMod:VitalStrike"],"picked":"TheCursedMod:CursedMace","floor":13},{"not_picked":["TheCursedMod:CursedMace","TheCursedMod:UltimatePain"],"picked":"TheCursedMod:Stigma","floor":14},{"not_picked":["TheCursedMod:StunningStrike","TheCursedMod:OutForBlood"],"picked":"TheCursedMod:CollectTribute","floor":16},{"not_picked":["TheCursedMod:LuckyCharm","TheCursedMod:CursedMace"],"picked":"TheCursedMod:CursedBlade","floor":18},{"not_picked":["TheCursedMod:Evocation+1","TheCursedMod:VitalStrike"],"picked":"TheCursedMod:CursedBlade+1","floor":19},{"not_picked":["TheCursedMod:SmokeScreen","TheCursedMod:AbyssShockwave"],"picked":"TheCursedMod:CircleOfBlood+1","floor":22},{"not_picked":["TheCursedMod:CursedAmulet","TheCursedMod:SmokeScreen"],"picked":"TheCursedMod:SurpriseAttack+1","floor":25},{"not_picked":["TheCursedMod:ManaBullet+1","TheCursedMod:CursedAmulet"],"picked":"TheCursedMod:Hemoplague","floor":29},{"not_picked":["TheCursedMod:Stigma","TheCursedMod:DarkBarrier"],"picked":"TheCursedMod:ManaBullet+1","floor":30},{"not_picked":["TheCursedMod:CursedAmulet","TheCursedMod:WearCloak"],"picked":"TheCursedMod:CircleOfFlame","floor":31}],"player_experience":48151,"relics_obtained":[{"floor":2.0,"key":"infinitespire:Broken Mirror"},{"floor":6.0,"key":"Quantum Egg"},{"floor":9.0,"key":"Replay:Bottled Steam"},{"floor":17,"key":"Kunai"},{"floor":17,"key":"Juzu Bracelet"},{"floor":25,"key":"Omamori"},{"floor":26,"key":"Replay:Bottled Flurry"},{"floor":28,"key":"Nilry\u0027s Codex"}],"event_choices":[{"damage_healed":0,"gold_gain":0,"player_choice":"2 cards matched","damage_taken":0,"max_hp_gain":0,"max_hp_loss":0,"event_name":"Match and Keep!","floor":20,"gold_loss":0,"cards_obtained":["Replay:SS_fish_3","TheCursedMod:DemonSword"]},{"damage_healed":0,"gold_gain":99,"player_choice":"Stole From Cult","damage_taken":0,"max_hp_gain":0,"max_hp_loss":0,"event_name":"Nest","floor":24,"gold_loss":0},{"damage_healed":0,"gold_gain":0,"player_choice":"Obtained Book","damage_taken":16,"max_hp_gain":0,"max_hp_loss":0,"event_name":"Cursed Tome","floor":28,"gold_loss":0}],"is_beta":false,"boss_relics":[{"not_picked":["Velvet Choker","Ectoplasm"],"picked":"Calling Bell"}],"items_purged_floors":[],"is_endless":false,"potions_floor_spawned":[1,5,13,14,22,29,31],"killed_by":"Collector","ascension_level":0}}