{"host":"wha9hktbkslqvblg","time":1609981378,"event":{"mods":["BaseMod","Colored Map","Minty Spire (QoL Compilation)","Relic Stats","SuperFastMode","everything is the same but u backflip on backflip"],"gold_per_floor":[20,95,109,128,53,53,79,79,105,115,134,151,64,64,64,138,138,152,172,87,106,6,6,6],"floor_reached":23,"playtime":421,"items_purged":["Strike_P","Strike_P"],"score":436,"play_id":"f17e2ff1-efe3-4ea1-8142-f6f20e7abf11","local_time":"20210107100258","is_ascension_mode":true,"campfire_choices":[{"data":"Eruption","floor":6.0,"key":"SMITH"},{"data":"SandsOfTime","floor":8.0,"key":"SMITH"},{"data":"TalkToTheHand","floor":15.0,"key":"SMITH"}],"circlet_count":0,"master_deck":["AscendersBane","Strike_P","Defend_P","Defend_P","Eruption+1","Vigilance","SandsOfTime+1","Tantrum","TalkToTheHand+1","Adaptation","MentalFortress"],"relics":["PureWater","Mercury Hourglass","Strawberry","Pen Nib","Black Star"],"acts_visited":["Exordium","TheCity"],"potions_floor_usage":[23],"damage_taken":[{"damage":0.0,"enemies":"Cultist","floor":1.0,"turns":2.0},{"damage":0.0,"enemies":"Jaw Worm","floor":3.0,"turns":3.0},{"damage":1.0,"enemies":"2 Louse","floor":4.0,"turns":2.0},{"damage":17.0,"enemies":"Gremlin Nob","floor":7.0,"turns":3.0},{"damage":0.0,"enemies":"Lots of Slimes","floor":10.0,"turns":3.0},{"damage":0.0,"enemies":"Large Slime","floor":11.0,"turns":2.0},{"damage":3.0,"enemies":"Looter","floor":12.0,"turns":2.0},{"damage":6.0,"enemies":"The Guardian","floor":16.0,"turns":7.0},{"damage":19.0,"enemies":"Shell Parasite","floor":18.0,"turns":4.0},{"damage":0,"enemies":"Spheric Guardian","floor":19,"turns":1},{"damage":23,"enemies":"Centurion and Healer","floor":21,"turns":4},{"damage":0,"enemies":"Slavers","floor":23,"turns":1}],"seed_played":"-4016117324970734812","potions_obtained":[{"floor":4.0,"key":"Dexterity Potion"},{"floor":7.0,"key":"LiquidMemories"},{"floor":12.0,"key":"SpeedPotion"}],"is_trial":false,"path_per_floor":["M","T","M","M","$","R","E","R","T","M","M","M","$","?","R","B",null,"M","M","$","M","$","E"],"character_chosen":"WATCHER","items_purchased":["TalkToTheHand","MentalFortress"],"campfire_rested":0,"item_purchase_floors":[13,20],"current_hp_per_floor":[61,61,61,60,60,60,50,50,50,50,50,47,47,40,40,34,65,46,46,46,23,23,23,23],"gold":6,"neow_bonus":"REMOVE_TWO","is_daily":false,"chose_seed":false,"campfire_upgraded":3,"win_rate":0.0,"timestamp":1609981378,"path_taken":["M","?","M","M","?","R","E","R","T","M","M","M","$","?","R","BOSS","M","M","$","M","$","E"],"items_purchased_type":["Card","Card"],"build_version":"2020-12-22","purchased_purges":2,"victory":false,"max_hp_per_floor":[68,68,68,68,68,68,75,75,75,75,75,75,75,75,75,75,75,75,75,75,75,75,75,75],"relic_stats":{"counters":[12,34],"Pen Nib":[4],"Black Star":0,"obtain_stats":[{"Strawberry":7,"Pen Nib":9,"Black Star":17,"PureWater":0,"Mercury Hourglass":2},{"Strawberry":4,"Pen Nib":4,"Black Star":8,"PureWater":0,"Mercury Hourglass":1},{"Strawberry":10,"Pen Nib":10,"Black Star":24,"PureWater":0,"Mercury Hourglass":2}],"Mercury Hourglass":[111]},"card_choices":[{"not_picked":["JustLucky","Halt"],"picked":"SandsOfTime","floor":1.0},{"not_picked":["ReachHeaven","FollowUp"],"picked":"Tantrum","floor":3.0},{"not_picked":["Perseverance","BowlingBash","FollowUp"],"picked":"SKIP","floor":4.0},{"not_picked":["Crescendo","ClearTheMind","CarveReality"],"picked":"SKIP","floor":7.0},{"not_picked":["DeceiveReality","Indignation","LikeWater"],"picked":"SKIP","floor":10.0},{"not_picked":["ThirdEye","Consecrate","CutThroughFate"],"picked":"SKIP","floor":11.0},{"not_picked":["Prostrate","Indignation","LikeWater"],"picked":"SKIP","floor":12.0},{"not_picked":["Wireheading","Evaluate","Nirvana"],"picked":"SKIP","floor":18.0},{"not_picked":["FollowUp","Evaluate"],"picked":"Adaptation","floor":19},{"not_picked":["BowlingBash+1","Consecrate","CutThroughFate+1"],"picked":"SKIP","floor":21}],"player_experience":940203,"relics_obtained":[{"floor":2.0,"key":"Mercury Hourglass"},{"floor":7.0,"key":"Strawberry"},{"floor":9.0,"key":"Pen Nib"}],"event_choices":[{"cards_removed":["Defend_P"],"damage_healed":0.0,"max_hp_gain":0.0,"max_hp_loss":0.0,"gold_gain":0.0,"event_name":"Golden Wing","player_choice":"Card Removal","floor":14.0,"gold_loss":0.0,"damage_taken":7.0}],"is_beta":false,"boss_relics":[{"not_picked":["SlaversCollar","Tiny House"],"picked":"Black Star"}],"items_purged_floors":[5,22],"is_endless":false,"potions_floor_spawned":[4,7,12],"killed_by":"Slavers","ascension_level":20}}