{"host":"t7pj92rmddqyxjfj","time":1609985455,"event":{"mods":["AchievementEnabler","Bard","BaseMod","Colored Map","Colored Powertips","Duelist Mod","Hermit","Minty Spire (QoL Compilation)","StSLib","SuperFastMode"],"gold_per_floor":[119,131,147,147,147,147,181,181,181,200,200,125,139,15,15,118,118,130,130,5,5,23,23,23,55,55,74,86,86,100,100,100,100,100],"floor_reached":33,"playtime":974,"items_purged":["Strike_B","Defend_B","Strike_B"],"score":265,"play_id":"75d75dfc-057a-4ce3-9147-d4d5d0b89f7e","local_time":"20210106191055","is_ascension_mode":false,"campfire_choices":[{"floor":6,"key":"REST"},{"floor":8,"key":"REST"},{"floor":11,"key":"RECALL"},{"data":"Lockon","floor":15,"key":"SMITH"},{"data":"Zap","floor":23,"key":"SMITH"},{"floor":29,"key":"REST"},{"floor":32,"key":"REST"}],"circlet_count":0,"master_deck":["Defend_B","Defend_B","Defend_B","Zap+1","Dualcast","Leap","Ball Lightning","Ball Lightning","Lockon+1","Ball Lightning","Conserve Battery","Thunder Strike","Leap"],"relics":["Cracked Core","Turnip","Regal Pillow","Nuclear Battery","Singing Bowl","Gremlin Horn"],"acts_visited":["Exordium","TheCity"],"potions_floor_usage":[25,25,28,33,33],"damage_taken":[{"damage":1,"enemies":"Cultist","floor":1,"turns":3},{"damage":8,"enemies":"Jaw Worm","floor":2,"turns":4},{"damage":5,"enemies":"Small Slimes","floor":3,"turns":2},{"damage":26,"enemies":"Lagavulin","floor":7,"turns":4},{"damage":6,"enemies":"Exordium Wildlife","floor":10,"turns":3},{"damage":2,"enemies":"Large Slime","floor":13,"turns":3},{"damage":23,"enemies":"Slime Boss","floor":16,"turns":7},{"damage":13,"enemies":"3 Byrds","floor":18,"turns":4},{"damage":0,"enemies":"Spheric Guardian","floor":22,"turns":3},{"damage":25,"enemies":"Slavers","floor":25,"turns":4},{"damage":27,"enemies":"Centurion and Healer","floor":27,"turns":5},{"damage":0,"enemies":"Chosen and Byrds","floor":28,"turns":3},{"damage":16,"enemies":"Snecko","floor":30,"turns":4},{"damage":78,"enemies":"Automaton","floor":33,"turns":6}],"seed_played":"-2398227832668121800","potions_obtained":[{"floor":3,"key":"Strength Potion"},{"floor":7,"key":"GamblersBrew"},{"floor":16,"key":"Swift Potion"},{"floor":22,"key":"Weak Potion"},{"floor":25,"key":"SneckoOil"},{"floor":30,"key":"AttackPotion"}],"is_trial":false,"path_per_floor":["M","M","M","?","T","R","E","R","T","M","R","$","M","$","R","B",null,"M","?","$","?","M","R","?","E","T","M","M","R","M","?","R","B"],"character_chosen":"DEFECT","items_purchased":["Conserve Battery"],"campfire_rested":4,"item_purchase_floors":[14],"current_hp_per_floor":[74,66,61,54,54,75,49,75,75,69,69,69,67,67,67,44,75,62,75,75,75,75,75,75,52,52,25,27,65,51,36,76,0,0],"gold":100,"neow_bonus":"REMOVE_CARD","is_daily":false,"chose_seed":false,"campfire_upgraded":2,"win_rate":0.0,"timestamp":1609985455,"path_taken":["M","?","M","?","?","R","E","R","T","M","R","$","?","$","R","BOSS","M","?","$","?","M","R","?","E","T","?","M","R","M","?","R","BOSS"],"items_purchased_type":["Card"],"build_version":"2020-12-22","purchased_purges":3,"victory":false,"max_hp_per_floor":[75,75,75,75,75,75,75,75,75,75,75,75,75,75,75,75,75,75,75,75,75,75,75,75,77,77,77,79,79,81,86,86,86,86],"card_choices":[{"not_picked":["Sweeping Beam","Undo"],"picked":"Leap","floor":1},{"not_picked":["Redo","Sweeping Beam"],"picked":"Ball Lightning","floor":2},{"not_picked":["Hologram","Barrage"],"picked":"Ball Lightning","floor":3},{"not_picked":["Compile Driver","Darkness"],"picked":"Lockon","floor":7},{"not_picked":["Cold Snap","Chaos"],"picked":"Ball Lightning","floor":10},{"not_picked":["Self Repair","Beam Cell","Gash"],"picked":"SKIP","floor":13},{"not_picked":["Core Surge","Fission"],"picked":"Thunder Strike","floor":16},{"not_picked":["Steam","Cold Snap","Go for the Eyes"],"picked":"SKIP","floor":18},{"not_picked":["Barrage","Sweeping Beam","Glacier"],"picked":"SKIP","floor":22},{"not_picked":["Turbo","Cold Snap","Rebound"],"picked":"Singing Bowl","floor":25},{"not_picked":["Reinforced Body+1","Force Field"],"picked":"Leap","floor":27},{"not_picked":["Skim","Self Repair","Hyperbeam"],"picked":"Singing Bowl","floor":28},{"not_picked":["Leap","Ball Lightning","Doom and Gloom+1"],"picked":"Singing Bowl","floor":30}],"player_experience":510757,"relics_obtained":[{"floor":5,"key":"Turnip"},{"floor":7,"key":"Regal Pillow"},{"floor":25,"key":"Singing Bowl"},{"floor":26,"key":"Gremlin Horn"}],"event_choices":[{"cards_removed":["Strike_B"],"damage_healed":0,"gold_gain":0,"player_choice":"Card Removal","damage_taken":7,"max_hp_gain":0,"max_hp_loss":0,"event_name":"Golden Wing","floor":4,"gold_loss":0},{"damage_healed":25,"gold_gain":0,"player_choice":"Heal","damage_taken":0,"max_hp_gain":0,"max_hp_loss":0,"event_name":"The Library","floor":19,"gold_loss":0},{"damage_healed":0,"gold_gain":0,"player_choice":"Ignored","damage_taken":0,"max_hp_gain":0,"max_hp_loss":0,"event_name":"NoteForYourself","floor":24,"gold_loss":0},{"damage_healed":0,"gold_gain":0,"player_choice":"Shed Blood","damage_taken":20,"max_hp_gain":5,"max_hp_loss":0,"event_name":"Forgotten Altar","floor":31,"gold_loss":0}],"is_beta":false,"boss_relics":[{"not_picked":["Astrolabe","Calling Bell"],"picked":"Nuclear Battery"}],"items_purged_floors":[12,14,20],"is_endless":false,"potions_floor_spawned":[3,7,16,22,25,30],"killed_by":"Automaton","ascension_level":0}}