{"host":"lv7etzzgwahaenh9","time":1609983401,"event":{"mods":["AchievementEnabler","BaseMod","Colored Map","Colored Powertips","Minty Spire (QoL Compilation)","Quick Restart","Random Character Button","StSLib"],"gold_per_floor":[18,33,52,65,65,94,94,129,129,149,149,149,176,191,191,191,191],"floor_reached":16,"playtime":2187,"items_purged":[],"score":165,"play_id":"bc9c98af-aea4-43a5-a37e-227c9ea47963","local_time":"20210106173641","is_ascension_mode":true,"campfire_choices":[{"data":"Searing Blow","floor":7.0,"key":"SMITH"},{"data":"Searing Blow+1","floor":12,"key":"SMITH"},{"data":"Searing Blow+2","floor":15,"key":"SMITH"}],"circlet_count":0,"master_deck":["Strike_R","Strike_R","Strike_R","Strike_R","Strike_R+1","Defend_R","Defend_R","Defend_R","Bash","Entrench","Headbutt","Power Through","Armaments","Armaments","Searing Blow+3","Armaments+1","Battle Trance","Offering"],"relics":["Burning Blood","Ice Cream","Strawberry","Question Card","Matryoshka","The Courier"],"acts_visited":[],"potions_floor_usage":[16],"damage_taken":[{"damage":1.0,"enemies":"Cultist","floor":1.0,"turns":3.0},{"damage":4.0,"enemies":"Jaw Worm","floor":2.0,"turns":6.0},{"damage":0.0,"enemies":"Small Slimes","floor":3.0,"turns":4.0},{"damage":2.0,"enemies":"Looter","floor":4.0,"turns":5.0},{"damage":20.0,"enemies":"3 Sentries","floor":6.0,"turns":7.0},{"damage":15,"enemies":"Lagavulin","floor":8,"turns":6},{"damage":0,"enemies":"Large Slime","floor":10,"turns":7},{"damage":19,"enemies":"Gremlin Nob","floor":13,"turns":4},{"damage":6,"enemies":"Blue Slaver","floor":14,"turns":3},{"damage":64,"enemies":"The Guardian","floor":16,"turns":7}],"seed_played":"-407779070131842044","potions_obtained":[{"floor":1.0,"key":"PowerPotion"},{"floor":3.0,"key":"LiquidBronze"},{"floor":6.0,"key":"Explosive Potion"},{"floor":10,"key":"SpeedPotion"}],"is_trial":false,"path_per_floor":["M","M","M","M","?","E","R","E","T","M","?","R","E","M","R","B"],"character_chosen":"IRONCLAD","items_purchased":[],"campfire_rested":0,"item_purchase_floors":[],"current_hp_per_floor":[77,79,80,80,80,73,73,64,64,70,53,53,40,40,40,0,0],"gold":191,"neow_bonus":"ONE_RARE_RELIC","is_daily":false,"chose_seed":false,"campfire_upgraded":3,"win_rate":0.0,"timestamp":1609983401,"path_taken":["M","M","?","M","?","E","R","E","T","?","?","R","E","M","R","BOSS"],"items_purchased_type":[],"build_version":"2020-12-22","purchased_purges":0,"victory":false,"max_hp_per_floor":[80,80,80,80,80,87,87,87,87,87,87,87,87,87,87,87,87],"card_choices":[{"not_picked":["True Grit","Anger"],"picked":"Entrench","floor":1.0},{"not_picked":["Thunderclap","Seeing Red"],"picked":"Headbutt","floor":2.0},{"not_picked":["Flex","Warcry"],"picked":"Power Through","floor":3.0},{"not_picked":["Heavy Blade","Flame Barrier"],"picked":"Armaments","floor":4.0},{"not_picked":["Carnage","Anger"],"picked":"Searing Blow","floor":6.0},{"not_picked":["Spot Weakness","Blood for Blood"],"picked":"Armaments","floor":8},{"not_picked":["Armaments","Evolve","Wild Strike"],"picked":"Battle Trance","floor":10},{"not_picked":["Reaper","Clothesline","Bloodletting"],"picked":"Offering","floor":13},{"not_picked":["Rage","Sword Boomerang","Body Slam","Headbutt"],"picked":"SKIP","floor":14}],"player_experience":277480,"relics_obtained":[{"floor":6.0,"key":"Strawberry"},{"floor":8,"key":"Question Card"},{"floor":9,"key":"Matryoshka"},{"floor":13,"key":"The Courier"}],"event_choices":[{"damage_healed":0.0,"max_hp_gain":0.0,"max_hp_loss":0.0,"gold_gain":0.0,"cards_transformed":["Defend_R"],"event_name":"Transmorgrifier","player_choice":"Transformed","floor":5.0,"gold_loss":0.0,"damage_taken":0.0,"cards_obtained":["Armaments"]},{"damage_healed":0,"gold_gain":0,"player_choice":"Entered Light","damage_taken":17,"max_hp_gain":0,"max_hp_loss":0,"event_name":"Shining Light","floor":11,"gold_loss":0,"cards_upgraded":["Strike_R","Armaments"]}],"is_beta":false,"boss_relics":[],"items_purged_floors":[],"is_endless":false,"potions_floor_spawned":[1,3,6,10],"killed_by":"The Guardian","ascension_level":7}}