{"host":"i41n6wh529970c2c","time":1609990419,"event":{"mods":["Act Like it!","BaseMod","BetterRewards","Friendly Minions","Gold Saver","Hallownest","Hermit","Minty Spire (QoL Compilation)","Replay The Spire","Shop Mod","StSLib","The Bug Knight"],"gold_per_floor":[113,113,15,15,25,25,53,53,53,81,101,126,52,72,72,176,176,1171,1171],"floor_reached":18,"playtime":842,"items_purged":[],"score":229,"play_id":"2267bf45-4ca4-474c-b8aa-680449fd21b7","local_time":"20210106223339","is_ascension_mode":true,"campfire_choices":[{"data":"HollowMod:HowlingWraiths","floor":6.0,"key":"SMITH"},{"data":"HollowMod:VengefulSpirit","floor":8.0,"key":"SMITH"},{"data":"HollowMod:DesolateDive","floor":15.0,"key":"SMITH"}],"circlet_count":0,"master_deck":["HollowMod:NailStrikeStart","HollowMod:NailStrikeStart","HollowMod:NailStrikeStart","HollowMod:NailStrikeStart","HollowMod:QuickDashStart","HollowMod:QuickDashStart","HollowMod:QuickDashStart","HollowMod:QuickDashStart","HollowMod:FocusHealStart","HollowMod:PogoStrike","HollowMod:HowlingWraiths+1","Flash of Steel","HollowMod:FallenFury","HollowMod:VengefulSpirit+1","HollowMod:HuntersJournal+1","HollowMod:DesolateDive+1","HollowMod:Grubsong","HollowMod:SoulSplash+1","HollowMod:ChannelNail+1","HollowMod:MonarchWings+1","HollowMod:LifebloodCore+1"],"relics":["HollowMod:VesselMask","NeowsBlessing","Mango","Happy Flower","HollowMod:PaleOreRelic","Toxic Egg 2","Bag of Marbles","Cursed Key"],"acts_visited":[],"potions_floor_usage":[],"damage_taken":[{"damage":0.0,"enemies":"Hallownest:2_Baldur","floor":1.0,"turns":1.0},{"damage":0.0,"enemies":"2_ Uuma","floor":5.0,"turns":1.0},{"damage":0.0,"enemies":"Hallownest:eliteVengeflyKing","floor":7.0,"turns":1.0},{"damage":17.0,"enemies":"Hallownest:eliteMossKnight","floor":10.0,"turns":5.0},{"damage":0.0,"enemies":"Hallownest:2_MossCreeps","floor":11.0,"turns":3.0},{"damage":5.0,"enemies":"Hallownest:eliteVengeflyKing","floor":12.0,"turns":2.0},{"damage":0.0,"enemies":"Hallownest:1_Baldur_1_Crawlid_1_Warrior","floor":14.0,"turns":3.0},{"damage":58.0,"enemies":"Hallownest:BossHornet","floor":16.0,"turns":8.0},{"damage":0,"enemies":"Hallownest:Guard_and_Sentry","floor":18,"turns":1}],"seed_played":"-6460325411618038878","potions_obtained":[{"floor":1.0,"key":"BlessingOfTheForge"},{"floor":10.0,"key":"BlessingOfTheForge"},{"floor":14.0,"key":"Energy Potion"},{"floor":16.0,"key":"Fire Potion"}],"is_trial":false,"path_per_floor":["M","T","$","?","M","R","E","R","T","E","M","E","$","M","R","B",null,"M"],"character_chosen":"THE_BUGKNIGHT","items_purchased":["Flash of Steel","HollowMod:SoulSplash+1","HollowMod:ChannelNail+1"],"campfire_rested":0,"item_purchase_floors":[3,13,13],"current_hp_per_floor":[75,89,89,89,89,89,89,89,89,72,72,67,67,67,67,15,89,89,89],"gold":1171,"neow_bonus":"THREE_ENEMY_KILL","is_daily":false,"chose_seed":false,"campfire_upgraded":3,"win_rate":0.0,"timestamp":1609990419,"path_taken":["M","?","$","?","M","R","E","R","T","E","M","E","?","M","R","BOSS","M"],"items_purchased_type":["Card","Card","Card"],"build_version":"2020-12-22","purchased_purges":0,"victory":false,"max_hp_per_floor":[75,89,89,89,89,89,89,89,89,89,89,89,89,89,89,89,89,89,89],"card_choices":[{"not_picked":["HollowMod:CornifersMapStart","HollowMod:NewLittleFool"],"picked":"HollowMod:HowlingWraiths","floor":1.0},{"not_picked":["HollowMod:InfectedAttack","HollowMod:DungDefenderAura"],"picked":"HollowMod:FallenFury","floor":5.0},{"not_picked":["HollowMod:DoubleDash","HollowMod:InfectedCysts"],"picked":"HollowMod:VengefulSpirit","floor":7.0},{"not_picked":["HollowMod:DashSlash","HollowMod:SoulSplash+1"],"picked":"HollowMod:HuntersJournal+1","floor":10.0},{"not_picked":["HollowMod:DreamGate+1","HollowMod:InfectedAttack"],"picked":"HollowMod:DesolateDive","floor":11.0},{"not_picked":["HollowMod:ShadowDash+1","HollowMod:RecoilStrike"],"picked":"HollowMod:Grubsong","floor":12.0},{"not_picked":["HollowMod:ShadowDash+1","HollowMod:SharpenedNail"],"picked":"HollowMod:MonarchWings+1","floor":14.0},{"not_picked":["HollowMod:Hiveblood+1","HollowMod:Weaversong"],"picked":"HollowMod:LifebloodCore+1","floor":16.0}],"player_experience":928845,"relics_obtained":[{"floor":2.0,"key":"Mango"},{"floor":7.0,"key":"Happy Flower"},{"floor":9.0,"key":"HollowMod:PaleOreRelic"},{"floor":10.0,"key":"Toxic Egg 2"},{"floor":12.0,"key":"Bag of Marbles"}],"event_choices":[],"is_beta":false,"boss_relics":[{"not_picked":["Fusion Hammer","Runic Dome"],"picked":"Cursed Key"}],"items_purged_floors":[],"is_endless":false,"potions_floor_spawned":[1,10,14,16],"killed_by":"Hallownest:Guard_and_Sentry","ascension_level":3}}