{"host":"u7lm8z2rvb4dg2oo","time":1609991424,"event":{"mods":["AchievementEnabler","BaseMod","Colored Map","Colored Powertips","Curses Come First","Googly Eyes","Highlight Path","Minty Spire (QoL Compilation)","Quick Restart","StSLib"],"gold_per_floor":[117,132,145,159,11,11,31,42,42,42,53,53,53,4,4,4,4],"floor_reached":16,"playtime":604,"items_purged":[],"score":146,"play_id":"c9e9be13-28bc-4fdd-890e-a17f386fb6ea","local_time":"20210106225024","is_ascension_mode":true,"campfire_choices":[{"data":"ForeignInfluence","floor":6.0,"key":"SMITH"},{"data":"Eruption","floor":10.0,"key":"SMITH"},{"data":"PathToVictory","floor":15.0,"key":"SMITH"}],"circlet_count":0,"master_deck":["AscendersBane","Strike_P","Strike_P","Strike_P","Defend_P","Defend_P","Defend_P","Defend_P","Eruption+1","Vigilance","SashWhip","Prostrate","Conclude","ForeignInfluence+1","Regret","PathToVictory+1"],"relics":["PureWater","Strange Spoon","GoldenEye","Golden Idol","Sundial"],"acts_visited":["Exordium"],"potions_floor_usage":[16],"damage_taken":[{"damage":0.0,"enemies":"Small Slimes","floor":1.0,"turns":3.0},{"damage":0.0,"enemies":"Jaw Worm","floor":2.0,"turns":3.0},{"damage":0.0,"enemies":"2 Louse","floor":3.0,"turns":2.0},{"damage":2.0,"enemies":"2 Fungi Beasts","floor":4.0,"turns":2.0},{"damage":1.0,"enemies":"Blue Slaver","floor":7.0,"turns":2.0},{"damage":0.0,"enemies":"3 Louse","floor":8.0,"turns":2.0},{"damage":0.0,"enemies":"Exordium Thugs","floor":11.0,"turns":2.0},{"damage":47,"enemies":"The Guardian","floor":16,"turns":5}],"seed_played":"2317223432401551622","potions_obtained":[{"floor":2.0,"key":"ColorlessPotion"},{"floor":3.0,"key":"AttackPotion"},{"floor":8.0,"key":"GamblersBrew"}],"is_trial":false,"path_per_floor":["M","M","M","M","$","R","M","M","T","R","M","?","?","$","R","B"],"character_chosen":"WATCHER","items_purchased":["Strange Spoon","PathToVictory"],"campfire_rested":0,"item_purchase_floors":[5,14],"current_hp_per_floor":[65,65,65,63,63,63,62,62,62,62,62,44,44,44,44,0,0],"gold":4,"neow_bonus":"TRANSFORM_CARD","is_daily":false,"chose_seed":false,"campfire_upgraded":3,"win_rate":0.0,"timestamp":1609991424,"path_taken":["M","M","M","M","$","R","M","M","T","R","M","?","?","$","R","BOSS"],"items_purchased_type":["Relic","Card"],"build_version":"2020-12-22","purchased_purges":0,"victory":false,"max_hp_per_floor":[72,72,72,72,72,72,72,72,72,72,72,72,72,72,72,72,72],"card_choices":[{"not_picked":["PathToVictory","WaveOfTheHand"],"picked":"Prostrate","floor":1.0},{"not_picked":["JustLucky","FlyingSleeves"],"picked":"Conclude","floor":2.0},{"not_picked":["Weave","SignatureMove"],"picked":"ForeignInfluence","floor":3.0},{"not_picked":["PathToVictory","Evaluate","ThirdEye"],"picked":"SKIP","floor":4.0},{"not_picked":["FlurryOfBlows","Evaluate","BowlingBash"],"picked":"SKIP","floor":7.0},{"not_picked":["FollowUp","Crescendo","WreathOfFlame"],"picked":"SKIP","floor":8.0},{"not_picked":["ConjureBlade","Consecrate","FlyingSleeves"],"picked":"SKIP","floor":11.0}],"player_experience":1101456,"relics_obtained":[{"floor":9.0,"key":"GoldenEye"}],"event_choices":[{"damage_healed":0.0,"max_hp_gain":0.0,"max_hp_loss":0.0,"gold_gain":0.0,"event_name":"Golden Idol","player_choice":"Take Damage","floor":12.0,"gold_loss":0.0,"damage_taken":18.0,"relics_obtained":["Golden Idol"]},{"damage_healed":0.0,"max_hp_gain":0.0,"max_hp_loss":0.0,"gold_gain":0.0,"event_name":"Big Fish","player_choice":"Box","floor":13.0,"gold_loss":0.0,"damage_taken":0.0,"relics_obtained":["Sundial"],"cards_obtained":["Regret"]}],"is_beta":false,"boss_relics":[],"items_purged_floors":[],"is_endless":false,"potions_floor_spawned":[2,3,8],"killed_by":"The Guardian","ascension_level":11}}