{"host":"7zdktqb5xjtif29d","time":1609988203,"event":{"mods":["AchievementEnabler","BaseMod","Colored Map","Colored Powertips","Highlight Path","Minty Spire (QoL Compilation)","Rare Cards Sparkle","SuperFastMode","Waifu the Spire","everything is the same but u backflip on backflip"],"gold_per_floor":[110,126,142,161,161,191,191,224,303,303,333,353,353,371,371,497,497,521,534,557,757,291,291,291],"floor_reached":23,"playtime":1163,"items_purged":[],"score":259,"play_id":"969a89bb-7d64-4f7e-a5dd-99113e06c95e","local_time":"20210107025643","is_ascension_mode":true,"campfire_choices":[{"floor":7,"key":"REST"},{"floor":15,"key":"REST"}],"circlet_count":0,"master_deck":["Strike_G","Strike_G","Strike_G","Strike_G","Strike_G","Defend_G","Defend_G","Defend_G","Defend_G","Defend_G","Survivor","Neutralize","Cloak And Dagger","Flying Knee","Sucker Punch","Corpse Explosion","Backflip","Blur","Adrenaline","Injury","Envenom","Flechettes+1","Poisoned Stab+1","Backflip+1","Magnetism","Infinite Blades","Noxious Fumes"],"relics":["Ring of the Snake","Mango","TungstenRod","The Courier","Oddly Smooth Stone","Golden Idol","Black Star","Bottled Lightning"],"acts_visited":["Exordium","TheCity"],"potions_floor_usage":[8,8,12,18,19,20],"damage_taken":[{"damage":4,"enemies":"Small Slimes","floor":1,"turns":3},{"damage":0,"enemies":"Cultist","floor":2,"turns":5},{"damage":0,"enemies":"2 Louse","floor":3,"turns":4},{"damage":4,"enemies":"Large Slime","floor":4,"turns":7},{"damage":40,"enemies":"Lagavulin","floor":6,"turns":11},{"damage":27,"enemies":"Gremlin Nob","floor":8,"turns":5},{"damage":23,"enemies":"Lagavulin","floor":11,"turns":7},{"damage":2,"enemies":"Lots of Slimes","floor":12,"turns":3},{"damage":0,"enemies":"Looter","floor":14,"turns":2},{"damage":31,"enemies":"The Guardian","floor":16,"turns":18},{"damage":22,"enemies":"2 Thieves","floor":18,"turns":4},{"damage":0,"enemies":"3 Byrds","floor":19,"turns":3},{"damage":42,"enemies":"Snake Plant","floor":20,"turns":7},{"damage":27,"enemies":"Gremlin Leader","floor":23,"turns":2}],"seed_played":"1142003797552574745","potions_obtained":[{"floor":2,"key":"Energy Potion"},{"floor":6,"key":"Weak Potion"},{"floor":11,"key":"LiquidMemories"},{"floor":16,"key":"PowerPotion"},{"floor":18,"key":"Poison Potion"},{"floor":19,"key":"Swift Potion"}],"is_trial":false,"path_per_floor":["M","M","M","M","?","E","R","E","T","?","E","M","?","M","R","B",null,"M","M","M","?","$","E"],"character_chosen":"THE_SILENT","items_purchased":["Magnetism","Bottled Lightning","Infinite Blades","Noxious Fumes"],"campfire_rested":2,"item_purchase_floors":[22,22,22,22],"current_hp_per_floor":[73,73,73,69,69,43,70,43,43,43,20,18,18,18,45,14,91,69,69,27,27,27,0,0],"gold":291,"neow_bonus":"TEN_PERCENT_HP_BONUS","is_daily":false,"chose_seed":false,"campfire_upgraded":0,"win_rate":0.0,"timestamp":1609988203,"path_taken":["M","M","M","M","?","E","R","E","T","?","E","?","?","M","R","BOSS","M","M","M","?","$","E"],"items_purchased_type":["Card","Relic","Card","Card"],"build_version":"2020-12-22","purchased_purges":0,"victory":false,"max_hp_per_floor":[77,77,77,77,77,91,91,91,91,91,91,91,91,91,91,91,91,91,91,91,91,91,91,91],"card_choices":[{"not_picked":["Slice","Distraction"],"picked":"Cloak And Dagger","floor":1},{"not_picked":["Dagger Spray","Dagger Throw","Distraction"],"picked":"SKIP","floor":2},{"not_picked":["Dodge and Roll","Quick Slash"],"picked":"Flying Knee","floor":3},{"not_picked":["Catalyst","Flechettes"],"picked":"Venomology","floor":4},{"not_picked":["Deadly Poison","Quick Slash"],"picked":"Corpse Explosion","floor":6},{"not_picked":["Sucker Punch","Bane"],"picked":"Backflip","floor":8},{"not_picked":["Riddle With Holes","Predator"],"picked":"Blur","floor":11},{"not_picked":["Underhanded Strike","Blade Dance"],"picked":"Adrenaline","floor":12},{"not_picked":["Prepared","Dagger Spray","Deadly Poison"],"picked":"SKIP","floor":14},{"not_picked":["Tools of the Trade","Phantasmal Killer"],"picked":"Envenom","floor":16},{"not_picked":["Leg Sweep","Flying Knee"],"picked":"Flechettes+1","floor":18},{"not_picked":["Setup","Deflect"],"picked":"Poisoned Stab+1","floor":19},{"not_picked":["Sucker Punch","Predator"],"picked":"Backflip+1","floor":20}],"player_experience":198354,"relics_obtained":[{"floor":6,"key":"Mango"},{"floor":8,"key":"TungstenRod"},{"floor":9,"key":"The Courier"},{"floor":11,"key":"Oddly Smooth Stone"}],"event_choices":[{"damage_healed":0,"gold_gain":0,"cards_transformed":["Venomology"],"player_choice":"Change","damage_taken":0,"max_hp_gain":0,"max_hp_loss":0,"event_name":"Living Wall","floor":5,"gold_loss":0,"cards_obtained":["Sucker Punch"]},{"damage_healed":0,"gold_gain":0,"player_choice":"Bought 0 Potions","damage_taken":0,"max_hp_gain":0,"max_hp_loss":0,"event_name":"The Woman in Blue","floor":10,"gold_loss":0},{"damage_healed":0,"gold_gain":0,"player_choice":"Take Wound","damage_taken":0,"relics_obtained":["Golden Idol"],"max_hp_gain":0,"max_hp_loss":0,"event_name":"Golden Idol","floor":13,"gold_loss":0,"cards_obtained":["Injury"]},{"damage_healed":0,"gold_gain":200,"player_choice":"Gold","damage_taken":0,"max_hp_gain":0,"max_hp_loss":0,"event_name":"Wheel of Change","floor":21,"gold_loss":0}],"is_beta":false,"boss_relics":[{"not_picked":["Snecko Eye","Fusion Hammer"],"picked":"Black Star"}],"items_purged_floors":[],"is_endless":false,"potions_floor_spawned":[2,6,11,16,18,19],"killed_by":"Gremlin Leader","ascension_level":2}}