{"host":"ds1yr10zonoc6w4a","time":1609978687,"event":{"mods":["BaseMod","Better Match","Better Third Choice","BetterRewards","Minty Spire (QoL Compilation)","StSLib","The Animator"],"gold_per_floor":[116,131,131,31,0,0,0,14,14,14,38,38,50,64,64,64,64],"floor_reached":16,"playtime":1504,"items_purged":["animator:Strike","animator:Strike"],"score":288,"play_id":"28f44692-261a-49cc-b97c-a4cb0df7c372","local_time":"20210106171807","is_ascension_mode":true,"campfire_choices":[{"data":"animator:Aisha","floor":6,"key":"SMITH"},{"data":"Enlightenment","floor":12,"key":"SMITH"},{"data":"animator:Hibiki","floor":15,"key":"SMITH"}],"circlet_count":0,"master_deck":["AscendersBane","animator:Strike_Fate","animator:Defend_Fate","animator:Strike","animator:Defend","animator:Defend","animator:Defend","animator:Alexander","animator:Rider","animator:Hibiki+1","animator:AcuraTooru","animator:Aisha+1","Enlightenment+1","animator:Benimaru","animator:ShinjiMatou","animator:Kyubey","animator:Entoma+1"],"relics":["animator:LivingPicture","animator:TheMissingPiece","animator:PurgingStone","Pear","TheAbacus","Mummified Hand","Molten Egg 2"],"acts_visited":["Exordium"],"potions_floor_usage":[13,16],"damage_taken":[{"damage":0,"enemies":"2 Louse","floor":1,"turns":3},{"damage":0,"enemies":"Cultist","floor":2,"turns":4},{"damage":2,"enemies":"Jaw Worm","floor":8,"turns":4},{"damage":6,"enemies":"Looter","floor":11,"turns":3},{"damage":0,"enemies":"2 Fungi Beasts","floor":13,"turns":2},{"damage":8,"enemies":"Blue Slaver","floor":14,"turns":3},{"damage":93,"enemies":"Slime Boss","floor":16,"turns":10}],"seed_played":"-8887255635848445304","potions_obtained":[{"floor":7,"key":"Ancient Potion"},{"floor":7,"key":"FairyPotion"},{"floor":11,"key":"AttackPotion"},{"floor":13,"key":"SkillPotion"}],"is_trial":false,"path_per_floor":["M","M","?","$","?","R","?","M","T","T","M","R","M","M","R","B"],"character_chosen":"THE_ANIMATOR","items_purchased":["Pear","TheAbacus"],"campfire_rested":0,"item_purchase_floors":[0,0],"current_hp_per_floor":[64,64,69,69,75,75,75,73,73,73,67,67,67,59,59,0,0],"gold":64,"neow_bonus":"","is_daily":false,"chose_seed":false,"campfire_upgraded":3,"win_rate":0.0,"timestamp":1609978687,"path_taken":["M","M","?","$","?","R","?","?","T","?","M","R","M","M","R","BOSS"],"items_purchased_type":["Relic","Relic"],"build_version":"2020-12-22","purchased_purges":2,"victory":false,"max_hp_per_floor":[70,70,75,75,81,81,81,81,81,81,81,81,81,81,81,81,81],"card_choices":[{"not_picked":["animator:Fredrika","animator:Viivi"],"picked":"animator:AcuraTooru","floor":1},{"not_picked":["animator:NagisaMomoe","animator:YuiTsuruno"],"picked":"animator:Aisha","floor":2},{"not_picked":["animator:Kaijin","animator:Witch"],"picked":"animator:Benimaru","floor":8},{"not_picked":["animator:SakuraMatou","animator:Assassin+1"],"picked":"animator:ShinjiMatou","floor":11},{"not_picked":["animator:NagisaMomoe","animator:Sloth+1"],"picked":"animator:Kyubey","floor":13},{"not_picked":["animator:Kazuma","animator:AcuraTooru+1"],"picked":"animator:Entoma+1","floor":14}],"player_experience":657418,"relics_obtained":[{"floor":9,"key":"Mummified Hand"},{"floor":10,"key":"Molten Egg 2"}],"event_choices":[{"damage_healed":0,"gold_gain":0,"player_choice":"Donut","damage_taken":0,"max_hp_gain":5,"max_hp_loss":0,"event_name":"Big Fish","floor":3,"gold_loss":0},{"damage_healed":0,"gold_gain":0,"player_choice":"RENOUNCE","damage_taken":31,"max_hp_gain":0,"max_hp_loss":0,"event_name":"betterThird:BetterSerpent","floor":5,"gold_loss":31,"cards_obtained":["Enlightenment"]},{"damage_healed":0,"gold_gain":0,"player_choice":"Got Potions","damage_taken":0,"max_hp_gain":0,"max_hp_loss":0,"event_name":"Lab","floor":7,"gold_loss":0}],"is_beta":false,"boss_relics":[],"items_purged_floors":[0,4],"is_endless":false,"potions_floor_spawned":[11,13,14],"killed_by":"Slime Boss","ascension_level":17}}