{"host":"51mqhfpmwwd4kxyt","time":1609994472,"event":{"mods":["BaseMod","Downfall","Googly Eyes","Highlight Path","Minty Spire (QoL Compilation)","READ ME - Guardian Mod","StSLib","The Cursed","The Servant 0.9.4"],"gold_per_floor":[11,286,303,149,162,162,176,176,201,201,219,232,232,250,250,348,648,630,649,285,285,185,215,226,242,242,242,242,287,386,311,311,406,456,476,476,476,476],"floor_reached":37,"playtime":2976,"items_purged":["Regret","Strike_P"],"score":406,"play_id":"c4e65129-413a-47a5-aa60-a680ccc70f64","local_time":"20210106234112","is_ascension_mode":false,"campfire_choices":[{"data":"expansioncontent:StudyTheSpire","floor":6,"key":"SMITH"},{"data":"ForeignInfluence","floor":8,"key":"SMITH"},{"floor":15,"key":"REST"},{"floor":27,"key":"REST"},{"floor":32,"key":"REST"}],"circlet_count":0,"master_deck":["Strike_P","Defend_P","Defend_P","Defend_P","Defend_P","Eruption","Vigilance","expansioncontent:StudyTheSpire+1","BattleHymn","ForeignInfluence+1","InnerPeace","Scrawl","EmptyFist","LikeWater","Protect","LikeWater","DevaForm","Fasting2","Fasting2+1","ClearTheMind","Wireheading+1","Wish","Evaluate","Vault","DeceiveReality+1","ForeignInfluence+1","Madness","Madness"],"relics":["PureWater","Omamori","MealTicket","Calling Bell","Happy Flower","Singing Bowl","Old Coin","Frozen Egg 2","Anchor","Bottled Lightning","Kunai","Tiny House"],"acts_visited":["Exordium","TheCity","TheBeyond"],"potions_floor_usage":[18,23,25,28,35,37],"damage_taken":[{"damage":2,"enemies":"2 Louse","floor":1,"turns":3},{"damage":7,"enemies":"Cultist","floor":3,"turns":4},{"damage":3,"enemies":"Small Slimes","floor":5,"turns":3},{"damage":8,"enemies":"Red Slaver","floor":7,"turns":3},{"damage":8,"enemies":"2 Fungi Beasts","floor":11,"turns":3},{"damage":14,"enemies":"Looter","floor":12,"turns":3},{"damage":2,"enemies":"Blue Slaver","floor":14,"turns":3},{"damage":42,"enemies":"The Guardian","floor":16,"turns":9},{"damage":24,"enemies":"2 Thieves","floor":18,"turns":4},{"damage":5,"enemies":"Shell Parasite","floor":19,"turns":6},{"damage":14,"enemies":"Gremlin Leader","floor":23,"turns":4},{"damage":4,"enemies":"Chosen and Byrds","floor":24,"turns":8},{"damage":30,"enemies":"3 Cultists","floor":25,"turns":6},{"damage":40,"enemies":"Colosseum Slavers","floor":28,"turns":5},{"damage":8,"enemies":"Snecko","floor":29,"turns":7},{"damage":26,"enemies":"Collector","floor":33,"turns":8},{"damage":21,"enemies":"3 Darklings","floor":35,"turns":11},{"damage":85,"enemies":"2 Orb Walkers","floor":37,"turns":6}],"seed_played":"-5080024127058245835","potions_obtained":[{"floor":1,"key":"Energy Potion"},{"floor":14,"key":"Slimebound:ThreeZeroPotion"},{"floor":16,"key":"Guardian:BlockOnCardUsePotion"},{"floor":23,"key":"PowerPotion"},{"floor":25,"key":"Fire Potion"},{"floor":34,"key":"sneckomod:MuddlingPotion"},{"floor":35,"key":"Energy Potion"}],"is_trial":false,"path_per_floor":["M","?","M","$","M","R","M","R","T","?","M","M","?","M","R","B",null,"M","M","$","?","$","E","M","M","T","R","?","M","?","?","R","B",null,"M","?","?"],"character_chosen":"WATCHER","items_purchased":["InnerPeace","ClearTheMind","Frozen Egg 2","Wireheading+1"],"campfire_rested":3,"item_purchase_floors":[4,20,20,20],"current_hp_per_floor":[70,70,63,63,60,60,52,52,52,52,44,30,30,28,49,17,72,48,43,58,58,72,58,54,26,26,48,23,17,17,17,39,13,81,60,50,0,0],"gold":476,"neow_bonus":"RANDOM_COLORLESS_2","is_daily":false,"chose_seed":false,"campfire_upgraded":2,"win_rate":0.0,"timestamp":1609994472,"path_taken":["M","?","M","$","M","R","?","R","T","?","?","M","?","M","R","BOSS","M","M","$","?","$","E","M","M","T","R","?","M","?","?","R","BOSS","M","?","?"],"items_purchased_type":["Card","Card","Relic","Card"],"build_version":"2020-12-22","purchased_purges":2,"victory":false,"max_hp_per_floor":[72,72,72,72,72,72,72,72,72,72,72,72,72,72,72,72,72,72,72,72,72,72,72,72,74,74,74,74,76,76,76,76,76,81,81,81,81,81],"card_choices":[{"not_picked":["Secret Technique","Mayhem"],"picked":"expansioncontent:StudyTheSpire","floor":0},{"not_picked":["PathToVictory","FlurryOfBlows"],"picked":"BattleHymn","floor":1},{"not_picked":["FollowUp","ReachHeaven"],"picked":"ForeignInfluence","floor":3},{"not_picked":["Sanctity","ThirdEye"],"picked":"Scrawl","floor":5},{"not_picked":["Wallop","ClearTheMind"],"picked":"EmptyFist","floor":7},{"not_picked":["CutThroughFate","ThirdEye"],"picked":"LikeWater","floor":11},{"not_picked":["CarveReality","PathToVictory"],"picked":"Protect","floor":12},{"not_picked":["WreathOfFlame","MentalFortress"],"picked":"LikeWater","floor":14},{"not_picked":["Wish","Establishment"],"picked":"DevaForm","floor":16},{"not_picked":["Collect","FlurryOfBlows"],"picked":"Fasting2","floor":18},{"not_picked":["Indignation+1","Meditate"],"picked":"Fasting2","floor":19},{"not_picked":["Wireheading+1","CutThroughFate"],"picked":"Wish","floor":23},{"not_picked":["EmptyFist+1","EmptyBody"],"picked":"Evaluate","floor":24},{"not_picked":["ThirdEye","PathToVictory+1","CutThroughFate"],"picked":"Singing Bowl","floor":25},{"not_picked":["BowlingBash+1","EmptyBody","ClearTheMind"],"picked":"Singing Bowl","floor":29},{"not_picked":["Alpha","Brilliance"],"picked":"Vault","floor":33},{"not_picked":["Meditate","SashWhip"],"picked":"DeceiveReality+1","floor":34},{"not_picked":["FlurryOfBlows+1","CutThroughFate+1"],"picked":"ForeignInfluence+1","floor":35}],"player_experience":327308,"relics_obtained":[{"floor":9,"key":"Omamori"},{"floor":17,"key":"Happy Flower"},{"floor":17,"key":"Singing Bowl"},{"floor":17,"key":"Old Coin"},{"floor":23,"key":"Bottled Lightning"},{"floor":26,"key":"Kunai"}],"event_choices":[{"damage_healed":0,"gold_gain":275,"player_choice":"Desecrate","damage_taken":0,"max_hp_gain":0,"max_hp_loss":0,"event_name":"Golden Shrine","floor":2,"gold_loss":0,"cards_obtained":["Regret"]},{"cards_removed":["Strike_P"],"damage_healed":0,"gold_gain":0,"player_choice":"Purged","damage_taken":0,"max_hp_gain":0,"max_hp_loss":0,"event_name":"Purifier","floor":10,"gold_loss":0},{"damage_healed":0,"gold_gain":0,"player_choice":"Searched \u00271\u0027 times","damage_taken":0,"relics_obtained":["MealTicket"],"max_hp_gain":0,"max_hp_loss":0,"event_name":"Dead Adventurer","floor":13,"gold_loss":0},{"damage_healed":0,"gold_gain":0,"player_choice":"Opened","damage_taken":0,"relics_obtained":["Anchor"],"max_hp_gain":0,"max_hp_loss":0,"event_name":"The Mausoleum","floor":21,"gold_loss":0,"cards_obtained":["Writhe"]},{"damage_healed":0,"gold_gain":0,"player_choice":"Fight","damage_taken":0,"max_hp_gain":0,"max_hp_loss":0,"event_name":"Colosseum","floor":28,"gold_loss":0},{"damage_healed":0,"gold_gain":0,"player_choice":"Fled From Nobs","damage_taken":0,"max_hp_gain":0,"max_hp_loss":0,"event_name":"Colosseum","floor":28,"gold_loss":0},{"damage_healed":0,"gold_gain":99,"player_choice":"Stole From Cult","damage_taken":0,"max_hp_gain":0,"max_hp_loss":0,"event_name":"Nest","floor":30,"gold_loss":0},{"cards_removed":["Strike_P"],"damage_healed":0,"gold_gain":0,"player_choice":"Gave Gold","damage_taken":0,"max_hp_gain":0,"max_hp_loss":0,"event_name":"Beggar","floor":31,"gold_loss":75},{"damage_healed":0,"gold_gain":0,"player_choice":"Embrace Madness","damage_taken":10,"max_hp_gain":0,"max_hp_loss":0,"event_name":"Winding Halls","floor":36,"gold_loss":0,"cards_obtained":["Madness","Madness"]},{"damage_healed":0,"gold_gain":0,"player_choice":"Fight","damage_taken":0,"max_hp_gain":0,"max_hp_loss":0,"event_name":"Mysterious Sphere","floor":37,"gold_loss":0}],"is_beta":false,"boss_relics":[{"not_picked":["Velvet Choker","SlaversCollar"],"picked":"Calling Bell"},{"not_picked":["Runic Dome","Coffee Dripper"],"picked":"Tiny House"}],"items_purged_floors":[4,22],"is_endless":false,"potions_floor_spawned":[1,14,16,23,25,28,35],"killed_by":"2 Orb Walkers","ascension_level":0}}