{"host":"9itbpxvmuk6em6oe","time":1609978126,"event":{"mods":["AchievementEnabler","BaseMod","Better-Laid Plans","Colored Powertips","Minty Spire (QoL Compilation)","Rare Cards Sparkle","SuperFastMode"],"gold_per_floor":[110,210,229,229,240,240,240,266,292,310,343,354,386,386,386,484,534,545,23,23,34,0,30,30,85,112,123,123,40,40,52,52,149,149,161,161,174,188,208,208,228,228,228],"floor_reached":42,"playtime":2512,"items_purged":[],"score":533,"play_id":"5d2986f7-f2c5-452e-8775-125a5b34b084","local_time":"20210106160846","is_ascension_mode":false,"campfire_choices":[{"data":"Anger","floor":6,"key":"SMITH"},{"floor":15,"key":"REST"},{"floor":24,"key":"REST"},{"data":"Enlightenment","floor":28,"key":"SMITH"},{"floor":32,"key":"REST"},{"floor":40,"key":"REST"}],"circlet_count":0,"master_deck":["Strike_R","Strike_R","Strike_R","Strike_R","Strike_R","Defend_R","Defend_R","Defend_R+1","Defend_R","Bash","Enlightenment+1","Anger+1","Heavy Blade","Bash","True Grit+1","Perfected Strike+1","Infernal Blade","Perfected Strike","Armaments","Twin Strike","Perfected Strike","Bludgeon","Clash","Perfected Strike+1","Dramatic Entrance","Flame Barrier","Rampage","Headbutt","Rampage","Twin Strike","Inflame+1","Flash of Steel","Fire Breathing+1","Juggernaut","Iron Wave+1","Good Instincts","Carnage","Twin Strike+1","Clash","Double Tap"],"relics":["Burning Blood","Regal Pillow","War Paint","Ice Cream","White Beast Statue","Tiny House","HandDrill","Pantograph","Bottled Flame","Juzu Bracelet","Ancient Tea Set","Nloth\u0027s Gift","Mark of Pain"],"acts_visited":["Exordium","TheCity","TheBeyond"],"potions_floor_usage":[11,16,21,23,25,31,33,33,37,39,39,41,42,42,42,42,42,42,42,42],"damage_taken":[{"damage":11,"enemies":"Jaw Worm","floor":1,"turns":4},{"damage":0,"enemies":"Cultist","floor":3,"turns":3},{"damage":0,"enemies":"Small Slimes","floor":5,"turns":2},{"damage":20,"enemies":"Gremlin Nob","floor":8,"turns":4},{"damage":7,"enemies":"3 Louse","floor":10,"turns":4},{"damage":36,"enemies":"3 Sentries","floor":11,"turns":8},{"damage":11,"enemies":"Exordium Wildlife","floor":12,"turns":4},{"damage":18,"enemies":"Lagavulin","floor":13,"turns":5},{"damage":46,"enemies":"Hexaghost","floor":16,"turns":9},{"damage":28,"enemies":"3 Byrds","floor":18,"turns":6},{"damage":11,"enemies":"Spheric Guardian","floor":21,"turns":4},{"damage":22,"enemies":"Gremlin Leader","floor":23,"turns":4},{"damage":27,"enemies":"Book of Stabbing","floor":25,"turns":4},{"damage":30,"enemies":"Chosen and Byrds","floor":27,"turns":7},{"damage":5,"enemies":"Snecko","floor":31,"turns":3},{"damage":77,"enemies":"Collector","floor":33,"turns":9},{"damage":41,"enemies":"3 Darklings","floor":35,"turns":8},{"damage":17,"enemies":"3 Shapes","floor":37,"turns":3},{"damage":44,"enemies":"Spire Growth","floor":38,"turns":5},{"damage":0,"enemies":"Jaw Worm Horde","floor":39,"turns":2},{"damage":11,"enemies":"Writhing Mass","floor":41,"turns":4},{"damage":96,"enemies":"Reptomancer","floor":42,"turns":3}],"seed_played":"9046038663122004792","potions_obtained":[{"floor":1,"key":"ElixirPotion"},{"floor":3,"key":"BloodPotion"},{"floor":11,"key":"AttackPotion"},{"floor":16,"key":"SkillPotion"},{"floor":17,"key":"SkillPotion"},{"floor":18,"key":"LiquidMemories"},{"floor":21,"key":"Explosive Potion"},{"floor":23,"key":"ColorlessPotion"},{"floor":25,"key":"PowerPotion"},{"floor":31,"key":"Weak Potion"},{"floor":33,"key":"Energy Potion"},{"floor":35,"key":"Explosive Potion"},{"floor":37,"key":"SkillPotion"},{"floor":38,"key":"EntropicBrew"},{"floor":39,"key":"Block Potion"},{"floor":41,"key":"SteroidPotion"}],"is_trial":false,"path_per_floor":["M","?","M","?","M","R","?","E","T","M","E","M","E","?","R","B",null,"M","$","?","M","?","E","R","E","T","M","R","$","?","M","R","B",null,"M","?","M","M","M","R","M","E"],"character_chosen":"IRONCLAD","items_purchased":["HandDrill","Pantograph","Dramatic Entrance","Flame Barrier","Flash of Steel"],"campfire_rested":4,"item_purchase_floors":[19,19,19,19,29],"current_hp_per_floor":[75,75,80,80,80,80,85,71,71,70,57,52,47,35,77,37,97,75,75,75,70,70,54,97,76,76,52,52,52,52,53,97,26,97,62,62,51,13,19,63,58,0,0],"gold":228,"neow_bonus":"RANDOM_COLORLESS","is_daily":false,"chose_seed":false,"campfire_upgraded":2,"win_rate":0.0,"timestamp":1609978126,"path_taken":["M","?","?","?","?","R","?","E","T","M","E","M","E","?","R","BOSS","M","$","?","M","?","E","R","E","T","M","R","?","?","M","R","BOSS","M","?","M","M","M","R","M","E"],"items_purchased_type":["Relic","Relic","Card","Card","Card"],"build_version":"2020-12-22","purchased_purges":0,"victory":false,"max_hp_per_floor":[80,80,80,80,80,80,85,85,85,85,85,85,92,92,92,92,97,97,97,97,97,97,97,97,97,97,97,97,97,97,97,97,97,97,97,97,97,97,97,97,97,97,97],"card_choices":[{"not_picked":["Deep Breath","Bandage Up"],"picked":"Enlightenment","floor":0},{"not_picked":["Headbutt","Inflame"],"picked":"Anger","floor":1},{"not_picked":["Clothesline","Metallicize"],"picked":"Heavy Blade","floor":3},{"not_picked":["Anger","Hemokinesis"],"picked":"Perfected Strike","floor":5},{"not_picked":["Headbutt","Pommel Strike"],"picked":"Infernal Blade","floor":8},{"not_picked":["Shrug It Off","Pommel Strike"],"picked":"Perfected Strike","floor":10},{"not_picked":["Shrug It Off","Body Slam"],"picked":"Armaments","floor":11},{"not_picked":["Fire Breathing","Rupture"],"picked":"Twin Strike","floor":12},{"not_picked":["Whirlwind","Bloodletting"],"picked":"Perfected Strike","floor":13},{"not_picked":["Brutality","Offering"],"picked":"Bludgeon","floor":16},{"not_picked":["Dark Embrace","Second Wind"],"picked":"Clash","floor":17},{"not_picked":["Rupture+1","Heavy Blade+1"],"picked":"Perfected Strike+1","floor":18},{"not_picked":["Second Wind+1","Flex"],"picked":"Headbutt","floor":21},{"not_picked":["Rupture","Shockwave"],"picked":"Rampage","floor":23},{"not_picked":["Dual Wield","Feel No Pain"],"picked":"Twin Strike","floor":25},{"not_picked":["Twin Strike","Spot Weakness+1"],"picked":"Inflame+1","floor":27},{"not_picked":["Second Wind","Headbutt"],"picked":"Fire Breathing+1","floor":31},{"not_picked":["Immolate","Limit Break"],"picked":"Juggernaut","floor":33},{"not_picked":["Body Slam+1","Shrug It Off+1"],"picked":"Iron Wave+1","floor":35},{"not_picked":["Impatience","Flash of Steel"],"picked":"Good Instincts","floor":36},{"not_picked":["Flame Barrier+1","Combust+1"],"picked":"Carnage","floor":37},{"not_picked":["True Grit","Clash"],"picked":"Twin Strike+1","floor":38},{"not_picked":["Wild Strike","Headbutt"],"picked":"Clash","floor":39},{"not_picked":["Body Slam","Wild Strike"],"picked":"Double Tap","floor":41}],"player_experience":56673,"relics_obtained":[{"floor":8,"key":"Regal Pillow"},{"floor":9,"key":"War Paint"},{"floor":11,"key":"Ice Cream"},{"floor":13,"key":"Strawberry"},{"floor":23,"key":"Bottled Flame"},{"floor":25,"key":"Juzu Bracelet"},{"floor":26,"key":"Ancient Tea Set"}],"event_choices":[{"damage_healed":0,"gold_gain":100,"player_choice":"Pray","damage_taken":0,"max_hp_gain":0,"max_hp_loss":0,"event_name":"Golden Shrine","floor":2,"gold_loss":0},{"damage_healed":0,"gold_gain":0,"player_choice":"2 cards matched","damage_taken":0,"max_hp_gain":0,"max_hp_loss":0,"event_name":"Match and Keep!","floor":4,"gold_loss":0,"cards_obtained":["Bash","True Grit"]},{"damage_healed":0,"gold_gain":0,"player_choice":"2 cards matched","damage_taken":0,"max_hp_gain":0,"max_hp_loss":0,"event_name":"Match and Keep!","floor":4,"gold_loss":0,"cards_obtained":["Bash","True Grit"]},{"damage_healed":0,"gold_gain":0,"player_choice":"Donut","damage_taken":0,"max_hp_gain":5,"max_hp_loss":0,"event_name":"Big Fish","floor":7,"gold_loss":0},{"damage_healed":0,"gold_gain":0,"player_choice":"Success","damage_taken":12,"relics_obtained":["White Beast Statue"],"max_hp_gain":0,"max_hp_loss":0,"event_name":"Scrap Ooze","floor":14,"gold_loss":0},{"damage_healed":0,"gold_gain":0,"player_choice":"Read","damage_taken":0,"max_hp_gain":0,"max_hp_loss":0,"event_name":"The Library","floor":20,"gold_loss":0,"cards_obtained":["Rampage"]},{"damage_healed":0,"gold_gain":0,"player_choice":"Paid Fearfully","damage_taken":0,"max_hp_gain":0,"max_hp_loss":0,"event_name":"Masked Bandits","floor":22,"gold_loss":34},{"damage_healed":0,"gold_gain":0,"player_choice":"Traded Relic","damage_taken":0,"relics_obtained":["Nloth\u0027s Gift"],"max_hp_gain":0,"max_hp_loss":0,"event_name":"N\u0027loth","floor":30,"relics_lost":["Strawberry"],"gold_loss":0},{"damage_healed":0,"gold_gain":0,"player_choice":"Memory 1","damage_taken":0,"max_hp_gain":0,"max_hp_loss":0,"event_name":"SensoryStone","floor":36,"gold_loss":0}],"is_beta":false,"boss_relics":[{"not_picked":["Cursed Key","Snecko Eye"],"picked":"Tiny House"},{"not_picked":["Empty Cage","Philosopher\u0027s Stone"],"picked":"Mark of Pain"}],"items_purged_floors":[],"is_endless":false,"potions_floor_spawned":[1,3,11,16,18,21,23,25,27,31,33,35,37,38,39,41],"killed_by":"Reptomancer","ascension_level":0}}