{"host":"uoq8e77duj6rs50g","time":1609980878,"event":{"mods":["BaseMod","Better Altar","Better Match","Better Note","Better Sensory Stone","Better Skull","Better Third Choice","BetterRewards","Block Reminder","ChefMod","Curses Come First","Downfall","Hermit","Hubris","Ironclad Rager","Minty Spire (QoL Compilation)","Relic Stats","Replay The Spire","Shade Mod","StSLib","The Blue Laboratory","The Cursed","The Dragon Tamer","The Exalted","The Judge","The Marked","The Runesmith","The Servant 0.9.4","TheSwordswoman","Uncapped","WarShipGirlsR/????R mod"],"gold_per_floor":[214,214,226,226,242,242,275,275,300,320,332,332,351,377,377,481,481,495,510,510,526,626,626,626],"floor_reached":23,"playtime":1611,"items_purged":[],"score":203,"play_id":"30edefb2-2287-403b-9232-d18cc3272513","local_time":"20210106195438","is_ascension_mode":false,"campfire_choices":[{"data":"Shade:AnimateDead","floor":6,"key":"SMITH"},{"floor":8,"key":"REST"},{"floor":15,"key":"REST"}],"circlet_count":0,"master_deck":["Shade:Strike_Shade","Shade:Strike_Shade","Shade:Strike_Shade","Shade:Strike_Shade","Shade:Defend_Shade","Shade:Defend_Shade","Shade:Defend_Shade","Shade:AnimateDead+1","Shade:CarefulCut","Shade:Bite_Shade","Shade:GraveStillness","Shade:CloudOfShrapnel","Shade:WallOfFlesh","Shade:SkeletonHug","Shade:CommandSoldier","Shade:ClawBack","Shade:Trample","Shade:DarkOfNight","Shade:AblativeArmor","Shade:FreshBones","Shade:OpenGraves+1"],"relics":["Replay:Wanted Poster","PreservedInsect","Boot","Ginger","hubris:TerracottaHorce","Pantograph"],"acts_visited":["Exordium","TheCity"],"potions_floor_usage":[7,19,23],"damage_taken":[{"damage":2,"enemies":"Small Slimes","floor":1,"turns":4},{"damage":0,"enemies":"Cultist","floor":3,"turns":4},{"damage":4,"enemies":"Jaw Worm","floor":5,"turns":2},{"damage":41,"enemies":"3 Sentries","floor":7,"turns":8},{"damage":0,"enemies":"Blue Slaver","floor":10,"turns":4},{"damage":3,"enemies":"Large Slime","floor":11,"turns":6},{"damage":1,"enemies":"3 Louse","floor":13,"turns":2},{"damage":16,"enemies":"Gremlin Nob","floor":14,"turns":4},{"damage":18,"enemies":"Hexaghost","floor":16,"turns":11},{"damage":7,"enemies":"Chosen","floor":18,"turns":5},{"damage":17,"enemies":"3 Byrds","floor":19,"turns":5},{"damage":13,"enemies":"Shelled Parasite and Fungi","floor":21,"turns":8},{"damage":37,"enemies":"Slavers","floor":23,"turns":3}],"seed_played":"-8873107065514375424","potions_obtained":[{"floor":1,"key":"blueLaboratory:PolymorphPotion"},{"floor":10,"key":"Dexterity Potion"},{"floor":11,"key":"Languid Potion"},{"floor":13,"key":"SteroidPotion"},{"floor":16,"key":"ColorlessPotion"}],"is_trial":false,"path_per_floor":["M","$","M","?","M","R","E","R","T","M","M","$","M","E","R","B",null,"M","M","?","M","?","E"],"character_chosen":"SHADE","items_purchased":[],"campfire_rested":2,"item_purchase_floors":[],"current_hp_per_floor":[63,63,65,65,63,63,28,47,47,51,54,54,53,39,58,44,60,57,44,44,35,35,0,0],"gold":626,"neow_bonus":"BOSS_RELIC","is_daily":false,"chose_seed":false,"campfire_upgraded":1,"win_rate":0.0,"timestamp":1609980878,"path_taken":["M","$","M","?","M","R","E","R","T","M","M","?","M","E","R","BOSS","M","M","?","M","?","E"],"items_purchased_type":[],"build_version":"2020-12-22","purchased_purges":0,"victory":false,"max_hp_per_floor":[65,65,65,65,65,65,65,65,65,65,65,65,65,65,65,65,65,65,65,65,65,65,65,65],"relic_stats":{"counters":[13,66],"Pantograph":0,"PreservedInsect":61,"Ginger":[5],"Boot":[28],"obtain_stats":[{"Replay:Wanted Poster":0,"Shade:YorickSkull":0,"Pantograph":20,"PreservedInsect":7,"Ginger":14,"Boot":9,"hubris:TerracottaHorce":17},{"Replay:Wanted Poster":0,"Shade:YorickSkull":0,"Pantograph":11,"PreservedInsect":4,"Ginger":8,"Boot":4,"hubris:TerracottaHorce":9},{"Replay:Wanted Poster":0,"Shade:YorickSkull":0,"Pantograph":55,"PreservedInsect":18,"Ginger":34,"Boot":18,"hubris:TerracottaHorce":45}]},"card_choices":[{"not_picked":["Shade:Haruspicy","Shade:SkeletonHug"],"picked":"Shade:Bite_Shade","floor":1},{"not_picked":["Shade:PressTheAttack","Shade:Trample"],"picked":"Shade:GraveStillness","floor":3},{"not_picked":["Shade:Doomsay","Shade:FeralStrike"],"picked":"Shade:CloudOfShrapnel","floor":5},{"not_picked":["Shade:FreshBones","Shade:FleshToFlesh"],"picked":"Shade:WallOfFlesh","floor":7},{"not_picked":["Shade:Trample","Shade:Excise"],"picked":"Shade:SkeletonHug","floor":10},{"not_picked":["Shade:FuneraryJewels","Shade:GoDigging"],"picked":"Shade:CommandSoldier","floor":11},{"not_picked":["Shade:ExtraLimbs","Shade:DarkOfNight"],"picked":"Shade:ClawBack","floor":13},{"not_picked":["Shade:FuneraryJewels","Shade:AncientSpear"],"picked":"Shade:Trample","floor":14},{"not_picked":["Shade:OfferingToTheBeyond","Shade:OminousRitual"],"picked":"Shade:DarkOfNight","floor":16},{"not_picked":["Shade:DangerousRitual","Shade:Excise+1"],"picked":"Shade:AblativeArmor","floor":18},{"not_picked":["Shade:PressTheAttack","Shade:WallOfFlesh"],"picked":"Shade:FreshBones","floor":19},{"not_picked":["Shade:SkeletonHug","Shade:Patience"],"picked":"Shade:OpenGraves+1","floor":21}],"player_experience":460401,"relics_obtained":[{"floor":7,"key":"PreservedInsect"},{"floor":9,"key":"Boot"},{"floor":14,"key":"Ginger"}],"event_choices":[{"cards_removed":["Shade:Defend_Shade"],"damage_healed":0,"gold_gain":0,"player_choice":"Purged","damage_taken":0,"max_hp_gain":0,"max_hp_loss":0,"event_name":"Purifier","floor":4,"gold_loss":0},{"damage_healed":0,"gold_gain":0,"player_choice":"Gave Potion","damage_taken":0,"relics_obtained":["Pantograph"],"max_hp_gain":0,"max_hp_loss":0,"event_name":"WeMeetAgain","floor":20,"gold_loss":0},{"damage_healed":0,"gold_gain":100,"player_choice":"Pray","damage_taken":0,"max_hp_gain":0,"max_hp_loss":0,"event_name":"Golden Shrine","floor":22,"gold_loss":0}],"is_beta":false,"boss_relics":[{"not_picked":["Replay:Ancient Bell","hubris:CrackedHourglass"],"picked":"hubris:TerracottaHorce"}],"items_purged_floors":[],"is_endless":false,"potions_floor_spawned":[1,10,11,13,16,18],"killed_by":"Slavers","ascension_level":0}}