{"host":"uclt3t1usqzz4m5p","time":1609987213,"event":{"mods":["100% Spire Juice","AchievementEnabler","BaseMod","Better Altar","Better Match","Better Sensory Stone","Better Skull","Better Third Choice","Booster Modes","CCEM","Card Forge","Colored Powertips","Displayed Cursed Tome","GifTheSpireLib","Gremlin Skip","Minty Spire (QoL Compilation)","Permanent Neow","Poem Panic","Quick Restart","RumiaBox-????????","StSLib","SuperFastMode","The Caster"],"gold_per_floor":[116,133,149,160,9,44,64,64,64,98,122,149,169,169,169,273,273,292,88,117,16,16,44,53,78,78,78,78,78,78,78,78,185,185,206,224,283,283,283,283,303,315,315,156,175,175,175,199,199,199,199],"floor_reached":50,"playtime":4797,"items_purged":[],"score":497,"play_id":"b58d1512-0fc5-45c1-9128-0a87775437d3","local_time":"20210106184013","is_ascension_mode":false,"campfire_choices":[{"data":"caster:ManaOverflow","floor":15.0,"key":"SMITH"},{"data":"caster:Ifrit","floor":29.0,"key":"SMITH"},{"data":"caster:Incantation","floor":32.0,"key":"SMITH"},{"data":"Mayhem","floor":40.0,"key":"SMITH"},{"data":"caster:MeteorStorm","floor":47.0,"key":"SMITH"},{"floor":49.0,"key":"REST"}],"circlet_count":0,"master_deck":["caster:Meteor","caster:DivertFocus","caster:WallOfThorns","caster:ManaOverflow+1","caster:DiamondDust","caster:BookThrow","caster:PhoenixFlare","caster:WallOfAsh","caster:PhoenixFlare","caster:FrostDriver","caster:Ifrit+1","caster:LightningBolt","caster:JupitelThunder","caster:WallOfAsh","caster:BurnItDown","caster:Fireball","caster:FireWall","caster:GlacialShield","caster:GlacialShield","caster:PhoenixFlare","caster:BloodRitual+1","caster:Incantation+1","caster:IcicleLance","caster:AlternatingCurrent","caster:EchoingVoice","Insight","caster:MagicBarrier+1","caster:Ifrit","caster:Grimoire+1","Mayhem+1","Impatience","caster:MagicResonance","caster:GaiasBlessing","caster:Embers","Deep Breath","caster:MeteorStorm+1","caster:Accumulation+1","caster:Charge+1"],"relics":["caster:MagicBook","Hammer of Thor","Seething Fire","Anvil of the Gods","PoemPanic:PoemPanicRelic","Omamori","CeramicFish","Vajra","HornCleat","Blue Candle","TungstenRod","Sozu","Membership Card","Juzu Bracelet","Singing Bowl","CCEMRelics:SpiritsEdge","Question Card","CCEMRelics:TechnogenicHelmet","Cursed Key","Du-Vu Doll","PreservedInsect"],"acts_visited":["Exordium","TheCity","TheBeyond"],"potions_floor_usage":[],"damage_taken":[{"damage":0.0,"enemies":"Cultist","floor":1.0,"turns":4.0},{"damage":2.0,"enemies":"Small Slimes","floor":2.0,"turns":4.0},{"damage":0.0,"enemies":"Jaw Worm","floor":3.0,"turns":4.0},{"damage":6.0,"enemies":"Blue Slaver","floor":4.0,"turns":4.0},{"damage":11.0,"enemies":"3 Sentries","floor":6.0,"turns":8.0},{"damage":0.0,"enemies":"Lots of Slimes","floor":7.0,"turns":1.0},{"damage":8.0,"enemies":"Gremlin Nob","floor":10.0,"turns":4.0},{"damage":0.0,"enemies":"2 Fungi Beasts","floor":11.0,"turns":4.0},{"damage":0.0,"enemies":"Red Slaver","floor":12.0,"turns":4.0},{"damage":0.0,"enemies":"Looter","floor":13.0,"turns":4.0},{"damage":7.0,"enemies":"Hexaghost","floor":16.0,"turns":7.0},{"damage":0.0,"enemies":"Chosen","floor":18.0,"turns":4.0},{"damage":4.0,"enemies":"Shell Parasite","floor":20.0,"turns":4.0},{"damage":17.0,"enemies":"Book of Stabbing","floor":23.0,"turns":5.0},{"damage":15.0,"enemies":"Cultist and Chosen","floor":25.0,"turns":6.0},{"damage":44.0,"enemies":"Collector","floor":33.0,"turns":9.0},{"damage":23.0,"enemies":"3 Shapes","floor":35.0,"turns":4.0},{"damage":0.0,"enemies":"Mind Bloom Boss Battle","floor":37.0,"turns":5.0},{"damage":11.0,"enemies":"3 Darklings","floor":41.0,"turns":5.0},{"damage":4.0,"enemies":"Spire Growth","floor":42.0,"turns":3.0},{"damage":15.0,"enemies":"Sphere and 2 Shapes","floor":45.0,"turns":4.0},{"damage":13.0,"enemies":"Transient","floor":48.0,"turns":5.0},{"damage":51,"enemies":"Awakened One","floor":50,"turns":6}],"seed_played":"4920447744739653059","potions_obtained":[{"floor":4.0,"key":"DuplicationPotion"},{"floor":10.0,"key":"ColorlessPotion"},{"floor":11.0,"key":"SpeedPotion"},{"floor":12.0,"key":"BlessingOfTheForge"}],"is_trial":false,"path_per_floor":["M","M","M","M","$","E","M","?","T","E","M","M","M","?","R","B",null,"M","$","M","$","?","E","?","M","T","?","T","R","?","?","R","B",null,"M","?","?","?","T","R","M","M","T","$","M","?","R","M","R","B"],"character_chosen":"THE_CASTER","items_purchased":["Omamori","Membership Card","caster:Incantation","caster:IcicleLance","Juzu Bracelet","caster:EchoingVoice","PreservedInsect","caster:Embers","Deep Breath","caster:MeteorStorm"],"campfire_rested":1,"item_purchase_floors":[5,19,19,19,21,21,44,44,44,44],"current_hp_per_floor":[64,62,62,56,56,45,45,45,45,37,37,37,37,37,37,30,64,64,64,60,60,60,45,45,30,30,30,30,30,52,52,52,8,66,43,43,43,43,43,43,32,30,30,30,18,35,35,24,44,0,0],"gold":199,"neow_bonus":"","is_daily":false,"chose_seed":false,"campfire_upgraded":5,"win_rate":0.0,"timestamp":1609987213,"path_taken":["M","M","M","M","$","E","M","?","T","E","M","M","?","?","R","BOSS","M","$","M","$","?","E","?","M","T","?","?","R","?","?","R","BOSS","M","?","?","?","?","R","M","M","T","$","M","?","R","M","R","BOSS"],"items_purchased_type":["Relic","Relic","Card","Card","Relic","Card","Relic","Card","Card","Card"],"build_version":"2020-12-22","purchased_purges":0,"victory":false,"max_hp_per_floor":[64,64,64,64,64,64,64,64,64,64,64,64,64,64,64,64,64,64,64,64,64,64,66,66,66,66,66,66,66,66,66,66,66,66,66,66,66,66,66,66,66,68,68,68,68,68,68,68,68,68,68],"card_choices":[{"not_picked":["caster:Sandstorm","caster:FireWall"],"picked":"caster:LightningBolt","floor":1.0},{"not_picked":["caster:DiablosFlame","caster:FrigidBeam","caster:GlacialShield"],"picked":"SKIP","floor":2.0},{"not_picked":["caster:Sleet","caster:FlashFrost"],"picked":"caster:JupitelThunder","floor":3.0},{"not_picked":["caster:QuickCast","caster:MagicResonance"],"picked":"caster:WallOfAsh","floor":4.0},{"not_picked":["caster:LAZER","caster:GlacialShield"],"picked":"caster:BurnItDown","floor":6.0},{"not_picked":["caster:Eruption","caster:Ifrit"],"picked":"caster:Fireball","floor":7.0},{"not_picked":["caster:BloodRitual","caster:LAZER"],"picked":"caster:FireWall","floor":10.0},{"not_picked":["caster:MagicBarrier","caster:DiablosFlame"],"picked":"caster:GlacialShield","floor":11.0},{"not_picked":["caster:Sandstorm","caster:DiablosFlame"],"picked":"caster:GlacialShield","floor":12.0},{"not_picked":["caster:Enfeeble","caster:JupitelThunder","caster:ManaOverflow"],"picked":"SKIP","floor":13.0},{"not_picked":["caster:Enfeeble","caster:JupitelThunder","caster:ManaOverflow"],"picked":"SKIP","floor":13.0},{"not_picked":["caster:LordOfVermillion","caster:ManaOverflow"],"picked":"caster:PhoenixFlare","floor":16.0},{"not_picked":["caster:FrostDriver+1","caster:IcicleLance"],"picked":"caster:BloodRitual+1","floor":18.0},{"not_picked":["caster:Sandstorm","caster:FrostDriver"],"picked":"caster:AlternatingCurrent","floor":20.0},{"not_picked":["caster:Unearth","caster:Eruption","caster:Explosion"],"picked":"Singing Bowl","floor":23.0},{"not_picked":["caster:Enfeeble","caster:MagicAttunement+1"],"picked":"caster:MagicBarrier+1","floor":25.0},{"not_picked":["caster:GateOfBabylon","caster:StormGust","caster:ShortenedChant"],"picked":"caster:Ifrit","floor":33.0},{"not_picked":["caster:FrigidBeam","caster:WallOfAsh","caster:MagicWeapon"],"picked":"caster:Grimoire+1","floor":35.0},{"not_picked":["Finesse","Dramatic Entrance","Good Instincts"],"picked":"Mayhem","floor":36.0},{"not_picked":["Finesse","Panacea","Secret Weapon"],"picked":"Impatience","floor":36.0},{"not_picked":["caster:Enfeeble+1","caster:WallOfThorns+1","caster:Barbroot+1"],"picked":"caster:MagicResonance","floor":37.0},{"not_picked":["caster:Sandstorm+1","caster:Incinerate","caster:Discharge"],"picked":"caster:GaiasBlessing","floor":41.0},{"not_picked":["caster:Conflagrate+1","caster:FrigidBeam","caster:Illusion","caster:JupitelThunder+1"],"picked":"Singing Bowl","floor":42.0},{"not_picked":["caster:FrigidBeam","caster:JupitelThunder","caster:FlashFrost+1"],"picked":"caster:Accumulation+1","floor":45.0},{"not_picked":["caster:Unearth","caster:StormGust","caster:FlashFrost"],"picked":"caster:Charge+1","floor":48.0}],"player_experience":582932,"relics_obtained":[{"floor":6.0,"key":"CeramicFish"},{"floor":9.0,"key":"HornCleat"},{"floor":10.0,"key":"Blue Candle"},{"floor":23.0,"key":"Singing Bowl"},{"floor":26.0,"key":"CCEMRelics:SpiritsEdge"},{"floor":28.0,"key":"Question Card"},{"floor":37.0,"key":"Du-Vu Doll"}],"event_choices":[{"damage_healed":0.0,"max_hp_gain":0.0,"max_hp_loss":0.0,"gold_gain":0.0,"event_name":"Golden Wing","player_choice":"Ignored","floor":14.0,"gold_loss":0.0,"damage_taken":0.0},{"damage_healed":0.0,"max_hp_gain":0.0,"max_hp_loss":0.0,"gold_gain":0.0,"event_name":"NoteForYourself","player_choice":"Ignored","floor":22.0,"gold_loss":0.0,"damage_taken":0.0},{"damage_healed":0.0,"max_hp_gain":0.0,"max_hp_loss":0.0,"gold_gain":0.0,"event_name":"betterThird:BetterWriting","player_choice":"Insight","floor":24.0,"gold_loss":0.0,"damage_taken":0.0,"cards_obtained":["Insight"]},{"damage_healed":0.0,"max_hp_gain":0.0,"max_hp_loss":0.0,"gold_gain":0.0,"event_name":"betterAltar:BetterAltar","player_choice":" Defy","floor":27.0,"gold_loss":0.0,"damage_taken":0.0,"cards_obtained":["Decay"]},{"damage_healed":22.0,"max_hp_gain":0.0,"max_hp_loss":0.0,"gold_gain":0.0,"event_name":"The Library","player_choice":"Heal","floor":30.0,"gold_loss":0.0,"damage_taken":0.0},{"damage_healed":0.0,"max_hp_gain":0.0,"max_hp_loss":0.0,"gold_gain":0.0,"event_name":"WeMeetAgain","player_choice":"Gave Potion","floor":31.0,"gold_loss":0.0,"damage_taken":0.0,"relics_obtained":["CCEMRelics:TechnogenicHelmet"]},{"damage_healed":0.0,"max_hp_gain":0.0,"max_hp_loss":0.0,"gold_gain":3.0,"event_name":"betterStone:BetterStone","player_choice":"1","floor":36.0,"gold_loss":0.0,"damage_taken":0.0},{"damage_healed":0.0,"max_hp_gain":0.0,"max_hp_loss":0.0,"gold_gain":0.0,"event_name":"MindBloom","player_choice":"Fight","floor":37.0,"gold_loss":0.0,"damage_taken":0.0},{"damage_healed":0.0,"max_hp_gain":0.0,"max_hp_loss":0.0,"gold_gain":0.0,"event_name":"Tomb of Lord Red Mask","player_choice":"Ignored","floor":38.0,"gold_loss":0.0,"damage_taken":0.0},{"damage_healed":17.0,"max_hp_gain":0.0,"max_hp_loss":0.0,"gold_gain":0.0,"event_name":"Winding Halls","player_choice":"Writhe","floor":46.0,"gold_loss":0.0,"damage_taken":0.0,"cards_obtained":["Writhe"]}],"is_beta":false,"boss_relics":[{"not_picked":["Ectoplasm","CCEMRelics:GreenEgg"],"picked":"Sozu"},{"not_picked":["SacredBark","PoemPanic:PoemPanicRelic"],"picked":"Cursed Key"}],"items_purged_floors":[],"is_endless":false,"potions_floor_spawned":[4,10,11,12,13,18,23,41],"killed_by":"Awakened One","ascension_level":0}}