{"host":"agbyy69nq62afhwx","time":1609990762,"event":{"mods":["BaseMod","Colored Map","DeckTracker","Highlight Path","Keyboard Shortcuts","Minty Spire (QoL Compilation)","Quick Restart","StSLib","SuperFastMode","everything is the same but u backflip on backflip"],"gold_per_floor":[117,134,35,35,47,47,66,77,100,125,125,140,168,187,187,187,187],"floor_reached":16,"playtime":505,"items_purged":["Strike_G"],"score":196,"play_id":"6f678df8-7ee8-45fd-9720-8a8835acf92d","local_time":"20210107123922","is_ascension_mode":true,"campfire_choices":[{"data":"Noxious Fumes","floor":6.0,"key":"SMITH"},{"data":"Venomology","floor":11.0,"key":"SMITH"},{"floor":15.0,"key":"REST"}],"circlet_count":0,"master_deck":["AscendersBane","Strike_G","Strike_G","Strike_G","Strike_G","Defend_G","Defend_G","Defend_G","Defend_G","Survivor","Neutralize","Noxious Fumes+1","Dash","Bane","Endless Agony","Venomology+1"],"relics":["Ring of the Snake","CeramicFish","Potion Belt"],"acts_visited":["Exordium"],"potions_floor_usage":[16,16,16,16,16],"damage_taken":[{"damage":1.0,"enemies":"2 Louse","floor":1.0,"turns":3.0},{"damage":5.0,"enemies":"Cultist","floor":2.0,"turns":5.0},{"damage":2.0,"enemies":"Jaw Worm","floor":5.0,"turns":3.0},{"damage":5.0,"enemies":"3 Louse","floor":7.0,"turns":4.0},{"damage":6.0,"enemies":"Blue Slaver","floor":8.0,"turns":4.0},{"damage":10.0,"enemies":"Lots of Slimes","floor":10.0,"turns":4.0},{"damage":4.0,"enemies":"Exordium Thugs","floor":12.0,"turns":6.0},{"damage":21.0,"enemies":"3 Sentries","floor":13.0,"turns":8.0},{"damage":1.0,"enemies":"Looter","floor":14.0,"turns":4.0},{"damage":21,"enemies":"Hexaghost","floor":16,"turns":7}],"seed_played":"-8974716708516325370","potions_obtained":[{"floor":1.0,"key":"BlessingOfTheForge"},{"floor":8.0,"key":"SneckoOil"},{"floor":14.0,"key":"DuplicationPotion"}],"is_trial":false,"path_per_floor":["M","M","$","?","M","R","M","M","T","M","R","M","E","M","R","B"],"character_chosen":"THE_SILENT","items_purchased":["Bane"],"campfire_rested":1,"item_purchase_floors":[3],"current_hp_per_floor":[64,59,59,59,57,57,52,46,46,36,36,32,11,10,31,10,10],"gold":187,"neow_bonus":"TEN_PERCENT_HP_BONUS","is_daily":false,"chose_seed":false,"campfire_upgraded":2,"win_rate":0.0,"timestamp":1609990762,"path_taken":["M","M","$","?","M","R","M","M","T","M","R","M","E","?","R","BOSS"],"items_purchased_type":["Card"],"build_version":"2020-12-22","purchased_purges":1,"victory":false,"max_hp_per_floor":[72,72,72,72,72,72,72,72,72,72,72,72,72,72,72,72,72],"card_choices":[{"not_picked":["Poisoned Stab","Dagger Throw"],"picked":"Noxious Fumes","floor":1.0},{"not_picked":["Tactician","Escape Plan"],"picked":"Dash","floor":2.0},{"not_picked":["Dodge and Roll","Prepared","Underhanded Strike"],"picked":"SKIP","floor":5.0},{"not_picked":["Dodge and Roll","Dagger Throw","Slice"],"picked":"SKIP","floor":7.0},{"not_picked":["Outmaneuver","Dodge and Roll","Cloak And Dagger"],"picked":"SKIP","floor":8.0},{"not_picked":["All Out Attack","Dodge and Roll"],"picked":"Venomology","floor":10.0},{"not_picked":["Sucker Punch","Deadly Poison","Deflect"],"picked":"SKIP","floor":12.0},{"not_picked":["Sucker Punch","Prepared","Endless Agony"],"picked":"SKIP","floor":13.0},{"not_picked":["Flechettes","Bane","Backstab"],"picked":"SKIP","floor":14.0}],"player_experience":402953,"relics_obtained":[{"floor":9.0,"key":"CeramicFish"},{"floor":13.0,"key":"Potion Belt"}],"event_choices":[{"damage_healed":0.0,"max_hp_gain":0.0,"max_hp_loss":0.0,"gold_gain":0.0,"cards_transformed":["Defend_G"],"event_name":"Transmorgrifier","player_choice":"Transformed","floor":4.0,"gold_loss":0.0,"damage_taken":0.0,"cards_obtained":["Endless Agony"]}],"is_beta":false,"boss_relics":[],"items_purged_floors":[3],"is_endless":false,"potions_floor_spawned":[1,8,10,14],"killed_by":"Hexaghost","ascension_level":17}}