{"host":"zig6x0mxqzam82fb","time":1609977654,"event":{"mods":["BaseMod","Block Reminder","Colored Map","Colored Powertips","Marisa????????","Minty Spire (QoL Compilation)","Relic Stats","StSLib","The Cursed","The Marked","Waifu the Spire"],"gold_per_floor":[117,134,153,153,163,190,190,209,209,209,223,223,0,19,19,96,96,107,107,118,118,68,68,94,94,94],"floor_reached":25,"playtime":1288,"items_purged":["Pain"],"score":393,"play_id":"1dee4e00-4b55-4355-9df9-a055ad9ace89","local_time":"20210106190054","is_ascension_mode":true,"campfire_choices":[{"data":"Doom and Gloom","floor":7,"key":"SMITH"},{"data":"Consume","floor":10,"key":"SMITH"},{"floor":12,"key":"REST"},{"data":"Hologram","floor":15,"key":"SMITH"},{"floor":23,"key":"REST"}],"circlet_count":0,"master_deck":["AscendersBane","Defend_B","Defend_B","Defend_B","Defend_B","Zap","Dualcast","Ball Lightning+1","Beam Cell","Consume+1","Beam Cell","Doom and Gloom+1","Hologram+1","Machine Learning","Core Surge","Defragment","Compile Driver","Echo Form","Melter+1","Bite","Bite+1","Bite","Bite","Bite","Conserve Battery","Glacier","Reinforced Body"],"relics":["Cracked Core","Smiling Mask","WarpedTongs","Bottled Flame","Ornamental Fan","Fusion Hammer","Whetstone"],"acts_visited":["Exordium","TheCity"],"potions_floor_usage":[24,24],"damage_taken":[{"damage":0,"enemies":"2 Louse","floor":1,"turns":2},{"damage":0,"enemies":"Cultist","floor":2,"turns":3},{"damage":7,"enemies":"Jaw Worm","floor":3,"turns":3},{"damage":2,"enemies":"Exordium Wildlife","floor":5,"turns":2},{"damage":19,"enemies":"Gremlin Nob","floor":6,"turns":3},{"damage":0,"enemies":"3 Louse","floor":8,"turns":1},{"damage":7,"enemies":"2 Fungi Beasts","floor":11,"turns":2},{"damage":0,"enemies":"Lots of Slimes","floor":14,"turns":1},{"damage":31,"enemies":"Slime Boss","floor":16,"turns":9},{"damage":0,"enemies":"Spheric Guardian","floor":18,"turns":3},{"damage":20,"enemies":"Chosen","floor":20,"turns":4},{"damage":60,"enemies":"Slavers","floor":24,"turns":6},{"damage":10,"enemies":"Shelled Parasite and Fungi","floor":25,"turns":2}],"seed_played":"4885135202578421107","potions_obtained":[{"floor":3,"key":"Swift Potion"},{"floor":5,"key":"SmokeBomb"},{"floor":6,"key":"FearPotion"},{"floor":18,"key":"DuplicationPotion"}],"is_trial":false,"path_per_floor":["M","M","M","?","M","E","R","M","T","R","M","R","$","M","R","B",null,"M","?","M","?","$","R","E","M"],"character_chosen":"DEFECT","items_purchased":["Core Surge","Defragment"],"campfire_rested":2,"item_purchase_floors":[13,13],"current_hp_per_floor":[68,68,61,61,59,40,40,40,40,40,33,55,55,55,55,24,62,62,52,40,40,40,52,6,0,0],"gold":94,"neow_bonus":"RANDOM_COMMON_RELIC","is_daily":false,"chose_seed":false,"campfire_upgraded":3,"win_rate":0.0,"timestamp":1609977654,"path_taken":["M","M","M","?","?","E","R","M","T","R","M","R","$","M","R","BOSS","M","?","M","?","$","R","E","M"],"items_purchased_type":["Card","Card"],"build_version":"2020-12-22","purchased_purges":1,"victory":false,"max_hp_per_floor":[75,75,75,75,75,75,75,75,75,75,75,75,75,75,75,75,75,75,52,52,52,52,52,52,52,52],"relic_stats":{"counters":[13,41],"Ornamental Fan":[24],"Whetstone":["Bite","Ball Lightning"],"Smiling Mask":25,"obtain_stats":[{"Bottled Flame":6,"Ornamental Fan":9,"Fusion Hammer":17,"Whetstone":24,"Cracked Core":0,"Smiling Mask":0,"WarpedTongs":4},{"Bottled Flame":5,"Ornamental Fan":6,"Fusion Hammer":9,"Whetstone":12,"Cracked Core":0,"Smiling Mask":0,"WarpedTongs":3},{"Bottled Flame":13,"Ornamental Fan":14,"Fusion Hammer":26,"Whetstone":39,"Cracked Core":0,"Smiling Mask":0,"WarpedTongs":8}],"WarpedTongs":[33]},"card_choices":[{"not_picked":["Hologram","Barrage"],"picked":"Ball Lightning","floor":1},{"not_picked":["Chaos","Gash"],"picked":"Beam Cell","floor":2},{"not_picked":["Gash","Leap"],"picked":"Consume","floor":3},{"not_picked":["Turbo","White Noise"],"picked":"Beam Cell","floor":5},{"not_picked":["Sweeping Beam","Static Discharge"],"picked":"Doom and Gloom","floor":6},{"not_picked":["Stack","Steam"],"picked":"Hologram","floor":8},{"not_picked":["Reprogram","Undo"],"picked":"Machine Learning","floor":11},{"not_picked":["Steam","Gash"],"picked":"Compile Driver","floor":14},{"not_picked":["Buffer","All For One"],"picked":"Echo Form","floor":16},{"not_picked":["Redo","Rebound"],"picked":"Melter+1","floor":18},{"not_picked":["Steam","Streamline+1"],"picked":"Conserve Battery","floor":20},{"not_picked":["Steam Power","Fusion"],"picked":"Reinforced Body","floor":24}],"player_experience":447587,"relics_obtained":[{"floor":6,"key":"Bottled Flame"},{"floor":9,"key":"Ornamental Fan"},{"floor":24,"key":"Whetstone"}],"event_choices":[{"damage_healed":0,"gold_gain":0,"player_choice":"Rummage","damage_taken":0,"relics_obtained":["WarpedTongs"],"max_hp_gain":0,"max_hp_loss":0,"event_name":"Accursed Blacksmith","floor":4,"gold_loss":0,"cards_obtained":["Pain"]},{"damage_healed":0,"gold_gain":0,"player_choice":"Became a vampire","damage_taken":0,"max_hp_gain":0,"max_hp_loss":23,"event_name":"Vampires","floor":19,"gold_loss":0,"cards_obtained":["Bite","Bite","Bite","Bite","Bite"]},{"damage_healed":0,"gold_gain":0,"player_choice":"Read","damage_taken":0,"max_hp_gain":0,"max_hp_loss":0,"event_name":"The Library","floor":21,"gold_loss":0,"cards_obtained":["Glacier"]}],"is_beta":false,"boss_relics":[{"not_picked":["Runic Pyramid","Nuclear Battery"],"picked":"Fusion Hammer"}],"items_purged_floors":[22],"is_endless":false,"potions_floor_spawned":[3,5,6,18,20],"killed_by":"Shelled Parasite and Fungi","ascension_level":13}}