{"host":"zig6x0mxqzam82fb","time":1609980104,"event":{"mods":["BaseMod","Block Reminder","Colored Map","Colored Powertips","Marisa????????","Minty Spire (QoL Compilation)","Relic Stats","StSLib","The Cursed","The Marked","Waifu the Spire"],"gold_per_floor":[115,133,147,159,176,202,202,229,252,252,268,323,351,32,32,107,107,118,118,173,185,213,225,256,268,280,292,333,361,393,405,417,429,429],"floor_reached":33,"playtime":2418,"items_purged":[],"score":499,"play_id":"b40cea58-7fd1-4857-834e-9c779dd42667","local_time":"20210106194144","is_ascension_mode":true,"campfire_choices":[{"data":"Fission","floor":7,"key":"SMITH"},{"floor":10,"key":"REST"},{"floor":15,"key":"REST"},{"floor":23,"key":"REST"},{"floor":25,"key":"REST"},{"floor":27,"key":"REST"},{"floor":32,"key":"REST"}],"circlet_count":0,"master_deck":["AscendersBane","Strike_B+1","Strike_B+1","Strike_B+1","Strike_B+1","Defend_B+1","Defend_B+1","Defend_B+1","Defend_B+1","Zap+1","Dualcast","CurseOfTheBell","Glacier","Compile Driver","Compile Driver","Fission+1","Streamline+1","Compile Driver","Steam Power","Static Discharge","Streamline","Loop","Echo Form","Beam Cell+1","Loop","Cold Snap+1","Conserve Battery","Skim","Ball Lightning+1"],"relics":["Calling Bell","Blood Vial","Pear","Bird Faced Urn","Anchor","War Paint","Ancient Tea Set","Vajra","Inserter","MawBank","Blue Candle","Whetstone","Nloth\u0027s Gift"],"acts_visited":["Exordium","TheCity"],"potions_floor_usage":[13,18,33],"damage_taken":[{"damage":3,"enemies":"2 Louse","floor":1,"turns":5},{"damage":4,"enemies":"Small Slimes","floor":2,"turns":6},{"damage":2,"enemies":"Jaw Worm","floor":3,"turns":4},{"damage":2,"enemies":"Looter","floor":4,"turns":4},{"damage":0,"enemies":"Large Slime","floor":5,"turns":5},{"damage":14,"enemies":"3 Sentries","floor":6,"turns":10},{"damage":38,"enemies":"Gremlin Nob","floor":8,"turns":6},{"damage":5,"enemies":"Lots of Slimes","floor":11,"turns":4},{"damage":20,"enemies":"Lagavulin","floor":13,"turns":6},{"damage":49,"enemies":"The Guardian","floor":16,"turns":12},{"damage":11,"enemies":"Spheric Guardian","floor":18,"turns":3},{"damage":17,"enemies":"Chosen","floor":22,"turns":6},{"damage":62,"enemies":"3 Cultists","floor":24,"turns":7},{"damage":48,"enemies":"Book of Stabbing","floor":28,"turns":7},{"damage":20,"enemies":"Snake Plant","floor":29,"turns":5},{"damage":10,"enemies":"Cultist and Chosen","floor":30,"turns":8},{"damage":54,"enemies":"Automaton","floor":33,"turns":10}],"seed_played":"-1282713540989664607","potions_obtained":[{"floor":2,"key":"Fire Potion"},{"floor":4,"key":"Strength Potion"},{"floor":16,"key":"SpeedPotion"},{"floor":28,"key":"Ancient Potion"}],"is_trial":false,"path_per_floor":["M","M","M","M","M","E","R","E","T","R","M","?","E","$","R","B",null,"M","?","T","?","M","R","M","R","T","R","E","M","M","?","R","B"],"character_chosen":"DEFECT","items_purchased":["Question Card","Loop"],"campfire_rested":6,"item_purchase_floors":[14,14],"current_hp_per_floor":[77,75,75,75,77,65,65,29,29,54,51,51,35,35,60,17,68,61,45,45,45,34,61,9,36,36,63,25,11,13,13,40,0,0],"gold":429,"neow_bonus":"BOSS_RELIC","is_daily":false,"chose_seed":false,"campfire_upgraded":1,"win_rate":0.0,"timestamp":1609980104,"path_taken":["M","M","M","M","M","E","R","E","T","R","M","?","E","$","R","BOSS","M","?","?","?","M","R","M","R","T","R","E","M","M","?","R","BOSS"],"items_purchased_type":["Relic","Card"],"build_version":"2020-12-22","purchased_purges":0,"victory":false,"max_hp_per_floor":[85,85,85,85,85,85,85,85,85,85,85,85,85,85,85,85,85,85,90,90,90,90,90,90,90,90,90,90,90,90,90,90,90,90],"relic_stats":{"Blood Vial":34,"Inserter":[23],"counters":[17,107],"Bird Faced Urn":[52],"Blue Candle":[5],"Nloth\u0027s Gift":0,"Whetstone":["Cold Snap","Streamline"],"War Paint":["Zap","Defend_B"],"MawBank":156,"obtain_stats":[{"Pear":0,"Inserter":17,"Blue Candle":26,"Vajra":13,"Whetstone":28,"War Paint":8,"Ancient Tea Set":9,"Question Card":14,"MawBank":20,"Calling Bell":0,"Blood Vial":0,"Anchor":6,"Bird Faced Urn":0,"Nloth\u0027s Gift":31,"Cracked Core":0},{"Pear":0,"Inserter":10,"Blue Candle":13,"Vajra":9,"Whetstone":14,"War Paint":7,"Ancient Tea Set":7,"Question Card":9,"MawBank":11,"Calling Bell":0,"Blood Vial":0,"Anchor":6,"Bird Faced Urn":0,"Nloth\u0027s Gift":16,"Cracked Core":0},{"Pear":0,"Inserter":62,"Blue Candle":77,"Vajra":50,"Whetstone":84,"War Paint":40,"Ancient Tea Set":40,"Question Card":50,"MawBank":65,"Calling Bell":0,"Blood Vial":0,"Anchor":34,"Bird Faced Urn":0,"Nloth\u0027s Gift":97,"Cracked Core":0}]},"card_choices":[{"not_picked":["Conserve Battery","Rebound"],"picked":"Glacier","floor":1},{"not_picked":["Turbo","Reprogram"],"picked":"Compile Driver","floor":2},{"not_picked":["Chill","Compile Driver","Turbo"],"picked":"SKIP","floor":3},{"not_picked":["Chill","Turbo"],"picked":"Compile Driver","floor":3},{"not_picked":["Coolheaded","Cold Snap"],"picked":"Fission","floor":4},{"not_picked":["Self Repair","Fusion"],"picked":"Streamline","floor":5},{"not_picked":["Beam Cell","FTL"],"picked":"Compile Driver","floor":6},{"not_picked":["Steam","Tempest"],"picked":"Steam Power","floor":8},{"not_picked":["Recycle","Glacier"],"picked":"Static Discharge","floor":11},{"not_picked":["Compile Driver","Steam"],"picked":"Streamline","floor":13},{"not_picked":["Buffer","Rainbow","All For One"],"picked":"Echo Form","floor":16},{"not_picked":["Go for the Eyes","Turbo","Barrage"],"picked":"Beam Cell+1","floor":18},{"not_picked":["Storm","Compile Driver","Stack"],"picked":"Loop","floor":22},{"not_picked":["Gash","Barrage","Storm"],"picked":"Cold Snap","floor":24},{"not_picked":["Reprogram","Ball Lightning","Amplify"],"picked":"Conserve Battery","floor":28},{"not_picked":["Recycle","Lockon","Stack"],"picked":"Skim","floor":29},{"not_picked":["Stack","Barrage","Turbo"],"picked":"Ball Lightning+1","floor":30}],"player_experience":448875,"relics_obtained":[{"floor":0,"key":"Blood Vial"},{"floor":0,"key":"Pear"},{"floor":0,"key":"Bird Faced Urn"},{"floor":6,"key":"Anchor"},{"floor":8,"key":"War Paint"},{"floor":9,"key":"Ancient Tea Set"},{"floor":13,"key":"Vajra"},{"floor":20,"key":"MawBank"},{"floor":26,"key":"Blue Candle"},{"floor":28,"key":"Whetstone"}],"event_choices":[{"damage_healed":0,"gold_gain":55,"player_choice":"Gained Gold","damage_taken":0,"max_hp_gain":0,"max_hp_loss":0,"event_name":"Golden Wing","floor":12,"gold_loss":0},{"damage_healed":0,"gold_gain":0,"player_choice":"Shed Blood","damage_taken":21,"max_hp_gain":5,"max_hp_loss":0,"event_name":"Forgotten Altar","floor":19,"gold_loss":0},{"damage_healed":0,"gold_gain":0,"player_choice":"Simplicity","damage_taken":0,"max_hp_gain":0,"max_hp_loss":0,"event_name":"Back to Basics","floor":21,"gold_loss":0,"cards_upgraded":["Strike_B","Strike_B","Strike_B","Strike_B","Defend_B","Defend_B","Defend_B"]},{"damage_healed":0,"gold_gain":0,"player_choice":"Traded Relic","damage_taken":0,"relics_obtained":["Nloth\u0027s Gift"],"max_hp_gain":0,"max_hp_loss":0,"event_name":"N\u0027loth","floor":31,"relics_lost":["Question Card"],"gold_loss":0}],"is_beta":false,"boss_relics":[{"not_picked":["Pandora\u0027s Box","Nuclear Battery"],"picked":"Inserter"}],"items_purged_floors":[],"is_endless":false,"potions_floor_spawned":[2,4,11,16,28,29],"killed_by":"Automaton","ascension_level":13}}