{"host":"1hzg86ju9fvxh562","time":1609978239,"event":{"mods":["AchievementEnabler","Act Like it!","AlwaysNeverKeys","BaseMod","Bestiary","Better Altar","Better Match","Better Note","Better Sensory Stone","Better Skull","Better Third Choice","Colored Map","Colored Powertips","Curses Come First","Displayed Cursed Tome","Filter the Spire","Highlight Path","Keyboard Shortcuts","Minty Spire (QoL Compilation)","Rare Cards Sparkle","Relic Sorter","Relic Stats","Spicy Shops","StSLib","everything is the same but u backflip on backflip","slay the spire mod where everything is the same but ironclad has a cowboy hat"],"gold_per_floor":[113,113,35,35,35,60,60,79,148,176,195,40,68,68,68,169,169,181,196,212,162,162,162,172,172,195,195,212,54,80,93,93,93,93],"floor_reached":33,"playtime":1573,"items_purged":["Strike_P","Strike_P"],"score":283,"play_id":"b4b6b54c-c668-4aa7-b52c-48443b32ad53","local_time":"20210106221039","is_ascension_mode":false,"campfire_choices":[{"data":"EmptyMind","floor":7,"key":"SMITH"},{"data":"CutThroughFate","floor":15,"key":"SMITH"},{"data":"CarveReality","floor":23,"key":"SMITH"},{"floor":25,"key":"REST"},{"floor":32,"key":"REST"}],"circlet_count":0,"master_deck":["Strike_P","Strike_P","Defend_P","Defend_P","Defend_P","Eruption+1","Vigilance","CutThroughFate+1","EmptyMind+1","WheelKick","CarveReality+1","CutThroughFate+1","FlyingSleeves","Conclude"],"relics":["Philosopher\u0027s Stone"],"acts_visited":["Exordium","TheCity"],"potions_floor_usage":[10,16,16,28,30,31,33],"damage_taken":[{"damage":0,"enemies":"2 Louse","floor":1,"turns":2},{"damage":17,"enemies":"Gremlin Nob","floor":6,"turns":3},{"damage":0,"enemies":"Cultist","floor":8,"turns":2},{"damage":15,"enemies":"Lagavulin","floor":10,"turns":6},{"damage":4,"enemies":"Jaw Worm","floor":11,"turns":2},{"damage":7,"enemies":"3 Sentries","floor":13,"turns":4},{"damage":9,"enemies":"Hexaghost","floor":16,"turns":4},{"damage":4,"enemies":"Chosen","floor":18,"turns":3},{"damage":0,"enemies":"Spheric Guardian","floor":19,"turns":2},{"damage":24,"enemies":"3 Cultists","floor":20,"turns":4},{"damage":18,"enemies":"Shelled Parasite and Fungi","floor":24,"turns":4},{"damage":6,"enemies":"Snake Plant","floor":28,"turns":3},{"damage":17,"enemies":"Book of Stabbing","floor":30,"turns":3},{"damage":16,"enemies":"Snecko","floor":31,"turns":3},{"damage":56,"enemies":"Collector","floor":33,"turns":6}],"seed_played":"4790369616570492824","potions_obtained":[{"floor":6,"key":"Weak Potion"},{"floor":8,"key":"SpeedPotion"},{"floor":11,"key":"DistilledChaos"},{"floor":13,"key":"DistilledChaos"},{"floor":14,"key":"Block Potion"},{"floor":20,"key":"ColorlessPotion"},{"floor":28,"key":"Energy Potion"},{"floor":31,"key":"Energy Potion"}],"is_trial":false,"path_per_floor":["M","?","$","?","?","E","R","M","T","E","M","$","E","?","R","B",null,"M","M","M","?","?","R","M","R","T","?","M","$","E","M","R","B"],"character_chosen":"WATCHER","items_purchased":["EmptyMind","CarveReality","FlyingSleeves"],"campfire_rested":2,"item_purchase_floors":[3,12,29],"current_hp_per_floor":[72,72,72,77,77,60,60,60,60,45,41,41,34,34,34,25,77,73,73,49,49,49,49,31,54,54,54,48,48,31,15,38,0,0],"gold":93,"neow_bonus":"BOSS_RELIC","is_daily":false,"chose_seed":false,"campfire_upgraded":3,"win_rate":0.0,"timestamp":1609978239,"path_taken":["M","?","?","?","?","E","R","M","T","E","?","?","E","?","R","BOSS","M","M","?","?","?","R","?","R","T","?","?","?","E","M","R","BOSS"],"items_purchased_type":["Card","Card","Card"],"build_version":"2020-12-22","purchased_purges":2,"victory":false,"max_hp_per_floor":[72,72,72,77,77,77,77,77,77,77,77,77,77,77,77,77,77,77,77,77,77,77,77,77,77,77,77,77,77,77,77,77,77,77],"relic_stats":{"counters":[15,51],"obtain_stats":[{"Philosopher\u0027s Stone":0,"PureWater":0},{"Philosopher\u0027s Stone":0,"PureWater":0},{"Philosopher\u0027s Stone":0,"PureWater":0}]},"card_choices":[{"not_picked":["BowlingBash","ReachHeaven"],"picked":"CutThroughFate","floor":1},{"not_picked":["SandsOfTime","SashWhip"],"picked":"WheelKick","floor":6},{"not_picked":["Crescendo","ThirdEye","Evaluate"],"picked":"SKIP","floor":8},{"not_picked":["ThirdEye","EmptyBody","JustLucky"],"picked":"SKIP","floor":10},{"not_picked":["EmptyMind","Collect","Crescendo"],"picked":"SKIP","floor":11},{"not_picked":["SandsOfTime","Establishment","ClearTheMind"],"picked":"SKIP","floor":13},{"not_picked":["Crescendo","EmptyFist","Halt"],"picked":"SKIP","floor":18},{"not_picked":["FlyingSleeves","FollowUp","ThirdEye"],"picked":"SKIP","floor":19},{"not_picked":["EmptyBody","Crescendo","Sanctity+1"],"picked":"SKIP","floor":20},{"not_picked":["Indignation","CrushJoints+1","CarveReality"],"picked":"SKIP","floor":24},{"not_picked":["EmptyBody","Establishment"],"picked":"CutThroughFate+1","floor":28},{"not_picked":["Worship","EmptyBody","ThirdEye"],"picked":"SKIP","floor":30},{"not_picked":["ThirdEye+1","Tantrum"],"picked":"Conclude","floor":31}],"player_experience":440355,"relics_obtained":[],"event_choices":[{"damage_healed":0,"gold_gain":0,"player_choice":"Relic","damage_taken":0,"max_hp_gain":0,"max_hp_loss":0,"event_name":"Wheel of Change","floor":2,"gold_loss":0},{"damage_healed":0,"gold_gain":0,"player_choice":"Donut","damage_taken":0,"max_hp_gain":5,"max_hp_loss":0,"event_name":"Big Fish","floor":4,"gold_loss":0},{"damage_healed":0,"gold_gain":0,"player_choice":"Forge","damage_taken":0,"max_hp_gain":0,"max_hp_loss":0,"event_name":"Accursed Blacksmith","floor":5,"gold_loss":0,"cards_upgraded":["Eruption"]},{"damage_healed":0,"gold_gain":0,"player_choice":"Got Potions","damage_taken":0,"max_hp_gain":0,"max_hp_loss":0,"event_name":"Lab","floor":14,"gold_loss":0},{"damage_healed":0,"gold_gain":0,"player_choice":"Bet on Murderer","damage_taken":0,"max_hp_gain":0,"max_hp_loss":0,"event_name":"The Joust","floor":21,"gold_loss":50},{"cards_removed":["Defend_P"],"damage_healed":0,"gold_gain":0,"player_choice":"Offered Basic","damage_taken":0,"max_hp_gain":0,"max_hp_loss":0,"event_name":"Bonfire Elementals","floor":22,"gold_loss":0},{"damage_healed":0,"gold_gain":0,"player_choice":"Relic","damage_taken":0,"max_hp_gain":0,"max_hp_loss":0,"event_name":"Wheel of Change","floor":27,"gold_loss":0}],"is_beta":false,"boss_relics":[{"not_picked":["SacredBark","Calling Bell","Fusion Hammer"]}],"items_purged_floors":[12,29],"is_endless":false,"potions_floor_spawned":[6,8,11,13,20,28,31],"killed_by":"Collector","ascension_level":0}}