{"host":"cijhj3091wf4aho3","time":1609991827,"event":{"mods":["BaseMod","Colored Map","Colored Powertips","Downfall","Friendly Minions","GifTheSpireLib","Highlight Path","Minty Spire (QoL Compilation)","Permanent Neow","Random Character Button","Relic Sorter","Relic Stats","StSLib","everything is the same but u backflip on backflip","slay the spire mod where everything is the same but ironclad has a cowboy hat"],"gold_per_floor":[99,115,170,170,190,115,139,124,109,109,142,157,82,257,277,379,379,379,379,62,62,62,62,62,62,62,62,62,62,62,62,62,62,62,62,62,62,62,62,62,62,62,62,62,62,62,62,62,62,62,62,62,62,62,62],"floor_reached":56,"playtime":3505,"items_purged":["champ:Strike"],"score":2028,"play_id":"d3abeb05-c591-4319-983a-f77e1f9e2c89","local_time":"20210106195707","is_ascension_mode":true,"campfire_choices":[{"floor":1.0,"key":"RECALL"},{"floor":6.0,"key":"REST"},{"data":"champ:Taunt","floor":10.0,"key":"SMITH"},{"data":"champ:Encircle","floor":13.0,"key":"SMITH"},{"data":"champ:CheapShot","floor":18.0,"key":"SMITH"},{"data":"champ:Control","floor":28.0,"key":"SMITH"},{"data":"champ:GutPunch","floor":30.0,"key":"SMITH"},{"data":"champ:Shatter","floor":35,"key":"SMITH"},{"data":"champ:AdrenalArmor","floor":46,"key":"SMITH"},{"data":"champ:Balance","floor":54,"key":"SMITH"}],"circlet_count":0,"master_deck":["AscendersBane","champ:Strike","champ:Strike","champ:Defend","champ:Defend","champ:Defend+1","champ:Defend","champ:Execute","champ:Taunt+1","champ:BerserkersShout+1","champ:Backstep","champ:ArenaPreparation","champ:GutPunch+1","champ:Encircle+1","champ:AdrenalArmor+1","champ:HeartStrike","champ:CheapShot+1","champ:Shatter+1","champ:Control+1","champ:Improvising","champ:AdrenalArmor+1","champ:Balance+1","champ:EndlessRage+1"],"relics":["champ:ChampionCrown","champ:BlackKnightHelmet","Blood Vial","Gremlin Horn","downfall:ShatteredFragment","downfall:HeartBlessingRed","PreservedInsect","downfall:HeartBlessingGreen","downfall:Hecktoplasm","White Beast Statue","downfall:RedIOU","Blue Candle","Shuriken","downfall:HeartBlessingBlue","Matryoshka","Snecko Eye","Vajra","HornCleat","Strawberry","champ:DefensiveTrainingManual","Pen Nib","Letter Opener"],"acts_visited":["Exordium","TheCity","TheBeyond","TheEnding"],"potions_floor_usage":[50,55,55,55],"damage_taken":[{"damage":14.0,"enemies":"Small Slimes","floor":2.0,"turns":3.0},{"damage":55.0,"enemies":"Gremlin Nob","floor":3.0,"turns":5.0},{"damage":5.0,"enemies":"Jaw Worm","floor":5.0,"turns":3.0},{"damage":30.0,"enemies":"downfall:FleeingMerchant","floor":8.0,"turns":4.0},{"damage":29.0,"enemies":"downfall:FleeingMerchant","floor":9.0,"turns":4.0},{"damage":40.0,"enemies":"Gremlin Nob","floor":11.0,"turns":3.0},{"damage":5.0,"enemies":"2 Louse","floor":12.0,"turns":2.0},{"damage":55.0,"enemies":"downfall:FleeingMerchant","floor":14.0,"turns":4.0},{"damage":32.0,"enemies":"2 Fungi Beasts","floor":15.0,"turns":2.0},{"damage":69.0,"enemies":"downfall:Silent","floor":16.0,"turns":9.0},{"damage":26.0,"enemies":"Shell Parasite","floor":19.0,"turns":4.0},{"damage":28.0,"enemies":"Spheric Guardian","floor":21.0,"turns":3.0},{"damage":37.0,"enemies":"Centurion and Healer","floor":22.0,"turns":4.0},{"damage":42.0,"enemies":"Centurion and Healer","floor":25.0,"turns":7.0},{"damage":29.0,"enemies":"Slavers","floor":27.0,"turns":3.0},{"damage":30.0,"enemies":"Gremlin Leader","floor":29.0,"turns":3.0},{"damage":40.0,"enemies":"3 Cultists","floor":31.0,"turns":3.0},{"damage":17.0,"enemies":"Cultist and Chosen","floor":32.0,"turns":3.0},{"damage":87.0,"enemies":"downfall:Defect","floor":33.0,"turns":6.0},{"damage":28,"enemies":"3 Shapes","floor":36,"turns":3},{"damage":24,"enemies":"Orb Walker","floor":37,"turns":3},{"damage":43,"enemies":"Sphere and 2 Shapes","floor":39,"turns":3},{"damage":56,"enemies":"Giant Head","floor":40,"turns":5},{"damage":29,"enemies":"Spire Growth","floor":42,"turns":3},{"damage":46,"enemies":"Jaw Worm Horde","floor":43,"turns":3},{"damage":36,"enemies":"Nemesis","floor":45,"turns":4},{"damage":42,"enemies":"4 Shapes","floor":47,"turns":5},{"damage":35,"enemies":"Giant Head","floor":48,"turns":4},{"damage":59,"enemies":"Maw","floor":49,"turns":5},{"damage":43,"enemies":"downfall:Ironclad","floor":50,"turns":4},{"damage":39,"enemies":"downfall:CharBossMerchant","floor":52,"turns":4},{"damage":176,"enemies":"downfall:NeowBoss","floor":55,"turns":17}],"seed_played":"6035811949277934783","potions_obtained":[{"floor":2.0,"key":"Strength Potion"},{"floor":3.0,"key":"Regen Potion"},{"floor":12.0,"key":"Slimebound:ThreeZeroPotion"},{"floor":21.0,"key":"champ:CounterPotion"},{"floor":22.0,"key":"Weak Potion"},{"floor":25.0,"key":"sneckomod:MuddlingPotion"},{"floor":26.0,"key":"CultistPotion"},{"floor":29.0,"key":"FearPotion"},{"floor":33.0,"key":"PowerPotion"},{"floor":37,"key":"Strength Potion"},{"floor":48,"key":"Strength Potion"},{"floor":52,"key":"FearPotion"}],"is_trial":false,"path_per_floor":["R","M","?","?","M","R","T","$","$","R","E","M","R","$","M","B",null,"R","M","$","M","M","?","T","?","?","E","R","E","R","M","M","B",null,"R","M","M","?","M","E","T","M","M","$","E","R","M","E","M","B",null,"E","$","R","B",null],"character_chosen":"THE_CHAMP","items_purchased":["champ:HeartStrike","champ:Shatter","White Beast Statue"],"campfire_rested":1,"item_purchase_floors":[14,20,20],"current_hp_per_floor":[81,74,32,5,7,34,34,36,50,50,52,54,54,56,58,43,78,78,80,80,82,84,84,84,75,75,74,84,86,86,88,90,64,91,91,81,76,76,67,56,63,65,63,63,65,65,65,67,53,55,94,96,96,96,75],"gold":62,"neow_bonus":"RANDOM_COMMON_RELIC","is_daily":false,"chose_seed":false,"campfire_upgraded":8,"win_rate":0.0,"timestamp":1609991827,"path_taken":["R","M","?","?","M","R","T","?","$","R","E","M","R","$","M","BOSS","R","M","$","M","M","?","T","?","?","E","R","E","R","M","M","BOSS","R","M","M","?","?","E","T","M","M","?","E","R","M","E","M","BOSS","E","$","R","BOSS"],"items_purchased_type":["Card","Card","Relic"],"build_version":"2020-12-22","purchased_purges":1,"victory":true,"max_hp_per_floor":[90,90,90,90,90,90,90,90,90,90,90,90,90,90,90,90,90,90,90,90,90,90,90,90,90,90,90,100,100,100,100,100,100,100,100,100,100,100,100,100,107,107,107,107,107,107,107,107,107,107,107,107,107,107,107],"relic_stats":{"Blood Vial":64,"Gremlin Horn":[23,23],"counters":[32,138],"Shuriken":[46],"Blue Candle":[5],"Snecko Eye":[116,97,106,112],"PreservedInsect":569,"Pen Nib":[8],"Letter Opener":[75],"obtain_stats":[{"champ:BlackKnightHelmet":25,"downfall:ShatteredFragment":4,"Gremlin Horn":3,"downfall:HeartBlessingRed":6,"Blue Candle":25,"Vajra":40,"champ:ChampionCrown":0,"downfall:HeartBlessingGreen":13,"PreservedInsect":11,"Pen Nib":48,"Letter Opener":52,"War Paint":7,"White Beast Statue":20,"Blood Vial":0,"Matryoshka":29,"HornCleat":41,"Shuriken":27,"downfall:HeartBlessingBlue":28,"champ:DefensiveTrainingManual":45,"Strawberry":41,"Snecko Eye":34,"downfall:RedIOU":23,"downfall:Hecktoplasm":17},{"champ:BlackKnightHelmet":14,"downfall:ShatteredFragment":2,"Gremlin Horn":2,"downfall:HeartBlessingRed":3,"Blue Candle":14,"Vajra":23,"champ:ChampionCrown":0,"downfall:HeartBlessingGreen":7,"PreservedInsect":6,"Pen Nib":28,"Letter Opener":31,"War Paint":3,"White Beast Statue":11,"Blood Vial":0,"Matryoshka":16,"HornCleat":23,"Shuriken":15,"downfall:HeartBlessingBlue":15,"champ:DefensiveTrainingManual":26,"Strawberry":23,"Snecko Eye":19,"downfall:RedIOU":13,"downfall:Hecktoplasm":10},{"champ:BlackKnightHelmet":57,"downfall:ShatteredFragment":8,"Gremlin Horn":8,"downfall:HeartBlessingRed":11,"Blue Candle":57,"Vajra":89,"champ:ChampionCrown":0,"downfall:HeartBlessingGreen":24,"PreservedInsect":22,"Pen Nib":108,"Letter Opener":121,"War Paint":11,"White Beast Statue":43,"Blood Vial":0,"Matryoshka":63,"HornCleat":89,"Shuriken":60,"downfall:HeartBlessingBlue":60,"champ:DefensiveTrainingManual":99,"Strawberry":89,"Snecko Eye":75,"downfall:RedIOU":50,"downfall:Hecktoplasm":39}]},"card_choices":[{"not_picked":["champ:FightOn","champ:PerfectedStrike"],"picked":"champ:BerserkersShout","floor":2.0},{"not_picked":["champ:FlashCut","champ:FanOfKnives"],"picked":"champ:Backstep","floor":3.0},{"not_picked":["champ:ShieldSigil","champ:ArenaPreparation","champ:Backstep"],"picked":"SKIP","floor":5.0},{"not_picked":["champ:ShieldSigil","champ:Backstep"],"picked":"champ:ArenaPreparation","floor":5.0},{"not_picked":["champ:FocusedGladiator","champ:EnchantShield","champ:CalledShot"],"picked":"SKIP","floor":8.0},{"not_picked":["champ:Backstep","champ:Lariat"],"picked":"champ:GutPunch","floor":9.0},{"not_picked":["champ:GutPunch","champ:Lariat"],"picked":"champ:Encircle","floor":11.0},{"not_picked":["champ:DefensiveShout","champ:ShieldSigil"],"picked":"champ:AdrenalArmor","floor":12.0},{"not_picked":["champ:PerfectedStrike","champ:GladiatorsShout","champ:BerserkerStyle"],"picked":"SKIP","floor":14.0},{"not_picked":["champ:HeavySlash","champ:StanceDance","champ:GutPunch"],"picked":"SKIP","floor":15.0},{"not_picked":["champ:HoldFirm","champ:Devastate"],"picked":"champ:CheapShot","floor":16.0},{"not_picked":["champ:RageSigil","champ:TornadoPunch","champ:GladiatorStyle+1"],"picked":"SKIP","floor":19.0},{"not_picked":["champ:BerserkersShout","champ:GladiatorsShout+1","champ:ShieldSigil"],"picked":"SKIP","floor":21.0},{"not_picked":["champ:FalseCounter","champ:FocusedDefense+1","champ:FaceSlap"],"picked":"SKIP","floor":22.0},{"not_picked":["champ:CheapShot","champ:BladeFlurry"],"picked":"champ:Control","floor":27.0},{"not_picked":["champ:BringItOn","champ:TornadoPunch+1","champ:ShieldSigil"],"picked":"SKIP","floor":29.0},{"not_picked":["champ:CrookedStrike","champ:RapidStrikes","champ:GladiatorsShout+1"],"picked":"SKIP","floor":31.0},{"not_picked":["champ:BladeFlurry","champ:DefensiveShout+1","champ:ShieldSigil"],"picked":"SKIP","floor":32.0},{"not_picked":["champ:EnchantSword","champ:ShieldSlam"],"picked":"champ:Improvising","floor":33.0},{"not_picked":["champ:GladiatorsShout+1","champ:Circumvent","champ:EnragedBash+1"],"picked":"SKIP","floor":36},{"not_picked":["champ:DefensiveShout","champ:EnchantShield"],"picked":"champ:AdrenalArmor+1","floor":37},{"not_picked":["champ:BladeFlurry","champ:IronFortress","champ:ShieldSigil"],"picked":"SKIP","floor":39},{"not_picked":["champ:Balance+1","champ:GutPunch","champ:Backstep"],"picked":"SKIP","floor":40},{"not_picked":["champ:PerfectedStrike+1","champ:Backstep","champ:BladeFlurry"],"picked":"SKIP","floor":42},{"not_picked":["champ:SkillfulDodge","champ:BringItOn","champ:Aggression+1"],"picked":"SKIP","floor":43},{"not_picked":["champ:FanOfKnives+1","champ:Circumvent+1"],"picked":"champ:EndlessRage+1","floor":45},{"not_picked":["champ:ShieldSigil+1","champ:DefensiveShout+1","champ:EnchantSword"],"picked":"SKIP","floor":47},{"not_picked":["champ:FalseCounter+1","champ:TornadoPunch","champ:FocusedBerserking+1"],"picked":"SKIP","floor":48},{"not_picked":["champ:EnGarde+1","champ:TornadoPunch+1","champ:GutPunch"],"picked":"SKIP","floor":49},{"not_picked":["champ:Balance","champ:DefensiveStyle","champ:ShieldWall"],"picked":"SKIP","floor":52}],"player_experience":480086,"relics_obtained":[{"floor":3.0,"key":"Gremlin Horn"},{"floor":7.0,"key":"War Paint"},{"floor":11.0,"key":"PreservedInsect"},{"floor":25.0,"key":"Blue Candle"},{"floor":25.0,"key":"champ:BlackKnightHelmet"},{"floor":27.0,"key":"Shuriken"},{"floor":29.0,"key":"Matryoshka"},{"floor":40,"key":"Vajra"},{"floor":41,"key":"HornCleat"},{"floor":41,"key":"Strawberry"},{"floor":45,"key":"champ:DefensiveTrainingManual"},{"floor":48,"key":"Pen Nib"},{"floor":52,"key":"Letter Opener"}],"event_choices":[{"damage_healed":0,"gold_gain":0,"cards_transformed":["champ:Strike"],"player_choice":"Transformed","damage_taken":0,"max_hp_gain":0,"max_hp_loss":0,"event_name":"Transmorgrifier","floor":38,"gold_loss":0,"cards_obtained":["champ:Balance"]}],"is_beta":false,"boss_relics":[{"not_picked":["Philosopher\u0027s Stone","Coffee Dripper"],"picked":"downfall:Hecktoplasm"},{"not_picked":["Empty Cage","SacredBark"],"picked":"Snecko Eye"}],"items_purged_floors":[14],"is_endless":false,"potions_floor_spawned":[2,3,12,21,22,25,27,29,31,32,33,36,37,39,40,42,43,45,47,48,49,52],"ascension_level":10}}