{"host":"vsdszi3rnxsdp24p","time":1609978078,"event":{"mods":["AchievementEnabler","BaseMod","Bestiary","Colored Map","Colored Powertips","Curses Come First","Custom Start","DeckTracker","Downfall","Hermit","Highlight Path","Ironclad Rager","Minty Spire (QoL Compilation)","Quick Restart","Relic Sorter","Relic Stats","StSLib","SuperFastMode","Synergy Search","The Cursed","The Mystic"],"gold_per_floor":[109,128,128,128,153,153,176,207,232,232,232,252,252,252,252,383,383,407,432,453,466,565,601,613,649,707,753,765,813,841,873,885,1020,1032,1059,1087,1155,1185,1530,1542,1583,1614,1626,1638,1668,1680,1692,1737,1749,1761],"floor_reached":51,"playtime":2272,"items_purged":[],"score":991,"play_id":"8bfb152b-e728-4063-a5a2-fce476464c0b","local_time":"20210107010758","is_ascension_mode":false,"campfire_choices":[{"data":"1","floor":6,"key":"LIFT"},{"data":"2","floor":10,"key":"LIFT"},{"data":"3","floor":13,"key":"LIFT"},{"floor":15,"key":"REST"},{"floor":24,"key":"DIG"},{"floor":32,"key":"REST"},{"floor":40,"key":"DIG"},{"floor":44,"key":"DIG"},{"floor":47,"key":"DIG"},{"floor":49,"key":"DIG"}],"circlet_count":0,"master_deck":["Guardian:PackageDefect","BecomeAlmighty","Apotheosis","Ball Lightning","Ball Lightning+1","Redo","Redo","Turbo","Turbo","Tempest","Static Discharge","ICR:ChainLightning","Amplify","Storm","Defragment","Capacitor","Echo Form","Defragment","Capacitor","Ball Lightning","Thunder Strike+1","Zap","Electrodynamics","ICR:ChainLightning","Ball Lightning","Multi-Cast","Hello World","Ball Lightning","ICR:FrostFall+1","Loop","Consume+1","Parasite","Capacitor+1"],"relics":["Cracked Core","Symbiotic Virus","Lantern","Membership Card","Question Card","Dream Catcher","Inserter","Cables","Gremlin Horn","SlaversCollar","Runic Capacitor","DataDisk","Ice Cream","Damaru","PureWater","Happy Flower","Girya","Strawberry","Mango","Mummified Hand","Turnip","Regal Pillow","Orichalcum","Shovel","Oddly Smooth Stone","Whetstone","Pear","Lizard Tail","Emotion Chip","Centennial Puzzle","Ancient Tea Set","Vajra","Black Star","MawBank","Sundial","Matryoshka","Eternal Feather","Smiling Mask","champ:DeflectingBracers","Bag of Marbles","Nilry\u0027s Codex","Toxic Egg 2","Singing Bowl","Runic Dome","Dead Branch","StrikeDummy","Bag of Preparation","Bird Faced Urn","Nunchaku","CeramicFish","StoneCalendar","Darkstone Periapt","Frozen Egg 2","Bottled Flame"],"acts_visited":["Exordium","TheCity","TheBeyond"],"potions_floor_usage":[29,29,35,37,41,41,41,50],"damage_taken":[{"damage":5,"enemies":"Jaw Worm","floor":1,"turns":2},{"damage":5,"enemies":"2 Louse","floor":2,"turns":2},{"damage":0,"enemies":"Small Slimes","floor":5,"turns":2},{"damage":6,"enemies":"2 Fungi Beasts","floor":7,"turns":2},{"damage":0,"enemies":"Gremlin Nob","floor":8,"turns":2},{"damage":10,"enemies":"Large Slime","floor":12,"turns":2},{"damage":0,"enemies":"Slime Boss","floor":16,"turns":3},{"damage":4,"enemies":"3 Byrds","floor":18,"turns":2},{"damage":4,"enemies":"Shell Parasite","floor":19,"turns":2},{"damage":10,"enemies":"Shelled Parasite and Fungi","floor":20,"turns":2},{"damage":0,"enemies":"Snake Plant","floor":21,"turns":2},{"damage":0,"enemies":"Gremlin Leader","floor":23,"turns":2},{"damage":4,"enemies":"Cultist and Chosen","floor":25,"turns":2},{"damage":14,"enemies":"Slavers","floor":27,"turns":2},{"damage":12,"enemies":"Gremlin Leader","floor":29,"turns":2},{"damage":0,"enemies":"Centurion and Healer","floor":30,"turns":2},{"damage":0,"enemies":"Shelled Parasite and Fungi","floor":31,"turns":1},{"damage":8,"enemies":"Automaton","floor":33,"turns":3},{"damage":0,"enemies":"3 Darklings","floor":35,"turns":2},{"damage":10,"enemies":"3 Shapes","floor":36,"turns":2},{"damage":19,"enemies":"2 Orb Walkers","floor":37,"turns":2},{"damage":17,"enemies":"Writhing Mass","floor":38,"turns":2},{"damage":18,"enemies":"Nemesis","floor":41,"turns":3},{"damage":0,"enemies":"Transient","floor":42,"turns":5},{"damage":3,"enemies":"Sphere and 2 Shapes","floor":45,"turns":2},{"damage":0,"enemies":"Writhing Mass","floor":48,"turns":3},{"damage":15,"enemies":"Time Eater","floor":50,"turns":3}],"seed_played":"-9021099615118281764","potions_obtained":[{"floor":1,"key":"DuplicationPotion"},{"floor":2,"key":"PowerPotion"},{"floor":16,"key":"SmokeBomb"},{"floor":29,"key":"Weak Potion"},{"floor":30,"key":"SkillPotion"},{"floor":36,"key":"LiquidBronze"},{"floor":37,"key":"EntropicBrew"},{"floor":45,"key":"AttackPotion"}],"is_trial":true,"path_per_floor":["M","M","?","?","M","R","M","E","T","R","?","M","R","?","R","B",null,"M","M","M","M","?","E","R","M","T","E","?","E","M","M","R","B",null,"M","M","?","M","?","R","E","M","T","R","M","T","R","M","R","B",null],"character_chosen":"DEFECT","items_purchased":[],"campfire_rested":2,"item_purchase_floors":[],"current_hp_per_floor":[101,96,101,101,101,101,95,95,95,95,95,85,85,78,103,103,103,99,95,85,85,85,85,85,81,81,67,51,41,43,43,109,103,111,113,105,88,73,73,91,75,107,107,123,124,124,125,131,131,120],"gold":1773,"neow_bonus":"","is_daily":false,"chose_seed":false,"campfire_upgraded":0,"win_rate":0.0,"timestamp":1609978078,"path_taken":["M","M","?","?","M","R","M","E","T","R","?","M","R","?","R","BOSS","M","M","M","M","?","E","R","M","T","E","?","E","M","M","R","BOSS","M","M","?","M","?","R","E","M","T","R","M","?","R","M","R","BOSS"],"items_purchased_type":[],"build_version":"2020-12-22","purchased_purges":0,"victory":true,"max_hp_per_floor":[106,106,111,103,103,103,103,103,103,103,103,103,103,103,103,103,103,103,103,103,103,103,103,103,103,103,103,103,105,107,107,109,111,111,113,115,117,119,119,119,121,123,123,123,125,125,125,131,131,131],"relic_stats":{"Darkstone Periapt":6,"Regal Pillow":14,"Gremlin Horn":[18,22],"Singing Bowl":22,"CeramicFish":18,"StoneCalendar":[0],"Bag of Preparation":[8],"Whetstone":["Ball Lightning","Thunder Strike"],"Smiling Mask":0,"Dream Catcher":2,"Lizard Tail":0,"Emotion Chip":[87,69,0,18,0],"Centennial Puzzle":[42],"Nunchaku":[0],"Shovel":5,"Mummified Hand":[171],"Sundial":[0],"Inserter":[28],"Happy Flower":[20],"counters":[27,61],"Dead Branch":[18],"Eternal Feather":53,"Orichalcum":[204],"Question Card":28,"MawBank":336,"Cables":[57,39,2,16,0],"Bird Faced Urn":[36],"Turnip":[3],"Black Star":4,"obtain_stats":[{"Ice Cream":0,"Gremlin Horn":0,"Nilry\u0027s Codex":28,"CeramicFish":43,"Vajra":14,"Runic Capacitor":0,"Whetstone":0,"Lizard Tail":0,"Centennial Puzzle":8,"Sundial":23,"Strawberry":0,"Toxic Egg 2":29,"Girya":0,"Pear":0,"Happy Flower":0,"Dead Branch":37,"Oddly Smooth Stone":0,"Eternal Feather":26,"Question Card":0,"Cables":0,"SlaversCollar":0,"Runic Dome":34,"Bottled Flame":49,"Bird Faced Urn":41,"Black Star":17,"Symbiotic Virus":0,"StrikeDummy":40,"Darkstone Periapt":46,"Lantern":0,"Regal Pillow":0,"Singing Bowl":29,"Mango":0,"StoneCalendar":44,"Bag of Preparation":41,"Ancient Tea Set":9,"Smiling Mask":26,"Dream Catcher":0,"Emotion Chip":0,"Nunchaku":43,"Shovel":0,"Matryoshka":24,"Mummified Hand":0,"Cracked Core":0,"Inserter":0,"Golden Idol":4,"Damaru":0,"champ:DeflectingBracers":27,"Orichalcum":0,"Frozen Egg 2":47,"MawBank":23,"DataDisk":0,"Turnip":0,"Bag of Marbles":27,"Membership Card":0,"PureWater":0},{"Ice Cream":0,"Gremlin Horn":0,"Nilry\u0027s Codex":14,"CeramicFish":24,"Vajra":6,"Runic Capacitor":0,"Whetstone":0,"Lizard Tail":0,"Centennial Puzzle":5,"Sundial":12,"Strawberry":0,"Toxic Egg 2":15,"Girya":0,"Pear":0,"Happy Flower":0,"Dead Branch":21,"Oddly Smooth Stone":0,"Eternal Feather":13,"Question Card":0,"Cables":0,"SlaversCollar":0,"Runic Dome":18,"Bottled Flame":26,"Bird Faced Urn":23,"Black Star":7,"Symbiotic Virus":0,"StrikeDummy":22,"Darkstone Periapt":25,"Lantern":0,"Regal Pillow":0,"Singing Bowl":15,"Mango":0,"StoneCalendar":24,"Bag of Preparation":23,"Ancient Tea Set":5,"Smiling Mask":13,"Dream Catcher":0,"Emotion Chip":0,"Nunchaku":24,"Shovel":0,"Matryoshka":12,"Mummified Hand":0,"Cracked Core":0,"Inserter":0,"Golden Idol":2,"Damaru":0,"champ:DeflectingBracers":14,"Orichalcum":0,"Frozen Egg 2":25,"MawBank":12,"DataDisk":0,"Turnip":0,"Bag of Marbles":14,"Membership Card":0,"PureWater":0},{"Ice Cream":0,"Gremlin Horn":0,"Nilry\u0027s Codex":29,"CeramicFish":53,"Vajra":12,"Runic Capacitor":0,"Whetstone":0,"Lizard Tail":0,"Centennial Puzzle":10,"Sundial":25,"Strawberry":0,"Toxic Egg 2":31,"Girya":0,"Pear":0,"Happy Flower":0,"Dead Branch":43,"Oddly Smooth Stone":0,"Eternal Feather":27,"Question Card":0,"Cables":0,"SlaversCollar":0,"Runic Dome":37,"Bottled Flame":58,"Bird Faced Urn":48,"Black Star":15,"Symbiotic Virus":0,"StrikeDummy":45,"Darkstone Periapt":55,"Lantern":0,"Regal Pillow":0,"Singing Bowl":31,"Mango":0,"StoneCalendar":53,"Bag of Preparation":48,"Ancient Tea Set":10,"Smiling Mask":27,"Dream Catcher":0,"Emotion Chip":0,"Nunchaku":53,"Shovel":0,"Matryoshka":25,"Mummified Hand":0,"Cracked Core":0,"Inserter":0,"Golden Idol":4,"Damaru":0,"champ:DeflectingBracers":29,"Orichalcum":0,"Frozen Egg 2":55,"MawBank":25,"DataDisk":0,"Turnip":0,"Bag of Marbles":29,"Membership Card":0,"PureWater":0}]},"card_choices":[{"not_picked":["Chill","Compile Driver","Go for the Eyes","Self Repair"],"picked":"SKIP","floor":1},{"not_picked":["Doom and Gloom","Barrage","Undo","Ball Lightning"],"picked":"SKIP","floor":2},{"not_picked":["Streamline","Ball Lightning","Barrage"],"picked":"ICR:ChainLightning","floor":5},{"not_picked":["Go for the Eyes","Scrape","Genetic Algorithm","Conserve Battery"],"picked":"SKIP","floor":7},{"not_picked":["Steam Power","Steam","Sunder","Beam Cell"],"picked":"SKIP","floor":8},{"not_picked":["Cold Snap","Sweeping Beam","Coolheaded","Scrape"],"picked":"SKIP","floor":12},{"not_picked":["Streamline","Coolheaded","Tempest"],"picked":"Ball Lightning","floor":15},{"not_picked":["Hyperbeam","Rainbow","Core Surge"],"picked":"Multi-Cast","floor":16},{"not_picked":["Chill","Streamline","Hologram+1"],"picked":"Hello World","floor":18},{"not_picked":["Gash","Tempest","Melter+1"],"picked":"Ball Lightning","floor":19},{"not_picked":["Compile Driver","BootSequence","Redo"],"picked":"ICR:FrostFall+1","floor":20},{"not_picked":["BootSequence","Gash+1","Rebound","Force Field+1"],"picked":"SKIP","floor":21},{"not_picked":["Gash","Stack+1","Conserve Battery","Hologram"],"picked":"SKIP","floor":23},{"not_picked":["Gash","Chill","ICR:ChainLightning+1","Hyperbeam"],"picked":"SKIP","floor":25},{"not_picked":["Force Field","Gash","Tempest+1"],"picked":"Loop","floor":27},{"not_picked":["Coolheaded+1","Loop","Hologram+1","Redo+1"],"picked":"Singing Bowl","floor":29},{"not_picked":["Beam Cell","Recycle+1","Chaos+1","Redo+1"],"picked":"Singing Bowl","floor":30},{"not_picked":["Compile Driver","Turbo+1","Beam Cell+1"],"picked":"Consume+1","floor":31},{"not_picked":["FTL","Compile Driver+1","Storm+1","Beam Cell+1"],"picked":"Singing Bowl","floor":32},{"not_picked":["Creative AI","Echo Form","Biased Cognition","Meteor Strike"],"picked":"Singing Bowl","floor":33},{"not_picked":["Streamline+1","Conserve Battery+1","Leap+1","Cold Snap+1"],"picked":"Singing Bowl","floor":35},{"not_picked":["Sweeping Beam","Rip and Tear+1","Chill+1","Darkness+1"],"picked":"Singing Bowl","floor":36},{"not_picked":["Consume+1","Doom and Gloom+1","Gash","Glacier+1"],"picked":"Singing Bowl","floor":37},{"not_picked":["Capacitor+1","Conserve Battery+1","Beam Cell+1","Tempest+1"],"picked":"Singing Bowl","floor":38},{"not_picked":["Turbo+1","Stack+1","Glacier+1","ICR:Cyclone"],"picked":"Singing Bowl","floor":41},{"not_picked":["Hologram+1","Conserve Battery+1","Sweeping Beam+1","Fusion+1"],"picked":"Singing Bowl","floor":42},{"not_picked":["Barrage","Beam Cell","Reinforced Body+1","Rebound+1"],"picked":"Singing Bowl","floor":45},{"not_picked":["Redo+1","Compile Driver","Steam Power+1"],"picked":"Capacitor+1","floor":48}],"player_experience":152529,"relics_obtained":[{"floor":8,"key":"Centennial Puzzle"},{"floor":9,"key":"Ancient Tea Set"},{"floor":23,"key":"MawBank"},{"floor":23,"key":"Sundial"},{"floor":24,"key":"Matryoshka"},{"floor":26,"key":"Eternal Feather"},{"floor":26,"key":"Smiling Mask"},{"floor":27,"key":"champ:DeflectingBracers"},{"floor":27,"key":"Bag of Marbles"},{"floor":28,"key":"Nilry\u0027s Codex"},{"floor":29,"key":"Toxic Egg 2"},{"floor":29,"key":"Singing Bowl"},{"floor":37,"key":"Dead Branch"},{"floor":40,"key":"StrikeDummy"},{"floor":41,"key":"Bag of Preparation"},{"floor":41,"key":"Bird Faced Urn"},{"floor":43,"key":"Nunchaku"},{"floor":43,"key":"CeramicFish"},{"floor":44,"key":"StoneCalendar"},{"floor":46,"key":"Darkstone Periapt"},{"floor":47,"key":"Frozen Egg 2"},{"floor":49,"key":"Bottled Flame"}],"event_choices":[{"damage_healed":0,"gold_gain":0,"player_choice":"Donut","damage_taken":0,"max_hp_gain":5,"max_hp_loss":0,"event_name":"Big Fish","floor":3,"gold_loss":0},{"damage_healed":0,"gold_gain":0,"player_choice":"Lose Max HP","damage_taken":0,"relics_obtained":["Golden Idol"],"max_hp_gain":0,"max_hp_loss":8,"event_name":"Golden Idol","floor":4,"gold_loss":0},{"damage_healed":0,"gold_gain":0,"player_choice":"Ignored","damage_taken":0,"max_hp_gain":0,"max_hp_loss":0,"event_name":"Liars Game","floor":11,"gold_loss":0},{"damage_healed":0,"gold_gain":0,"player_choice":"Success","damage_taken":7,"relics_obtained":["Vajra"],"max_hp_gain":0,"max_hp_loss":0,"event_name":"Scrap Ooze","floor":14,"gold_loss":0},{"damage_healed":0,"gold_gain":99,"player_choice":"Stole From Cult","damage_taken":0,"max_hp_gain":0,"max_hp_loss":0,"event_name":"Nest","floor":22,"gold_loss":0},{"damage_healed":0,"gold_gain":0,"player_choice":"Obtained Book","damage_taken":16,"max_hp_gain":0,"max_hp_loss":0,"event_name":"Cursed Tome","floor":28,"gold_loss":0},{"damage_healed":0,"gold_gain":0,"player_choice":"Fight","damage_taken":0,"max_hp_gain":0,"max_hp_loss":0,"event_name":"Mysterious Sphere","floor":37,"gold_loss":0},{"damage_healed":0,"gold_gain":333,"player_choice":"Gave Idol","damage_taken":0,"max_hp_gain":0,"max_hp_loss":0,"event_name":"The Moai Head","floor":39,"relics_lost":["Golden Idol"],"gold_loss":0}],"is_beta":false,"boss_relics":[{"not_picked":["Ectoplasm","Tiny House"],"picked":"Black Star"},{"not_picked":["Snecko Eye","Coffee Dripper"],"picked":"Runic Dome"}],"items_purged_floors":[],"is_endless":false,"potions_floor_spawned":[1,2,16,23,25,29,30,33,36,37,45],"ascension_level":0}}