{"host":"ig7tc0uedzltt2sr","time":1609989252,"event":{"mods":["BaseMod","Better Twitch Integration","Block Reminder","Colored Map","Colored Powertips","Communication Mod","Current Relic Mod","GifTheSpireLib","HexUI Lib","Minty Spire (QoL Compilation)","Quick Restart","Random Character Button","Rare Cards Sparkle","Relic Sorter","Relic Stats","Slay the Relics Exporter","StSLib","SuperFastMode","Synergy Search","Twitch Decklist","Twitch Utils","everything is the same but u backflip on backflip","slay the spire mod where everything is the same but ironclad has a cowboy hat"],"gold_per_floor":[118,134,134,147,147,147,158,158,158,158,158,158],"floor_reached":11,"playtime":40,"items_purged":[],"score":63,"play_id":"5266b480-cd07-4665-92b1-98bce21f5709","local_time":"20210106191412","is_ascension_mode":false,"campfire_choices":[{"data":"Defend_R","floor":6,"key":"SMITH"},{"floor":8,"key":"REST"}],"circlet_count":0,"master_deck":["Strike_R","Strike_R","Strike_R","Strike_R","Strike_R+1","Defend_R+1","Defend_R","Defend_R","Defend_R","Bash","Spot Weakness+1","Rampage","Power Through"],"relics":["Burning Blood","NeowsBlessing","Bird Faced Urn"],"acts_visited":["Exordium"],"potions_floor_usage":[],"damage_taken":[{"damage":0,"enemies":"Cultist","floor":1,"turns":1},{"damage":0,"enemies":"Small Slimes","floor":2,"turns":1},{"damage":0,"enemies":"2 Louse","floor":4,"turns":2},{"damage":55,"enemies":"Gremlin Gang","floor":7,"turns":7},{"damage":66,"enemies":"Gremlin Nob","floor":11,"turns":5}],"seed_played":"5228286068099949666","potions_obtained":[{"floor":1,"key":"PowerPotion"},{"floor":2,"key":"ElixirPotion"}],"is_trial":false,"path_per_floor":["M","M","?","M","?","R","M","R","T","?","E"],"character_chosen":"IRONCLAD","items_purchased":[],"campfire_rested":1,"item_purchase_floors":[],"current_hp_per_floor":[80,80,80,80,64,64,15,39,39,44,0,0],"gold":158,"neow_bonus":"THREE_ENEMY_KILL","is_daily":false,"chose_seed":false,"campfire_upgraded":1,"win_rate":0.0,"timestamp":1609989252,"path_taken":["M","M","?","M","?","R","M","R","T","?","E"],"items_purchased_type":[],"build_version":"2020-12-22","purchased_purges":0,"victory":false,"max_hp_per_floor":[80,80,80,80,80,80,80,80,80,80,80,80],"relic_stats":{"counters":[5,16],"Bird Faced Urn":[0],"obtain_stats":[{"NeowsBlessing":0,"Bird Faced Urn":9,"Burning Blood":0},{"NeowsBlessing":0,"Bird Faced Urn":4,"Burning Blood":0},{"NeowsBlessing":0,"Bird Faced Urn":11,"Burning Blood":0}],"Burning Blood":6},"card_choices":[{"not_picked":["Flame Barrier","Shrug It Off"],"picked":"Body Slam","floor":1},{"not_picked":["Clothesline","Carnage"],"picked":"Spot Weakness","floor":2},{"not_picked":["Wild Strike","Body Slam"],"picked":"Rampage","floor":4},{"not_picked":["True Grit","Armaments"],"picked":"Power Through","floor":7}],"player_experience":1442263,"relics_obtained":[{"floor":9,"key":"Bird Faced Urn"}],"event_choices":[{"damage_healed":0,"gold_gain":0,"player_choice":"Ignored","damage_taken":0,"max_hp_gain":0,"max_hp_loss":0,"event_name":"Golden Idol","floor":3,"gold_loss":0},{"damage_healed":0,"gold_gain":0,"player_choice":"Entered Light","damage_taken":16,"max_hp_gain":0,"max_hp_loss":0,"event_name":"Shining Light","floor":5,"gold_loss":0,"cards_upgraded":["Strike_R","Spot Weakness"]},{"cards_removed":["Body Slam"],"damage_healed":5,"gold_gain":0,"player_choice":"Offered Common","damage_taken":0,"max_hp_gain":0,"max_hp_loss":0,"event_name":"Bonfire Elementals","floor":10,"gold_loss":0},{"cards_removed":["Body Slam"],"damage_healed":5,"gold_gain":0,"player_choice":"Offered Special","damage_taken":0,"max_hp_gain":0,"max_hp_loss":0,"event_name":"Bonfire Elementals","floor":10,"gold_loss":0}],"is_beta":false,"boss_relics":[],"items_purged_floors":[],"is_endless":false,"potions_floor_spawned":[1,2],"killed_by":"Gremlin Nob","ascension_level":0}}