{"host":"bxn2em57qlx5u4i0","time":1609985166,"event":{"mods":["BaseMod","Colored Map","Colored Powertips","Highlight Path","Minty Spire (QoL Compilation)","Random Character Button","Relic Sorter","Relic Stats","StSLib","SuperFastMode"],"gold_per_floor":[119,119,194,208,208,208,237,265,265,265,298,328,363,388,388,459,459,479,394,226,226,260,291,291,320,320,338,338,366,393,410,410,487,487,497,497,497,250,277,311,337,337,337,370,400,434,104,104,104,104,104,104,104,21,54,54],"floor_reached":57,"playtime":2662,"items_purged":[],"score":4374,"play_id":"77e756c0-b7e1-45ef-88fc-fb7c7a06a758","local_time":"20210106210606","daily_mods":["SealedDeck","Heirloom","Flight","DeadlyEvents"],"is_ascension_mode":true,"campfire_choices":[{"data":"Defragment","floor":6,"key":"SMITH"},{"floor":10,"key":"REST"},{"data":"Loop","floor":15,"key":"SMITH"},{"data":"Defragment","floor":24,"key":"SMITH"},{"data":"Defragment","floor":28,"key":"SMITH"},{"data":"Capacitor","floor":32,"key":"SMITH"},{"data":"Redo","floor":42,"key":"SMITH"},{"floor":49,"key":"RECALL"},{"data":"1","floor":53,"key":"LIFT"}],"circlet_count":0,"master_deck":["AscendersBane","Redo+1","Redo+1","Conserve Battery","Coolheaded","Glacier+1","Compile Driver","Loop+1","Ball Lightning","Defragment+1","Rainbow+1","Compile Driver","Turbo+1","Hologram+1","Fission+1","Defragment+1","Capacitor+1","Coolheaded+1","Conserve Battery+1","Defragment+1","Fusion+1","White Noise+1","Turbo+1","Creative AI","Amplify+1","Master of Strategy+1","Dark Shackles+1","Capacitor","Recycle+1","Echo Form"],"relics":["Cracked Core","Prayer Wheel","Boot","Toxic Egg 2","Lantern","Mummified Hand","Bag of Preparation","Du-Vu Doll","Bird Faced Urn","Mercury Hourglass","Runic Dome","Kunai","Orrery","Letter Opener","FossilizedHelix","Bottled Flame","Dream Catcher","InkBottle","Singing Bowl","Pen Nib","Black Star","Anchor","Girya","Oddly Smooth Stone","MealTicket","Bottled Tornado","Potion Belt","Pantograph","CaptainsWheel","Blood Vial","CeramicFish","Ginger","Akabeko","Symbiotic Virus","War Paint","Shuriken","StoneCalendar","Mango"],"acts_visited":["Exordium","TheCity","TheBeyond","TheEnding"],"potions_floor_usage":[16,44,56,56,56,56],"damage_taken":[{"damage":3,"enemies":"Jaw Worm","floor":1,"turns":4},{"damage":7,"enemies":"2 Louse","floor":4,"turns":2},{"damage":0,"enemies":"Lagavulin","floor":7,"turns":6},{"damage":22,"enemies":"Gremlin Nob","floor":8,"turns":4},{"damage":0,"enemies":"3 Sentries","floor":11,"turns":7},{"damage":5,"enemies":"Lagavulin","floor":12,"turns":7},{"damage":0,"enemies":"3 Sentries","floor":13,"turns":4},{"damage":0,"enemies":"Gremlin Nob","floor":14,"turns":2},{"damage":0,"enemies":"The Guardian","floor":16,"turns":6},{"damage":0,"enemies":"2 Thieves","floor":18,"turns":2},{"damage":1,"enemies":"Slavers","floor":22,"turns":3},{"damage":0,"enemies":"Book of Stabbing","floor":23,"turns":3},{"damage":0,"enemies":"Gremlin Leader","floor":25,"turns":4},{"damage":0,"enemies":"Shell Parasite","floor":27,"turns":3},{"damage":0,"enemies":"Slavers","floor":29,"turns":1},{"damage":0,"enemies":"Book of Stabbing","floor":30,"turns":3},{"damage":0,"enemies":"Snecko","floor":31,"turns":3},{"damage":0,"enemies":"Automaton","floor":33,"turns":5},{"damage":0,"enemies":"3 Shapes","floor":35,"turns":1},{"damage":0,"enemies":"Reptomancer","floor":39,"turns":4},{"damage":0,"enemies":"Nemesis","floor":40,"turns":5},{"damage":0,"enemies":"Reptomancer","floor":41,"turns":5},{"damage":0,"enemies":"Nemesis","floor":44,"turns":7},{"damage":0,"enemies":"Reptomancer","floor":45,"turns":3},{"damage":0,"enemies":"Nemesis","floor":46,"turns":5},{"damage":0,"enemies":"Donu and Deca","floor":50,"turns":5},{"damage":0,"enemies":"Awakened One","floor":51,"turns":6},{"damage":0,"enemies":"Shield and Spear","floor":55,"turns":6},{"damage":2,"enemies":"The Heart","floor":56,"turns":6}],"seed_played":"2110816832031291211","potions_obtained":[{"floor":7,"key":"Weak Potion"},{"floor":8,"key":"Weak Potion"},{"floor":14,"key":"Fruit Juice"},{"floor":16,"key":"FocusPotion"},{"floor":44,"key":"Strength Potion"},{"floor":46,"key":"Explosive Potion"}],"is_trial":true,"path_per_floor":["M","?","?","M","?","R","E","E","T","R","E","E","E","E","R","B",null,"M","?","$","T","E","E","R","E","T","M","R","E","E","M","R","B",null,"M","?","?","$","E","E","E","R","T","E","E","E","$","T","R","B","B",null,"R","$","E","B",null],"character_chosen":"DEFECT","items_purchased":["Orrery","Anchor","Capacitor","Echo Form","War Paint","DistilledChaos"],"campfire_rested":1,"item_purchase_floors":[20,38,38,47,47,54],"current_hp_per_floor":[61,54,43,36,25,25,25,3,3,24,24,19,19,23,23,32,65,69,69,69,69,76,76,76,76,76,76,76,76,78,80,80,80,80,84,76,81,81,88,90,92,92,92,92,94,96,96,96,96,96,96,96,96,96,112,112],"gold":54,"neow_bonus":"","is_daily":false,"chose_seed":false,"campfire_upgraded":6,"win_rate":0.0,"timestamp":1609985166,"path_taken":["M","?","?","?","?","R","E","E","T","R","E","E","E","?","R","BOSS","M","?","$","?","?","E","R","E","T","?","R","E","E","M","R","BOSS","M","?","?","$","?","E","E","R","T","E","E","E","$","?","R","BOSS","BOSS","R","$","E","BOSS"],"items_purchased_type":["Relic","Relic","Card","Card","Relic","Potion"],"build_version":"2020-12-22","purchased_purges":0,"victory":true,"max_hp_per_floor":[71,71,71,71,71,71,71,71,71,71,71,71,71,71,71,76,76,76,76,76,76,76,76,76,76,76,76,76,76,78,80,80,80,80,84,86,86,86,88,90,92,92,92,92,94,96,96,96,96,96,96,96,96,96,112,112],"relic_stats":{"Singing Bowl":22,"counters":[29,118],"CeramicFish":9,"StoneCalendar":[0],"Pen Nib":[9],"Bag of Preparation":[48],"Letter Opener":[853],"Ginger":[2],"War Paint":["Redo","Glacier"],"Boot":[69],"Mercury Hourglass":[332],"Blood Vial":0,"Dream Catcher":0,"Mummified Hand":[259],"Shuriken":[5],"Bird Faced Urn":[27],"Pantograph":0,"Prayer Wheel":6,"MealTicket":0,"Black Star":7,"Kunai":[20],"obtain_stats":[{"Lantern":8,"Singing Bowl":29,"CeramicFish":45,"StoneCalendar":55,"Mango":55,"Bag of Preparation":11,"Ginger":45,"Bottled Tornado":40,"Boot":5,"Blood Vial":44,"Dream Catcher":25,"Mummified Hand":9,"Pantograph":41,"Prayer Wheel":0,"MealTicket":40,"Kunai":19,"Toxic Egg 2":7,"Cracked Core":0,"InkBottle":26,"Potion Belt":41,"Girya":39,"Oddly Smooth Stone":39,"Pen Nib":30,"Letter Opener":21,"War Paint":47,"Akabeko":46,"Mercury Hourglass":14,"Du-Vu Doll":12,"Runic Dome":17,"Bottled Flame":23,"Anchor":38,"CaptainsWheel":44,"Shuriken":48,"Bird Faced Urn":13,"Orrery":20,"Black Star":34,"Symbiotic Virus":46,"FossilizedHelix":22},{"Lantern":4,"Singing Bowl":15,"CeramicFish":24,"StoneCalendar":28,"Mango":28,"Bag of Preparation":5,"Ginger":24,"Bottled Tornado":21,"Boot":2,"Blood Vial":23,"Dream Catcher":13,"Mummified Hand":4,"Pantograph":22,"Prayer Wheel":0,"MealTicket":21,"Kunai":10,"Toxic Egg 2":3,"Cracked Core":0,"InkBottle":13,"Potion Belt":22,"Girya":20,"Oddly Smooth Stone":20,"Pen Nib":16,"Letter Opener":10,"War Paint":25,"Akabeko":25,"Mercury Hourglass":8,"Du-Vu Doll":6,"Runic Dome":9,"Bottled Flame":12,"Anchor":19,"CaptainsWheel":23,"Shuriken":25,"Bird Faced Urn":7,"Orrery":10,"Black Star":18,"Symbiotic Virus":25,"FossilizedHelix":11},{"Lantern":16,"Singing Bowl":57,"CeramicFish":91,"StoneCalendar":112,"Mango":112,"Bag of Preparation":23,"Ginger":91,"Bottled Tornado":77,"Boot":6,"Blood Vial":88,"Dream Catcher":53,"Mummified Hand":16,"Pantograph":82,"Prayer Wheel":0,"MealTicket":77,"Kunai":43,"Toxic Egg 2":12,"Cracked Core":0,"InkBottle":53,"Potion Belt":82,"Girya":72,"Oddly Smooth Stone":72,"Pen Nib":60,"Letter Opener":43,"War Paint":96,"Akabeko":96,"Mercury Hourglass":35,"Du-Vu Doll":29,"Runic Dome":41,"Bottled Flame":49,"Anchor":68,"CaptainsWheel":88,"Shuriken":96,"Bird Faced Urn":33,"Orrery":43,"Black Star":67,"Symbiotic Virus":96,"FossilizedHelix":46}],"InkBottle":[66]},"card_choices":[{"not_picked":["Gash","Go for the Eyes","Streamline"],"picked":"SKIP","floor":1},{"not_picked":["Cold Snap","Storm","Barrage"],"picked":"SKIP","floor":1},{"not_picked":["Turbo","Hello World"],"picked":"Defragment","floor":4},{"not_picked":["Sweeping Beam","Sunder","Reprogram"],"picked":"SKIP","floor":4},{"not_picked":["Chaos+1","Aggregate+1"],"picked":"Rainbow+1","floor":7},{"not_picked":["Turbo+1","Buffer"],"picked":"Compile Driver","floor":8},{"not_picked":["Coolheaded+1","Conserve Battery+1"],"picked":"Turbo+1","floor":11},{"not_picked":["Rip and Tear","Barrage","FTL"],"picked":"SKIP","floor":12},{"not_picked":["Steam+1","FTL"],"picked":"Hologram+1","floor":13},{"not_picked":["White Noise+1","Sunder","Double Energy+1"],"picked":"SKIP","floor":14},{"not_picked":["Electrodynamics","Machine Learning"],"picked":"Fission+1","floor":16},{"not_picked":["Steam+1","Ball Lightning","Stack+1"],"picked":"SKIP","floor":18},{"not_picked":["Lockon","Go for the Eyes","Stack+1"],"picked":"SKIP","floor":18},{"not_picked":["Double Energy+1","Creative AI"],"picked":"Defragment","floor":20},{"not_picked":["Melter","White Noise+1"],"picked":"Capacitor","floor":20},{"not_picked":["Leap+1","Rebound"],"picked":"Coolheaded+1","floor":20},{"not_picked":["Steam+1","Hello World"],"picked":"Conserve Battery+1","floor":20},{"not_picked":["Conserve Battery+1","Cold Snap","All For One"],"picked":"SKIP","floor":22},{"not_picked":["Force Field+1","Steam+1","Sweeping Beam"],"picked":"SKIP","floor":23},{"not_picked":["Hello World","Cold Snap"],"picked":"Defragment","floor":25},{"not_picked":["Rebound+1","Melter"],"picked":"Fusion+1","floor":27},{"not_picked":["Genetic Algorithm+1","Lockon"],"picked":"White Noise+1","floor":27},{"not_picked":["Cold Snap","Steam+1"],"picked":"Turbo+1","floor":29},{"not_picked":["Barrage","Steam+1","Chaos+1"],"picked":"Singing Bowl","floor":30},{"not_picked":["Scrape","Gash","Barrage"],"picked":"Singing Bowl","floor":31},{"not_picked":["Barrage","Aggregate+1"],"picked":"Creative AI","floor":31},{"not_picked":["Meteor Strike","Reboot+1"],"picked":"Amplify+1","floor":33},{"not_picked":["Conserve Battery+1","Fusion+1","Stack+1"],"picked":"Singing Bowl","floor":35},{"not_picked":["Gash","Rebound","Reprogram+1"],"picked":"Singing Bowl","floor":35},{"not_picked":["The Bomb+1","Swift Strike"],"picked":"Master of Strategy+1","floor":36},{"not_picked":["Dramatic Entrance","Swift Strike"],"picked":"Dark Shackles+1","floor":36},{"not_picked":["Dark Shackles+1","Blind+1","Flash of Steel"],"picked":"Singing Bowl","floor":36},{"not_picked":["Stack+1","Cold Snap+1","Turbo+1"],"picked":"Singing Bowl","floor":39},{"not_picked":["Redo+1","Steam+1","Coolheaded+1"],"picked":"Singing Bowl","floor":40},{"not_picked":["Scrape","Ball Lightning","Reprogram+1"],"picked":"Singing Bowl","floor":41},{"not_picked":["Barrage","Beam Cell"],"picked":"Recycle+1","floor":44},{"not_picked":["Go for the Eyes","Coolheaded+1","Electrodynamics"],"picked":"Singing Bowl","floor":45},{"not_picked":["Lockon+1","Steam Power+1","Cold Snap"],"picked":"Singing Bowl","floor":46},{"not_picked":["Gash","Turbo+1","Go for the Eyes"],"picked":"Singing Bowl","floor":55}],"player_experience":2862806,"relics_obtained":[{"floor":7,"key":"Toxic Egg 2"},{"floor":8,"key":"Lantern"},{"floor":9,"key":"Mummified Hand"},{"floor":11,"key":"Bag of Preparation"},{"floor":12,"key":"Du-Vu Doll"},{"floor":13,"key":"Bird Faced Urn"},{"floor":14,"key":"Mercury Hourglass"},{"floor":21,"key":"Letter Opener"},{"floor":22,"key":"FossilizedHelix"},{"floor":23,"key":"Bottled Flame"},{"floor":25,"key":"Dream Catcher"},{"floor":26,"key":"InkBottle"},{"floor":29,"key":"Singing Bowl"},{"floor":30,"key":"Pen Nib"},{"floor":39,"key":"Girya"},{"floor":39,"key":"Oddly Smooth Stone"},{"floor":40,"key":"MealTicket"},{"floor":40,"key":"Bottled Tornado"},{"floor":41,"key":"Potion Belt"},{"floor":41,"key":"Pantograph"},{"floor":44,"key":"CaptainsWheel"},{"floor":44,"key":"Blood Vial"},{"floor":45,"key":"CeramicFish"},{"floor":45,"key":"Ginger"},{"floor":46,"key":"Akabeko"},{"floor":46,"key":"Symbiotic Virus"},{"floor":48,"key":"Shuriken"},{"floor":55,"key":"StoneCalendar"},{"floor":55,"key":"Mango"}],"event_choices":[{"cards_removed":["Coolheaded"],"damage_healed":0,"gold_gain":0,"player_choice":"Card Removal","damage_taken":7,"max_hp_gain":0,"max_hp_loss":0,"event_name":"Golden Wing","floor":2,"gold_loss":0},{"damage_healed":0,"gold_gain":75,"player_choice":"Gather Gold","damage_taken":11,"max_hp_gain":0,"max_hp_loss":0,"event_name":"World of Goop","floor":3,"gold_loss":0},{"damage_healed":0,"gold_gain":0,"player_choice":"Success","damage_taken":11,"relics_obtained":["Boot"],"max_hp_gain":0,"max_hp_loss":0,"event_name":"Scrap Ooze","floor":5,"gold_loss":0},{"damage_healed":0,"gold_gain":0,"player_choice":"Obtained Relic","damage_taken":0,"relics_obtained":["Kunai"],"max_hp_gain":0,"max_hp_loss":0,"event_name":"Addict","floor":19,"gold_loss":85},{"damage_healed":0,"gold_gain":0,"player_choice":"Memory 3","damage_taken":10,"max_hp_gain":0,"max_hp_loss":0,"event_name":"SensoryStone","floor":36,"gold_loss":0},{"cards_removed":["Cold Snap"],"damage_healed":5,"gold_gain":0,"player_choice":"Offered Common","damage_taken":0,"max_hp_gain":0,"max_hp_loss":0,"event_name":"Bonfire Elementals","floor":37,"gold_loss":0},{"cards_removed":["Cold Snap"],"damage_healed":5,"gold_gain":0,"player_choice":"Offered Special","damage_taken":0,"max_hp_gain":0,"max_hp_loss":0,"event_name":"Bonfire Elementals","floor":37,"gold_loss":0}],"is_beta":false,"boss_relics":[{"not_picked":["Astrolabe","FrozenCore"],"picked":"Runic Dome"},{"not_picked":["Busted Crown","Inserter"],"picked":"Black Star"}],"items_purged_floors":[],"is_endless":false,"potions_floor_spawned":[7,8,14,16,22,29,31,40,44,46],"ascension_level":20}}