{"host":"5jzx1090woovszu4","time":1609991315,"event":{"mods":["Arknights The Spire","BaseMod","Minty Spire (QoL Compilation)","Robot Space Explorer","Spicy Shops","StSLib","The Dragon Tamer"],"gold_per_floor":[112,127,46,61,9,9,29,29,29,58,87,112,112,112,112,210,210,224,238,238,257,257,257,299,321,321,321,360,360,373,409,409,519,519,530,52,70,81,101,101,101,131,182,182,201,272,272,61,61,61,61,61],"floor_reached":50,"playtime":3694,"items_purged":["DTMod:Threaten"],"score":746,"play_id":"66968715-d01c-4472-869d-a96f5e746c7f","local_time":"20210107044835","daily_mods":["SealedDeck","Heirloom","DeadlyEvents","Elite Swarm","Lethality"],"is_ascension_mode":false,"metric_token":467,"campfire_choices":[{"data":"DTMod:CrossStep","floor":6,"key":"SMITH"},{"data":"DTMod:HeatWave","floor":8,"key":"SMITH"},{"data":"DTMod:Outburst","floor":13,"key":"SMITH"},{"data":"DTMod:ComboAttack","floor":15,"key":"SMITH"},{"floor":23,"key":"REST"},{"floor":27,"key":"REST"},{"floor":32,"key":"REST"},{"floor":40,"key":"REST"},{"floor":44,"key":"REST"},{"data":"DTMod:MagiciansMark","floor":47,"key":"SMITH"},{"floor":49,"key":"REST"}],"dtmod_dragon_data":[0,50,3,3,14,2],"circlet_count":0,"master_deck":["DTMod:CrossStep+1","DTMod:TauntingStrike","DTMod:LowKick","DTMod:CalculatedDefense","DTMod:HeatWave","DTMod:Threaten","DTMod:Training","DTMod:ComboAttack+1","DTMod:Training","DTMod:BreakAttack","DTMod:StarRain","DTMod:MagiciansMark+1","DTMod:HeatWave+1","DTMod:Weaken","DTMod:EchoTactic","DTMod:Outburst+1","DTMod:GearUp","DTMod:Punisher+1","DTMod:Punisher+1","DTMod:ExcessFootwork","DTMod:DarkBreath+1","DTMod:LightShield","DTMod:GearUp","DTMod:ExcessFootwork","DTMod:FlameSlash","DTMod:DragonDance","Madness+1","Madness+1","Secret Technique+1"],"relics":["DTMod:PactStone","Turnip","Omamori","DTMod:AncientBone","Boot","Mango","Oddly Smooth Stone","Philosopher\u0027s Stone","CeramicFish","Pen Nib","Tiny Chest","Orichalcum","Pantograph","Calling Bell","Regal Pillow","Toxic Egg 2","Torii","Membership Card","Chemical X","Lantern","Bronze Scales","Ancient Tea Set","Bottled Lightning","Toy Ornithopter","Bottled Flame","OrangePellets"],"acts_visited":["Exordium","TheCity","TheBeyond"],"potions_floor_usage":[12,16,21,24,25,35,38,42,45],"damage_taken":[{"damage":0,"enemies":"Small Slimes","floor":1,"turns":3},{"damage":0,"enemies":"Cultist","floor":2,"turns":2},{"damage":0,"enemies":"2 Louse","floor":4,"turns":2},{"damage":0,"enemies":"2 Fungi Beasts","floor":7,"turns":2},{"damage":0,"enemies":"3 Sentries","floor":10,"turns":6},{"damage":0,"enemies":"Lagavulin","floor":11,"turns":5},{"damage":19,"enemies":"3 Sentries","floor":12,"turns":5},{"damage":23,"enemies":"The Guardian","floor":16,"turns":5},{"damage":5,"enemies":"Shell Parasite","floor":18,"turns":4},{"damage":0,"enemies":"Chosen","floor":19,"turns":2},{"damage":0,"enemies":"Shelled Parasite and Fungi","floor":21,"turns":4},{"damage":25,"enemies":"Gremlin Leader","floor":24,"turns":5},{"damage":19,"enemies":"Snake Plant","floor":25,"turns":2},{"damage":0,"enemies":"Slavers","floor":28,"turns":6},{"damage":0,"enemies":"Cultist and Chosen","floor":30,"turns":3},{"damage":7,"enemies":"Book of Stabbing","floor":31,"turns":4},{"damage":0,"enemies":"Collector","floor":33,"turns":6},{"damage":0,"enemies":"3 Darklings","floor":35,"turns":5},{"damage":0,"enemies":"3 Shapes","floor":38,"turns":3},{"damage":1,"enemies":"Sphere and 2 Shapes","floor":39,"turns":7},{"damage":24,"enemies":"Giant Head","floor":42,"turns":9},{"damage":0,"enemies":"Spire Growth","floor":45,"turns":3},{"damage":71,"enemies":"Donu and Deca","floor":50,"turns":7}],"seed_played":"6621827800792799835","potions_obtained":[{"floor":2,"key":"DuplicationPotion"},{"floor":11,"key":"FearPotion"},{"floor":16,"key":"LiquidBronze"},{"floor":18,"key":"ColorlessPotion"},{"floor":24,"key":"AttackPotion"},{"floor":30,"key":"GamblersBrew"},{"floor":33,"key":"DuplicationPotion"},{"floor":38,"key":"Block Potion"},{"floor":42,"key":"PowerPotion"}],"is_trial":true,"path_per_floor":["M","M","$","M","?","R","M","R","T","E","E","E","R","?","R","B",null,"M","M","?","M","?","R","E","M","T","R","E","T","M","E","R","B",null,"M","$","?","M","M","R","?","E","T","R","M","T","R","$","R","B"],"character_chosen":"THE_DT","items_purchased":["DTMod:MagiciansMark","Membership Card","DTMod:FlameSlash","DTMod:DragonDance","Chemical X","Lantern","Bronze Scales","Ancient Tea Set","OrangePellets","Secret Technique+1"],"campfire_rested":6,"item_purchase_floors":[3,36,36,36,36,36,36,36,48,48],"current_hp_per_floor":[45,45,45,45,45,45,45,45,45,45,59,40,40,45,45,22,64,59,59,59,59,48,68,43,24,24,44,44,44,44,37,57,69,69,69,69,60,60,59,69,69,45,45,69,69,69,69,69,69,0,0,0],"gold":61,"neow_bonus":"","is_daily":false,"chose_seed":false,"campfire_upgraded":5,"win_rate":0.0,"timestamp":1609991315,"path_taken":["M","M","$","M","?","R","M","R","T","E","?","E","R","?","R","BOSS","M","M","?","M","?","R","E","M","T","R","E","?","M","E","R","BOSS","M","$","?","M","M","R","?","E","T","R","M","?","R","$","R","BOSS"],"items_purchased_type":["Card","Relic","Card","Card","Relic","Relic","Relic","Relic","Relic","Card"],"build_version":"2020-12-22","purchased_purges":1,"victory":false,"max_hp_per_floor":[45,45,45,45,45,45,45,45,45,45,59,59,59,64,64,64,64,64,64,64,64,69,69,69,69,69,69,69,69,69,69,69,69,69,69,69,69,69,69,69,69,69,69,69,69,69,69,69,69,69,69,69],"card_choices":[{"not_picked":["DTMod:BlueScale","DTMod:Cover"],"picked":"DTMod:BreakAttack","floor":1},{"not_picked":["DTMod:Adaptation","DTMod:LastStand"],"picked":"DTMod:StarRain","floor":2},{"not_picked":["DTMod:Adaptation","DTMod:LowKick"],"picked":"DTMod:HeatWave","floor":4},{"not_picked":["DTMod:Haste","DTMod:RecklessFlurry"],"picked":"DTMod:Weaken","floor":7},{"not_picked":["DTMod:ShadowImage","DTMod:ResonanceForm","DTMod:StunTrap"],"picked":"SKIP","floor":10},{"not_picked":["DTMod:HeadStart","DTMod:GearUp"],"picked":"DTMod:EchoTactic","floor":11},{"not_picked":["DTMod:Prediction","DTMod:Safeguard"],"picked":"DTMod:Outburst","floor":12},{"not_picked":["DTMod:HeadStart","DTMod:OpeningTactic"],"picked":"DTMod:GearUp","floor":16},{"not_picked":["DTMod:BuildUp+1","DTMod:BizarreTactic","DTMod:BreakAttack"],"picked":"SKIP","floor":18},{"not_picked":["DTMod:LowKick+1","DTMod:Weaken"],"picked":"DTMod:Punisher+1","floor":19},{"not_picked":["DTMod:Feint","DTMod:Safeguard"],"picked":"DTMod:Punisher+1","floor":21},{"not_picked":["DTMod:HeadStart","DTMod:EchoTactic"],"picked":"DTMod:ExcessFootwork","floor":24},{"not_picked":["DTMod:BreakAttack","DTMod:Punisher"],"picked":"DTMod:DarkBreath+1","floor":25},{"not_picked":["DTMod:Inferno","DTMod:FierySynthesis"],"picked":"DTMod:LightShield","floor":28},{"not_picked":["DTMod:CleansingStrike","DTMod:Shift","DTMod:Cover+1"],"picked":"SKIP","floor":30},{"not_picked":["DTMod:OpeningTactic","DTMod:Prediction"],"picked":"DTMod:GearUp","floor":31},{"not_picked":["DTMod:StunTrap","DTMod:Outburst"],"picked":"DTMod:ExcessFootwork","floor":33},{"not_picked":["DTMod:BreakAttack+1","DTMod:Shift+1","DTMod:BizarreTactic+1"],"picked":"SKIP","floor":35},{"not_picked":["DTMod:CrossStep+1","DTMod:LastStand+1","DTMod:BlazingStrike"],"picked":"SKIP","floor":38},{"not_picked":["DTMod:BreakAttack","DTMod:TauntingStrike","DTMod:CleansingStrike+1"],"picked":"SKIP","floor":39},{"not_picked":["DTMod:FierySynthesis","DTMod:Outburst+1","DTMod:GearUp+1"],"picked":"SKIP","floor":42},{"not_picked":["DTMod:BizarreTactic+1","DTMod:ComboAttack+1","DTMod:Punisher+1"],"picked":"SKIP","floor":45}],"player_experience":606508,"relics_obtained":[{"floor":9,"key":"DTMod:AncientBone"},{"floor":10,"key":"Boot"},{"floor":11,"key":"Mango"},{"floor":12,"key":"Oddly Smooth Stone"},{"floor":24,"key":"CeramicFish"},{"floor":26,"key":"Pen Nib"},{"floor":28,"key":"Tiny Chest"},{"floor":29,"key":"Orichalcum"},{"floor":31,"key":"Pantograph"},{"floor":34,"key":"Regal Pillow"},{"floor":34,"key":"Toxic Egg 2"},{"floor":34,"key":"Torii"},{"floor":42,"key":"Bottled Lightning"},{"floor":43,"key":"Toy Ornithopter"},{"floor":46,"key":"Bottled Flame"}],"event_choices":[{"damage_healed":0,"gold_gain":0,"player_choice":"Paid Gold","damage_taken":0,"relics_obtained":["Omamori"],"max_hp_gain":0,"max_hp_loss":0,"event_name":"WeMeetAgain","floor":5,"gold_loss":52},{"damage_healed":0,"gold_gain":0,"player_choice":"Donut","damage_taken":0,"max_hp_gain":5,"max_hp_loss":0,"event_name":"Big Fish","floor":14,"gold_loss":0},{"damage_healed":0,"gold_gain":0,"player_choice":"Simplicity","damage_taken":0,"max_hp_gain":0,"max_hp_loss":0,"event_name":"Back to Basics","floor":20,"gold_loss":0,"cards_upgraded":[]},{"damage_healed":0,"gold_gain":0,"player_choice":"Shed Blood","damage_taken":16,"max_hp_gain":5,"max_hp_loss":0,"event_name":"Forgotten Altar","floor":22,"gold_loss":0},{"damage_healed":0,"gold_gain":0,"player_choice":"Embrace Madness","damage_taken":9,"max_hp_gain":0,"max_hp_loss":0,"event_name":"Winding Halls","floor":37,"gold_loss":0,"cards_obtained":["Madness","Madness"]},{"damage_healed":0,"gold_gain":0,"player_choice":"Ignored","damage_taken":0,"max_hp_gain":0,"max_hp_loss":0,"event_name":"Tomb of Lord Red Mask","floor":41,"gold_loss":0}],"is_beta":false,"boss_relics":[{"not_picked":["Empty Cage","Coffee Dripper"],"picked":"Philosopher\u0027s Stone"},{"not_picked":["Runic Dome","Velvet Choker"],"picked":"Calling Bell"}],"items_purged_floors":[36],"is_endless":false,"potions_floor_spawned":[2,11,16,18,24,30,33,38,42],"killed_by":"Donu and Deca","ascension_level":0}}