{"host":"98ajcw3do3zsggh8","time":1609985951,"event":{"mods":["BaseMod","Minty Spire (QoL Compilation)","Replay The Spire","StSLib","The Marked"],"gold_per_floor":[118,134,154,429,11,11,23,52,98,114,145,156,156,174,174,271,271,288,288,301,301,319,346,346,376,376,82,95,95,95],"floor_reached":29,"playtime":902,"items_purged":["Regret","Strike_R+1"],"score":376,"play_id":"96afb8a8-68c7-4ba4-852b-e97caf0567ae","local_time":"20210107031911","is_ascension_mode":true,"campfire_choices":[{"data":"The Bomb","floor":6,"key":"SMITH"},{"data":"Feed","floor":13,"key":"SMITH"},{"data":"Flex","floor":15,"key":"SMITH"},{"floor":24,"key":"REST"}],"circlet_count":0,"master_deck":["Strike_R+1","Strike_R+1","Strike_R+1","Strike_R+1","Defend_R+1","Defend_R+1","Defend_R+1","Defend_R+1","Bash","Flex+1","Clash","The Bomb+1","Feed+1","Clash","Offering","Bloodletting","Seeing Red+1","Whirlwind","Bandage Up"],"relics":["Burning Blood","NeowsBlessing","Brimstone","Question Card","Blood Vial","Strawberry","Fusion Hammer","Pet Ghost","Matryoshka","Smiling Mask","CeramicFish","Self Forming Clay"],"acts_visited":["Exordium","TheCity"],"potions_floor_usage":[11,16,23,25],"damage_taken":[{"damage":0,"enemies":"2 Louse","floor":1,"turns":1},{"damage":0,"enemies":"Cultist","floor":2,"turns":1},{"damage":0,"enemies":"Small Slimes","floor":3,"turns":1},{"damage":8,"enemies":"Exordium Wildlife","floor":7,"turns":3},{"damage":28,"enemies":"3 Sentries","floor":8,"turns":5},{"damage":11,"enemies":"2 Fungi Beasts","floor":10,"turns":4},{"damage":26,"enemies":"Gremlin Nob","floor":11,"turns":4},{"damage":25,"enemies":"3 Louse","floor":12,"turns":3},{"damage":10,"enemies":"Looter","floor":14,"turns":3},{"damage":0,"enemies":"Slime Boss","floor":16,"turns":3},{"damage":17,"enemies":"3 Byrds","floor":18,"turns":3},{"damage":20,"enemies":"2 Thieves","floor":20,"turns":3},{"damage":21,"enemies":"Snecko","floor":22,"turns":4},{"damage":55,"enemies":"Gremlin Leader","floor":23,"turns":4},{"damage":39,"enemies":"Slavers","floor":25,"turns":4},{"damage":6,"enemies":"3 Cultists","floor":28,"turns":2},{"damage":20,"enemies":"Snake Plant","floor":29,"turns":1}],"seed_played":"5984753376526071921","potions_obtained":[{"floor":1,"key":"EssenceOfSteel"},{"floor":8,"key":"Doom Potion"},{"floor":10,"key":"Block Potion"},{"floor":14,"key":"Regen Potion"},{"floor":16,"key":"AttackPotion"},{"floor":23,"key":"Venom Potion"},{"floor":25,"key":"Strength Potion"}],"is_trial":false,"path_per_floor":["M","M","M","?","$","R","M","E","T","M","E","M","R","M","R","B",null,"M","?","M","?","M","E","R","E","T","$","M","M"],"character_chosen":"IRONCLAD","items_purchased":["The Bomb","Brimstone","Whirlwind","Bandage Up","EntropicBrew"],"campfire_rested":1,"item_purchase_floors":[5,5,27,27,27],"current_hp_per_floor":[80,80,80,80,80,80,78,56,56,53,45,28,28,26,26,46,90,83,83,71,71,58,11,39,8,8,8,14,0,0],"gold":95,"neow_bonus":"THREE_ENEMY_KILL","is_daily":false,"chose_seed":false,"campfire_upgraded":3,"win_rate":0.0,"timestamp":1609985951,"path_taken":["M","M","M","?","?","R","M","E","T","M","E","M","R","M","R","BOSS","M","?","M","?","?","E","R","E","T","?","M","M"],"items_purchased_type":["Card","Relic","Card","Card","Potion"],"build_version":"2020-12-22","purchased_purges":2,"victory":false,"max_hp_per_floor":[80,80,80,80,80,80,80,80,80,80,90,90,90,90,90,90,90,94,94,94,94,94,94,94,94,94,94,94,94,94],"card_choices":[{"not_picked":["Searing Blow","ReplayTheSpireMod:Strike From Hell"],"picked":"Flex","floor":1},{"not_picked":["Shockwave","Sword Boomerang"],"picked":"Clash","floor":2},{"not_picked":["Feel No Pain","Second Wind","Headbutt"],"picked":"SKIP","floor":3},{"not_picked":["Power Through","Disarm","Twin Strike"],"picked":"SKIP","floor":7},{"not_picked":["Wild Strike","Anger","Replay:Undeath\u0027s Touch"],"picked":"SKIP","floor":8},{"not_picked":["Warcry","Defy Death","ReplayReversal"],"picked":"Feed","floor":10},{"not_picked":["Bludgeon","Clothesline","Sword Boomerang"],"picked":"Clash","floor":11},{"not_picked":["Warcry","Carnage","Body Slam","ReplayTheSpireMod:Stacked"],"picked":"SKIP","floor":12},{"not_picked":["Sentinel","Shrug It Off","Perfected Strike","Cleave"],"picked":"SKIP","floor":14},{"not_picked":["Corruption","Juggernaut","Berserk"],"picked":"Offering","floor":16},{"not_picked":["Body Slam","ReplayTheSpireMod:Muscle Training","Shrug It Off"],"picked":"Bloodletting","floor":18},{"not_picked":["Shrug It Off+1","Thunderclap","Replay:Undeath\u0027s Touch+1"],"picked":"Seeing Red+1","floor":20},{"not_picked":["Combust","Perfected Strike","True Grit","ReplayTheSpireMod:Corrosion Curse"],"picked":"SKIP","floor":22},{"not_picked":["Life Link","Evolve","Infernal Blade","Shockwave"],"picked":"SKIP","floor":23},{"not_picked":["Wild Strike","Seeing Red","ReplayTheSpireMod:Strike From Hell","Ghostly Armor"],"picked":"SKIP","floor":25},{"not_picked":["True Grit","Havoc","Sever Soul","Cleave"],"picked":"SKIP","floor":28}],"player_experience":322082,"relics_obtained":[{"floor":8,"key":"Question Card"},{"floor":9,"key":"Blood Vial"},{"floor":11,"key":"Strawberry"},{"floor":23,"key":"Matryoshka"},{"floor":25,"key":"Smiling Mask"},{"floor":26,"key":"CeramicFish"},{"floor":26,"key":"Self Forming Clay"}],"event_choices":[{"damage_healed":0,"gold_gain":275,"player_choice":"Desecrate","damage_taken":0,"max_hp_gain":0,"max_hp_loss":0,"event_name":"Golden Shrine","floor":4,"gold_loss":0,"cards_obtained":["Regret"]},{"damage_healed":0,"gold_gain":0,"player_choice":"Simplicity","damage_taken":0,"max_hp_gain":0,"max_hp_loss":0,"event_name":"Back to Basics","floor":19,"gold_loss":0,"cards_upgraded":["Strike_R","Strike_R","Strike_R","Strike_R","Strike_R","Defend_R","Defend_R","Defend_R","Defend_R"]},{"damage_healed":0,"gold_gain":0,"player_choice":"Gave Potion","damage_taken":0,"relics_obtained":["Pet Ghost"],"max_hp_gain":0,"max_hp_loss":0,"event_name":"WeMeetAgain","floor":21,"gold_loss":0}],"is_beta":false,"boss_relics":[{"not_picked":["Replay:Bronze Core","SlaversCollar"],"picked":"Fusion Hammer"}],"items_purged_floors":[5,27],"is_endless":false,"potions_floor_spawned":[1,8,10,14,16,23,25],"killed_by":"Snake Plant","ascension_level":3}}