{"host":"61xbmbtf5zrn7rzc","time":1609999174,"event":{"mods":["BaseMod","Challenge The Spire","Hubris","Minty Spire (QoL Compilation)","Replay The Spire","StSLib","SuperFastMode","The Marked"],"gold_per_floor":[111,122,132,182,197,232,232,264,287,287,287],"floor_reached":10,"playtime":478,"items_purged":[],"score":156,"play_id":"e2394f37-9c86-47fc-899d-b6a568e77545","local_time":"20210107005934","daily_mods":["SealedDeck","Heirloom","DeadlyEvents","Elite Swarm"],"is_ascension_mode":true,"campfire_choices":[{"data":"theMarked:Levitate","floor":7,"key":"SMITH"}],"circlet_count":0,"master_deck":["AscendersBane","theMarked:BanishingStrike","theMarked:RepellingDischarge","theMarked:EmpowerWeapon","theMarked:HeightenedSenses","theMarked:SwordAndMagic","theMarked:SwordAndMagic","theMarked:EmpowerWeapon","theMarked:EmpowerWeapon","theMarked:BanishingStrike","theMarked:BanishingStrike","theMarked:WardOff","theMarked:SoldierForm","theMarked:Levitate+1"],"relics":["theMarked:ArtifactOfAir","Girya","ReplayTheSpireMod:Lightbulb","Replay:WaspNest","Potion Belt"],"acts_visited":["Exordium"],"potions_floor_usage":[6,6],"damage_taken":[{"damage":0,"enemies":"Cultist","floor":1,"turns":2},{"damage":14,"enemies":"2 Louse","floor":2,"turns":3},{"damage":0,"enemies":"Small Slimes","floor":3,"turns":2},{"damage":11,"enemies":"Looter","floor":5,"turns":2},{"damage":22,"enemies":"3 Sentries","floor":6,"turns":7},{"damage":8,"enemies":"Gremlin Nob","floor":8,"turns":3},{"damage":10,"enemies":"3 Sentries","floor":10,"turns":1}],"seed_played":"7719934738853938190","potions_obtained":[{"floor":1,"key":"DistilledChaos"},{"floor":2,"key":"Block Potion"},{"floor":8,"key":"SpeedPotion"}],"is_trial":true,"path_per_floor":["M","M","M","?","M","E","R","E","T","E"],"character_chosen":"THE_DEFAULT","items_purchased":[],"campfire_rested":0,"item_purchase_floors":[],"current_hp_per_floor":[59,45,45,45,34,12,12,4,4,0,0],"gold":287,"neow_bonus":"","is_daily":false,"chose_seed":false,"campfire_upgraded":1,"win_rate":0.0,"timestamp":1609999174,"path_taken":["M","?","M","?","M","E","R","E","T","?"],"items_purchased_type":[],"build_version":"2020-12-22","purchased_purges":0,"victory":false,"max_hp_per_floor":[66,66,66,66,66,66,66,66,66,66,66],"card_choices":[{"not_picked":["theMarked:Improvise","theMarked:Electrocute","theMarked:TakeCover"],"picked":"SKIP","floor":1},{"not_picked":["theMarked:KeepCalmAndFightOn","theMarked:EmpowerWeapon"],"picked":"theMarked:WardOff","floor":2},{"not_picked":["theMarked:Static","theMarked:Electrify"],"picked":"theMarked:SoldierForm","floor":3},{"not_picked":["theMarked:WastefulAttack","theMarked:ResourceFulStrike","theMarked:BanishingStrike"],"picked":"SKIP","floor":5},{"not_picked":["theMarked:TakeOffHeels","theMarked:Challenge"],"picked":"theMarked:Levitate","floor":6},{"not_picked":["theMarked:UnarmedFury","theMarked:TakeOffHeels","theMarked:EternalStudent"],"picked":"SKIP","floor":8}],"player_experience":112816,"relics_obtained":[{"floor":6,"key":"ReplayTheSpireMod:Lightbulb"},{"floor":8,"key":"Replay:WaspNest"},{"floor":9,"key":"Potion Belt"}],"event_choices":[{"damage_healed":0,"gold_gain":50,"player_choice":"Pray","damage_taken":0,"max_hp_gain":0,"max_hp_loss":0,"event_name":"Golden Shrine","floor":4,"gold_loss":0}],"is_beta":false,"boss_relics":[],"items_purged_floors":[],"is_endless":false,"potions_floor_spawned":[1,2,8],"killed_by":"3 Sentries","ascension_level":20}}