{"host":"u7lm8z2rvb4dg2oo","time":1609996480,"event":{"mods":["AchievementEnabler","BaseMod","Colored Map","Colored Powertips","Curses Come First","Googly Eyes","Highlight Path","Minty Spire (QoL Compilation)","Quick Restart","StSLib"],"gold_per_floor":[110,58,73,88,101,101,127,139,139,163,163,187,201,233,233,328,337,363,385,47,63,63,63],"floor_reached":22,"playtime":1333,"items_purged":["Strike_P"],"score":391,"play_id":"23283b5c-dac4-410c-b145-444e908db435","local_time":"20210107001440","is_ascension_mode":true,"campfire_choices":[{"data":"PathToVictory","floor":6.0,"key":"SMITH"},{"floor":11.0,"key":"REST"},{"floor":15.0,"key":"REST"}],"circlet_count":0,"master_deck":["AscendersBane","Strike_P","Strike_P+1","Strike_P","Defend_P","Defend_P","Defend_P","Defend_P","Eruption+1","Vigilance","PathToVictory+1","PathToVictory","InnerPeace","TalkToTheHand","LikeWater","PathToVictory","CurseOfTheBell","Study+1","ThirdEye"],"relics":["PureWater","Whetstone","Boot","CeramicFish","Pen Nib","Calling Bell","Ancient Tea Set","Letter Opener","Unceasing Top","Membership Card","Bottled Lightning"],"acts_visited":["Exordium","TheCity"],"potions_floor_usage":[19,21],"damage_taken":[{"damage":0.0,"enemies":"Cultist","floor":1.0,"turns":3.0},{"damage":0.0,"enemies":"2 Louse","floor":3.0,"turns":1.0},{"damage":0.0,"enemies":"Small Slimes","floor":4.0,"turns":2.0},{"damage":4.0,"enemies":"2 Fungi Beasts","floor":5.0,"turns":3.0},{"damage":32.0,"enemies":"3 Sentries","floor":7.0,"turns":9.0},{"damage":10.0,"enemies":"Lots of Slimes","floor":8.0,"turns":4.0},{"damage":8.0,"enemies":"Gremlin Gang","floor":10.0,"turns":4.0},{"damage":5.0,"enemies":"2 Fungi Beasts","floor":12.0,"turns":3.0},{"damage":7.0,"enemies":"Looter","floor":13.0,"turns":3.0},{"damage":17.0,"enemies":"Lagavulin","floor":14.0,"turns":4.0},{"damage":0.0,"enemies":"The Guardian","floor":16.0,"turns":7.0},{"damage":11,"enemies":"Spheric Guardian","floor":18,"turns":4},{"damage":14,"enemies":"Chosen","floor":19,"turns":4},{"damage":22,"enemies":"Centurion and Healer","floor":21,"turns":6},{"damage":18,"enemies":"Snake Plant","floor":22,"turns":2}],"seed_played":"-7178561874096630343","potions_obtained":[{"floor":4.0,"key":"DuplicationPotion"},{"floor":5.0,"key":"Energy Potion"},{"floor":7.0,"key":"PowerPotion"},{"floor":14.0,"key":"Strength Potion"}],"is_trial":false,"path_per_floor":["M","$","M","M","M","R","E","M","T","M","R","M","M","E","R","B",null,"M","M","$","M","M"],"character_chosen":"WATCHER","items_purchased":["PathToVictory","Membership Card","Bottled Lightning","Energy Potion"],"campfire_rested":2,"item_purchase_floors":[2,20,20,20],"current_hp_per_floor":[65,65,65,65,61,61,29,19,19,11,32,27,20,3,24,24,60,49,35,35,13,0,0],"gold":63,"neow_bonus":"RANDOM_COMMON_RELIC","is_daily":false,"chose_seed":false,"campfire_upgraded":1,"win_rate":0.0,"timestamp":1609996480,"path_taken":["M","?","M","M","M","R","E","M","T","M","R","M","M","E","R","BOSS","M","M","$","M","M"],"items_purchased_type":["Card","Relic","Relic","Potion"],"build_version":"2020-12-22","purchased_purges":1,"victory":false,"max_hp_per_floor":[72,72,72,72,72,72,72,72,72,72,72,72,72,72,72,72,72,72,72,72,72,72,72],"card_choices":[{"not_picked":["Prostrate","Pray"],"picked":"PathToVictory","floor":1.0},{"not_picked":["Indignation","FearNoEvil","Collect"],"picked":"SKIP","floor":3.0},{"not_picked":["CutThroughFate","SandsOfTime","Conclude"],"picked":"SKIP","floor":4.0},{"not_picked":["EmptyFist","Crescendo","Adaptation"],"picked":"SKIP","floor":5.0},{"not_picked":["Adaptation","EmptyBody"],"picked":"InnerPeace","floor":7.0},{"not_picked":["Evaluate","CrushJoints"],"picked":"TalkToTheHand","floor":8.0},{"not_picked":["FollowUp","DeceiveReality"],"picked":"LikeWater","floor":10.0},{"not_picked":["SandsOfTime","CutThroughFate"],"picked":"PathToVictory","floor":12.0},{"not_picked":["FollowUp","Halt","SashWhip"],"picked":"SKIP","floor":13.0},{"not_picked":["JustLucky","DeceiveReality","Wish"],"picked":"SKIP","floor":14.0},{"not_picked":["Protect","FollowUp"],"picked":"Study+1","floor":18},{"not_picked":["FlyingSleeves","Study"],"picked":"ThirdEye","floor":19},{"not_picked":["Consecrate","FlyingSleeves+1","SandsOfTime+1"],"picked":"SKIP","floor":21}],"player_experience":1104067,"relics_obtained":[{"floor":7.0,"key":"Boot"},{"floor":9.0,"key":"CeramicFish"},{"floor":14.0,"key":"Pen Nib"},{"floor":17.0,"key":"Ancient Tea Set"},{"floor":17.0,"key":"Letter Opener"},{"floor":17.0,"key":"Unceasing Top"}],"event_choices":[],"is_beta":false,"boss_relics":[{"not_picked":["Fusion Hammer","SacredBark"],"picked":"Calling Bell"}],"items_purged_floors":[20],"is_endless":false,"potions_floor_spawned":[4,5,7,14],"killed_by":"Snake Plant","ascension_level":11}}