{"host":"2se5dq1do2gp0x9k","time":1609999151,"event":{"mods":["AchievementEnabler","BaseMod","Block Reminder","Colored Map","Colored Powertips","Minty Spire (QoL Compilation)","Relic Stats","StSLib","SuperFastMode"],"gold_per_floor":[14,24,43,43,60,92,92,119,119,119,44,44,76,94,94,173,173,186,205,205,216,234,267,267,78,78,112,112,112,138,148,148,226,226,242,267,147,158,174,201,201,236,236,261,261,288,288,299,299,299,299],"floor_reached":50,"playtime":2502,"items_purged":["Eruption"],"score":1158,"play_id":"5ebfcc15-c5a3-4d3c-ac70-96eb73cadb5a","local_time":"20210106215911","is_ascension_mode":true,"campfire_choices":[{"data":"Meditate","floor":7.0,"key":"SMITH"},{"floor":10.0,"key":"REST"},{"floor":15.0,"key":"REST"},{"data":"PathToVictory","floor":24.0,"key":"SMITH"},{"floor":28.0,"key":"REST"},{"floor":32.0,"key":"REST"},{"floor":45,"key":"DIG"},{"floor":47,"key":"RECALL"},{"floor":49,"key":"DIG"}],"circlet_count":0,"master_deck":["AscendersBane","Defend_P","Defend_P","Defend_P","Defend_P","Vigilance+1","PathToVictory+1","ThirdEye+1","Wallop","CutThroughFate","Meditate+1","EmptyBody","LikeWater","WaveOfTheHand","DevaForm","PathToVictory+1","Bite","Bite","Bite","Bite","Bite","Study","Apotheosis","PathToVictory","DeusExMachina","ThirdEye","CutThroughFate+1","PathToVictory+1","InnerPeace+1","Consecrate+1"],"relics":["PureWater","CaptainsWheel","Unceasing Top","War Paint","Bottled Lightning","CloakClasp","Philosopher\u0027s Stone","Turnip","Molten Egg 2","Regal Pillow","Bag of Marbles","Bird Faced Urn","Fusion Hammer","Shovel","InkBottle","Ancient Tea Set","Letter Opener","Damaru","Orichalcum","Gremlin Horn"],"acts_visited":["Exordium","TheCity","TheBeyond"],"potions_floor_usage":[],"damage_taken":[{"damage":2.0,"enemies":"Cultist","floor":1.0,"turns":3.0},{"damage":3.0,"enemies":"2 Louse","floor":2.0,"turns":3.0},{"damage":0.0,"enemies":"Jaw Worm","floor":3.0,"turns":4.0},{"damage":2.0,"enemies":"3 Louse","floor":5.0,"turns":4.0},{"damage":29.0,"enemies":"3 Sentries","floor":6.0,"turns":10.0},{"damage":11.0,"enemies":"Lagavulin","floor":8.0,"turns":5.0},{"damage":13.0,"enemies":"Gremlin Nob","floor":13.0,"turns":4.0},{"damage":0.0,"enemies":"Blue Slaver","floor":14.0,"turns":4.0},{"damage":13.0,"enemies":"The Guardian","floor":16.0,"turns":14.0},{"damage":11.0,"enemies":"Spheric Guardian","floor":18.0,"turns":6.0},{"damage":24.0,"enemies":"3 Byrds","floor":19.0,"turns":6.0},{"damage":3.0,"enemies":"Centurion and Healer","floor":21.0,"turns":9.0},{"damage":5.0,"enemies":"Snake Plant","floor":22.0,"turns":4.0},{"damage":10.0,"enemies":"Slavers","floor":23.0,"turns":8.0},{"damage":49.0,"enemies":"Gremlin Leader","floor":27.0,"turns":8.0},{"damage":33.0,"enemies":"Slavers","floor":30.0,"turns":8.0},{"damage":26.0,"enemies":"Snecko","floor":31.0,"turns":6.0},{"damage":43.0,"enemies":"Automaton","floor":33.0,"turns":7.0},{"damage":10.0,"enemies":"Orb Walker","floor":35.0,"turns":4.0},{"damage":31.0,"enemies":"Mind Bloom Boss Battle","floor":36.0,"turns":5.0},{"damage":2.0,"enemies":"3 Shapes","floor":38.0,"turns":6.0},{"damage":0.0,"enemies":"Sphere and 2 Shapes","floor":39.0,"turns":4.0},{"damage":14.0,"enemies":"Giant Head","floor":40.0,"turns":6.0},{"damage":22,"enemies":"Nemesis","floor":42,"turns":5},{"damage":8,"enemies":"Reptomancer","floor":44,"turns":5},{"damage":15,"enemies":"Writhing Mass","floor":48,"turns":4},{"damage":47,"enemies":"Awakened One","floor":50,"turns":2}],"seed_played":"3798307640553211833","potions_obtained":[{"floor":3.0,"key":"SkillPotion"},{"floor":5.0,"key":"SmokeBomb"},{"floor":6.0,"key":"GamblersBrew"},{"floor":18.0,"key":"PowerPotion"},{"floor":21.0,"key":"FearPotion"},{"floor":22.0,"key":"DuplicationPotion"},{"floor":27.0,"key":"Block Potion"},{"floor":30.0,"key":"BottledMiracle"},{"floor":35.0,"key":"Ancient Potion"},{"floor":36.0,"key":"FearPotion"}],"is_trial":false,"path_per_floor":["M","M","M","?","M","E","R","E","T","R","$","$","E","M","R","B",null,"M","M","?","M","M","E","R","$","T","E","R","T","E","M","R","B",null,"M","?","$","M","M","E","?","E","T","E","R","T","R","M","R","B"],"character_chosen":"WATCHER","items_purchased":["LikeWater","Apotheosis","CutThroughFate+1"],"campfire_rested":4,"item_purchase_floors":[11,25,37],"current_hp_per_floor":[59,56,56,56,54,25,25,14,14,34,34,34,21,21,41,28,58,47,23,23,46,47,47,47,47,47,22,47,47,28,16,45,14,39,43,25,25,43,47,46,46,47,47,47,47,47,47,34,34,0,0],"gold":299,"neow_bonus":"ONE_RARE_RELIC","is_daily":false,"chose_seed":false,"campfire_upgraded":2,"win_rate":0.0,"timestamp":1609999151,"path_taken":["M","M","?","?","M","E","R","E","T","R","?","$","E","M","R","BOSS","M","?","?","M","M","E","R","$","T","E","R","?","E","M","R","BOSS","M","?","$","M","M","E","?","E","T","E","R","?","R","?","R","BOSS"],"items_purchased_type":["Card","Card","Card"],"build_version":"2020-12-22","purchased_purges":1,"victory":false,"max_hp_per_floor":[68,68,68,68,68,68,68,68,68,68,68,68,68,68,68,68,68,68,68,47,47,47,47,47,47,47,47,47,47,47,47,47,47,47,47,47,47,47,47,47,47,47,47,47,47,47,47,47,47,47,47],"relic_stats":{"Regal Pillow":26,"Gremlin Horn":[2,2],"counters":[27,154],"CloakClasp":[294],"Letter Opener":[29],"War Paint":["ThirdEye","Vigilance"],"Orichalcum":[0],"Shovel":2,"Bird Faced Urn":[31],"Turnip":[5],"obtain_stats":[{"Regal Pillow":27,"Gremlin Horn":49,"Damaru":45,"CloakClasp":13,"Letter Opener":44,"War Paint":8,"Orichalcum":46,"Ancient Tea Set":42,"CaptainsWheel":0,"Shovel":36,"Bird Faced Urn":30,"Philosopher\u0027s Stone":17,"Molten Egg 2":26,"Turnip":23,"Fusion Hammer":34,"Bag of Marbles":29,"Bottled Lightning":9,"PureWater":0,"Unceasing Top":6,"InkBottle":40},{"Regal Pillow":15,"Gremlin Horn":26,"Damaru":25,"CloakClasp":7,"Letter Opener":25,"War Paint":6,"Orichalcum":25,"Ancient Tea Set":24,"CaptainsWheel":0,"Shovel":20,"Bird Faced Urn":16,"Philosopher\u0027s Stone":9,"Molten Egg 2":14,"Turnip":14,"Fusion Hammer":18,"Bag of Marbles":15,"Bottled Lightning":6,"PureWater":0,"Unceasing Top":5,"InkBottle":23},{"Regal Pillow":92,"Gremlin Horn":152,"Damaru":148,"CloakClasp":33,"Letter Opener":148,"War Paint":29,"Orichalcum":148,"Ancient Tea Set":143,"CaptainsWheel":0,"Shovel":122,"Bird Faced Urn":100,"Philosopher\u0027s Stone":51,"Molten Egg 2":84,"Turnip":84,"Fusion Hammer":113,"Bag of Marbles":92,"Bottled Lightning":29,"PureWater":0,"Unceasing Top":24,"InkBottle":138}],"Unceasing Top":[14],"InkBottle":[10]},"card_choices":[{"not_picked":["JustLucky","SashWhip"],"picked":"PathToVictory","floor":1.0},{"not_picked":["SandsOfTime","Prostrate"],"picked":"ThirdEye","floor":2.0},{"not_picked":["Indignation","Consecrate"],"picked":"Wallop","floor":3.0},{"not_picked":["FlyingSleeves","Pray"],"picked":"CutThroughFate","floor":5.0},{"not_picked":["InnerPeace","Evaluate"],"picked":"Meditate","floor":6.0},{"not_picked":["Blasphemy","FlurryOfBlows"],"picked":"EmptyBody","floor":8.0},{"not_picked":["WreathOfFlame","FlyingSleeves","ClearTheMind"],"picked":"SKIP","floor":13.0},{"not_picked":["FlyingSleeves","CarveReality"],"picked":"WaveOfTheHand","floor":14.0},{"not_picked":["Brilliance","Wish"],"picked":"DevaForm","floor":16.0},{"not_picked":["SashWhip+1","FlyingSleeves"],"picked":"PathToVictory+1","floor":18.0},{"not_picked":["Weave","FlyingSleeves","Protect"],"picked":"SKIP","floor":19.0},{"not_picked":["Indignation","ThirdEye"],"picked":"Study","floor":21.0},{"not_picked":["Protect","Vengeance","EmptyBody"],"picked":"SKIP","floor":22.0},{"not_picked":["Devotion","WindmillStrike","JustLucky"],"picked":"SKIP","floor":23.0},{"not_picked":["Crescendo","BowlingBash+1","SashWhip+1"],"picked":"SKIP","floor":27.0},{"not_picked":["Swivel","Devotion"],"picked":"PathToVictory","floor":30.0},{"not_picked":["BowlingBash+1","Swivel+1","CrushJoints+1"],"picked":"SKIP","floor":31.0},{"not_picked":["Brilliance+1","ConjureBlade"],"picked":"DeusExMachina","floor":33.0},{"not_picked":["TalkToTheHand+1","WaveOfTheHand","Nirvana"],"picked":"SKIP","floor":35.0},{"not_picked":["Halt+1","ClearTheMind"],"picked":"ThirdEye","floor":36.0},{"not_picked":["Fasting2","Halt"],"picked":"PathToVictory+1","floor":38.0},{"not_picked":["ClearTheMind","Swivel+1"],"picked":"InnerPeace+1","floor":39.0},{"not_picked":["BattleHymn","DeusExMachina","Study"],"picked":"SKIP","floor":40.0},{"not_picked":["CrushJoints+1","EmptyBody+1","Protect"],"picked":"SKIP","floor":42},{"not_picked":["EmptyMind","InnerPeace"],"picked":"Consecrate+1","floor":44},{"not_picked":["Swivel+1","Study","FollowUp+1"],"picked":"SKIP","floor":48}],"player_experience":3790873,"relics_obtained":[{"floor":6.0,"key":"Unceasing Top"},{"floor":8.0,"key":"War Paint"},{"floor":9.0,"key":"Bottled Lightning"},{"floor":13.0,"key":"CloakClasp"},{"floor":23.0,"key":"Turnip"},{"floor":26.0,"key":"Molten Egg 2"},{"floor":27.0,"key":"Regal Pillow"},{"floor":29.0,"key":"Bag of Marbles"},{"floor":30.0,"key":"Bird Faced Urn"},{"floor":36.0,"key":"Shovel"},{"floor":40.0,"key":"InkBottle"},{"floor":42,"key":"Ancient Tea Set"},{"floor":44,"key":"Letter Opener"},{"floor":45,"key":"Damaru"},{"floor":46,"key":"Orichalcum"},{"floor":49,"key":"Gremlin Horn"}],"event_choices":[{"cards_removed":["Strike_P"],"damage_healed":0.0,"max_hp_gain":0.0,"max_hp_loss":0.0,"gold_gain":0.0,"event_name":"Bonfire Elementals","player_choice":"Offered Basic","floor":4.0,"gold_loss":0.0,"damage_taken":0.0},{"damage_healed":0.0,"max_hp_gain":0.0,"max_hp_loss":21.0,"gold_gain":0.0,"event_name":"Vampires","player_choice":"Became a vampire","floor":20.0,"gold_loss":0.0,"damage_taken":0.0,"cards_obtained":["Bite","Bite","Bite","Bite","Bite"]},{"damage_healed":0.0,"max_hp_gain":0.0,"max_hp_loss":0.0,"gold_gain":0.0,"event_name":"MindBloom","player_choice":"Fight","floor":36.0,"gold_loss":0.0,"damage_taken":0.0},{"damage_healed":0,"gold_gain":0,"player_choice":"Ignored","damage_taken":0,"max_hp_gain":0,"max_hp_loss":0,"event_name":"Mysterious Sphere","floor":41,"gold_loss":0}],"is_beta":false,"boss_relics":[{"not_picked":["HolyWater","Black Star"],"picked":"Philosopher\u0027s Stone"},{"not_picked":["VioletLotus","Coffee Dripper"],"picked":"Fusion Hammer"}],"items_purged_floors":[37],"is_endless":false,"potions_floor_spawned":[3,5,6,18,21,22,27,30,35,36,38,44,48],"killed_by":"Awakened One","ascension_level":15}}