{"host":"98ajcw3do3zsggh8","time":1609980368,"event":{"mods":["BaseMod","Minty Spire (QoL Compilation)","Replay The Spire","StSLib","The Marked"],"gold_per_floor":[113,188,188,204,221,254,266,266,266,266,266],"floor_reached":10,"playtime":222,"items_purged":[],"score":78,"play_id":"9419cf9a-acf1-4f4c-8da6-fb855670f6c7","local_time":"20210107014608","is_ascension_mode":true,"campfire_choices":[{"data":"Flex","floor":8,"key":"SMITH"}],"circlet_count":0,"master_deck":["Strike_R","Strike_R","Strike_R","Strike_R","Defend_R","Defend_R","Defend_R","Defend_R","Bash","Thunderclap","Flex+1"],"relics":["ReplayTheSpireMod:DimensionalGlitch","Smiling Mask","Bag of Marbles"],"acts_visited":["Exordium"],"potions_floor_usage":[10],"damage_taken":[{"damage":1,"enemies":"Cultist","floor":1,"turns":4},{"damage":2,"enemies":"2 Louse","floor":4,"turns":2},{"damage":0,"enemies":"Jaw Worm","floor":5,"turns":3},{"damage":20,"enemies":"Gremlin Nob","floor":6,"turns":4},{"damage":16,"enemies":"Blue Slaver","floor":7,"turns":3},{"damage":30,"enemies":"Lagavulin","floor":10,"turns":3}],"seed_played":"-2313285446475444147","potions_obtained":[{"floor":4,"key":"DuplicationPotion"},{"floor":5,"key":"Elixir"}],"is_trial":false,"path_per_floor":["M","?","?","M","M","E","M","R","T","E"],"character_chosen":"IRONCLAD","items_purchased":[],"campfire_rested":0,"item_purchase_floors":[],"current_hp_per_floor":[79,68,68,66,66,46,30,30,30,0,0],"gold":266,"neow_bonus":"BOSS_RELIC","is_daily":false,"chose_seed":false,"campfire_upgraded":1,"win_rate":0.0,"timestamp":1609980368,"path_taken":["M","?","?","M","?","E","M","R","T","E"],"items_purchased_type":[],"build_version":"2020-12-22","purchased_purges":0,"victory":false,"max_hp_per_floor":[80,80,80,80,80,80,80,80,80,80,80],"card_choices":[{"not_picked":["Havoc","Pummel"],"picked":"Thunderclap","floor":1},{"not_picked":["Twin Strike","Sword Boomerang","ReplayReversal"],"picked":"SKIP","floor":4},{"not_picked":["ReplayTheSpireMod:Strike From Hell","Shrug It Off","Headbutt"],"picked":"SKIP","floor":5},{"not_picked":["Perfected Strike","Dark Embrace"],"picked":"Flex","floor":6},{"not_picked":["Shockwave","Uppercut","Fire Breathing"],"picked":"SKIP","floor":7}],"player_experience":319146,"relics_obtained":[{"floor":6,"key":"Smiling Mask"},{"floor":9,"key":"Bag of Marbles"}],"event_choices":[{"damage_healed":0,"gold_gain":75,"player_choice":"Gather Gold","damage_taken":11,"max_hp_gain":0,"max_hp_loss":0,"event_name":"World of Goop","floor":2,"gold_loss":0},{"cards_removed":["Strike_R"],"damage_healed":0,"gold_gain":0,"player_choice":"Purged","damage_taken":0,"max_hp_gain":0,"max_hp_loss":0,"event_name":"Purifier","floor":3,"gold_loss":0}],"is_beta":false,"boss_relics":[],"items_purged_floors":[],"is_endless":false,"potions_floor_spawned":[4,5],"killed_by":"Lagavulin","ascension_level":3}}