{"host":"61xbmbtf5zrn7rzc","time":1609991020,"event":{"mods":["BaseMod","Challenge The Spire","Hubris","Minty Spire (QoL Compilation)","Replay The Spire","StSLib","SuperFastMode","The Marked"],"gold_per_floor":[111,111,111,75,89,89,122,142,142,159,159,171,184,218,218,290,290,301,313,221,238,271,271,289,316,343,61,61,81,81,112,112,186,186,202,254,272,133,166,166,182,182,229,264,275,275,275,275,308,318,318,318,318],"floor_reached":52,"playtime":5101,"items_purged":[],"score":1274,"play_id":"94f164b7-643a-472b-bf46-1aaecb53a83a","local_time":"20210106224340","daily_mods":["SealedDeck","Heirloom","DeadlyEvents","Elite Swarm"],"is_ascension_mode":true,"campfire_choices":[{"data":"Rupture","floor":6,"key":"SMITH"},{"data":"Feed","floor":11,"key":"SMITH"},{"data":"Brutality","floor":15,"key":"SMITH"},{"data":"Hemogenesis","floor":23,"key":"SMITH"},{"floor":30,"key":"REST"},{"data":"Iron Wave","floor":32,"key":"SMITH"},{"data":"Offering","floor":40,"key":"SMITH"},{"data":"hubris:StunningStrike","floor":42,"key":"SMITH"},{"floor":51,"key":"REST"}],"circlet_count":0,"master_deck":["AscendersBane","ReplayTheSpireMod:Muscle Training","Thunderclap","Shrug It Off","Rupture+1","Iron Wave+1","Iron Wave","Thunderclap","Iron Wave","Thunderclap","Metallicize","Replay:Undeath\u0027s Touch+1","Rupture+1","Feed+1","Shrug It Off","Brutality+1","Hemogenesis+1","Hemokinesis","Armaments","Armaments","Offering+1","Whirlwind","Berserk","Flame Barrier","hubris:StunningStrike+1","Chrysalis","Exhume"],"relics":["Burning Blood","Pocketwatch","Chameleon Ring","Replay:Bottled Snecko","hubris:ChampionShield","SlaversCollar","Omamori","Charon\u0027s Ashes","Ancient Tea Set","Strange Spoon","hubris:Icosahedron","Pet Ghost","Replay:Bronze Core","Replay:PocketPolymizer","ReplayTheSpireMod:ShopPack","Durian","ReplayTheSpireMod:Spearhead","Replay:Arrowhead","hubris:Towel","hubris:BottledRain"],"acts_visited":["Exordium","TheCity","TheBeyond"],"potions_floor_usage":[12,16,16,22,25,25,29,36,39,50],"damage_taken":[{"damage":1,"enemies":"Small Slimes","floor":1,"turns":3},{"damage":3,"enemies":"2 Louse","floor":5,"turns":2},{"damage":22,"enemies":"3 Sentries","floor":7,"turns":5},{"damage":2,"enemies":"Cultist","floor":8,"turns":4},{"damage":6,"enemies":"Gremlin Gang","floor":10,"turns":3},{"damage":7,"enemies":"Looter","floor":12,"turns":3},{"damage":14,"enemies":"Exordium Wildlife","floor":13,"turns":4},{"damage":27,"enemies":"Gremlin Nob","floor":14,"turns":5},{"damage":24,"enemies":"The Guardian","floor":16,"turns":5},{"damage":20,"enemies":"Chosen","floor":18,"turns":5},{"damage":25,"enemies":"3 Byrds","floor":19,"turns":4},{"damage":15,"enemies":"Centurion and Healer","floor":21,"turns":6},{"damage":27,"enemies":"Slavers","floor":22,"turns":4},{"damage":42,"enemies":"Cultist and Chosen","floor":24,"turns":6},{"damage":19,"enemies":"Book of Stabbing","floor":25,"turns":3},{"damage":35,"enemies":"Snake Plant","floor":29,"turns":4},{"damage":15,"enemies":"Slavers","floor":31,"turns":3},{"damage":46,"enemies":"Collector","floor":33,"turns":6},{"damage":11,"enemies":"3 Darklings","floor":35,"turns":3},{"damage":39,"enemies":"2 Orb Walkers","floor":36,"turns":4},{"damage":11,"enemies":"3 Shapes","floor":37,"turns":3},{"damage":11,"enemies":"Nemesis","floor":39,"turns":4},{"damage":56,"enemies":"Spire Growth","floor":41,"turns":6},{"damage":22,"enemies":"Giant Head","floor":44,"turns":5},{"damage":29,"enemies":"Maw","floor":45,"turns":5},{"damage":31,"enemies":"R_Hoarder","floor":49,"turns":7},{"damage":27,"enemies":"Writhing Mass","floor":50,"turns":7},{"damage":112,"enemies":"Awakened One","floor":52,"turns":11}],"seed_played":"4143541232718104068","potions_obtained":[{"floor":1,"key":"Reflective Coating"},{"floor":7,"key":"Swift Potion"},{"floor":13,"key":"SneckoOil"},{"floor":18,"key":"Adrenaline Potion"},{"floor":22,"key":"Fire Potion"},{"floor":24,"key":"Fire Potion"},{"floor":31,"key":"Elixir"},{"floor":33,"key":"Venom Potion"},{"floor":36,"key":"Ancient Potion"},{"floor":37,"key":"Adrenaline Potion"},{"floor":45,"key":"Weak Potion"},{"floor":49,"key":"Weak Potion"}],"is_trial":true,"path_per_floor":["M","?","?","$","M","R","E","M","T","M","R","M","M","E","R","B",null,"M","M","$","M","E","R","M","E","T","$","?","M","R","E","R","B",null,"M","?","M","$","E","R","M","R","T","E","M","PTL","PTL","?","E","M","R","B"],"character_chosen":"IRONCLAD","items_purchased":["Rupture","Armaments","BlessingOfTheForge","Strange Spoon","Flame Barrier","EssenceOfSteel","ReplayTheSpireMod:ShopPack"],"campfire_rested":2,"item_purchase_floors":[4,20,20,27,27,27,38],"current_hp_per_floor":[73,73,73,73,75,75,59,66,66,66,66,69,65,48,48,34,79,74,66,66,61,53,53,34,29,29,29,29,14,45,51,51,51,95,101,79,85,85,85,85,39,39,39,34,26,26,26,26,33,47,86,0,0],"gold":318,"neow_bonus":"","is_daily":false,"chose_seed":false,"campfire_upgraded":7,"win_rate":0.0,"timestamp":1609991020,"path_taken":["M","?","?","$","M","R","E","?","T","M","R","M","M","E","R","BOSS","M","?","$","M","?","R","M","E","T","$","?","M","R","E","R","BOSS","M","?","?","?","?","R","M","R","T","E","?","PTL","PTL","?","E","M","R","BOSS"],"items_purchased_type":["Card","Card","Potion","Relic","Card","Potion","Relic"],"build_version":"2020-12-22","purchased_purges":0,"victory":false,"max_hp_per_floor":[75,75,75,75,75,75,75,78,78,78,78,82,86,90,90,94,94,94,98,98,102,106,106,106,106,106,106,106,106,106,110,110,110,110,110,110,110,110,115,115,119,119,119,119,123,123,123,123,127,131,131,135,135],"card_choices":[{"not_picked":["Flex","Twin Strike"],"picked":"Replay:Undeath\u0027s Touch","floor":1},{"not_picked":["Run Through","Dark Embrace","True Grit"],"picked":"SKIP","floor":5},{"not_picked":["Exhume","Demon Form"],"picked":"Feed","floor":7},{"not_picked":["Run Through","Perfected Strike","Body Slam"],"picked":"SKIP","floor":8},{"not_picked":["Ghostly Armor","Wild Strike","ReplayTheSpireMod:Muscle Training"],"picked":"SKIP","floor":10},{"not_picked":["ReplayTheSpireMod:LeadingStrike","Havoc","Clash"],"picked":"SKIP","floor":12},{"not_picked":["Cleave","ReplayTheSpireMod:Strike From Hell"],"picked":"Shrug It Off","floor":13},{"not_picked":["Exhume","Reaper"],"picked":"Brutality","floor":14},{"not_picked":["Exhume","Brutality"],"picked":"Hemogenesis","floor":16},{"not_picked":["Thunderclap","Clash"],"picked":"Hemokinesis","floor":18},{"not_picked":["Wild Strike","hubris:CleavingFinish+1","Evolve"],"picked":"SKIP","floor":19},{"not_picked":["Thunderclap","Pommel Strike","Battle Trance"],"picked":"SKIP","floor":21},{"not_picked":["Hemogenesis","Eclipse"],"picked":"Offering","floor":22},{"not_picked":["Entrench","Reckless Charge"],"picked":"Whirlwind","floor":24},{"not_picked":["Reaper","Eclipse"],"picked":"Berserk","floor":25},{"not_picked":["Run Through","Wild Strike","Reckless Charge+1"],"picked":"SKIP","floor":29},{"not_picked":["Corruption","Hemogenesis","Berserk"],"picked":"SKIP","floor":31},{"not_picked":["Searing Blow","True Grit","Replay:Undeath\u0027s Touch+1"],"picked":"SKIP","floor":35},{"not_picked":["Wild Strike+1","Replay:Undeath\u0027s Touch"],"picked":"hubris:StunningStrike","floor":37},{"not_picked":["Midas Touch","HandOfGreed"],"picked":"Chrysalis","floor":38},{"not_picked":["Feed","Reaper","Demonic Infusion"],"picked":"SKIP","floor":39},{"not_picked":["Ghostly Armor","Shockwave","Body Slam"],"picked":"SKIP","floor":41},{"not_picked":["Fiend Fire","Feed"],"picked":"Exhume","floor":44},{"not_picked":["Run Through","True Grit","Flex+1"],"picked":"SKIP","floor":45},{"not_picked":["Corruption","Demonic Infusion","Replay:Many Hands"],"picked":"SKIP","floor":49},{"not_picked":["Thunderclap","Sword Boomerang","Run Through+1"],"picked":"SKIP","floor":50}],"player_experience":101821,"relics_obtained":[{"floor":7,"key":"Chameleon Ring"},{"floor":9,"key":"Replay:Bottled Snecko"},{"floor":14,"key":"hubris:ChampionShield"},{"floor":22,"key":"Omamori"},{"floor":25,"key":"Charon\u0027s Ashes"},{"floor":26,"key":"Ancient Tea Set"},{"floor":31,"key":"Pet Ghost"},{"floor":36,"key":"Replay:PocketPolymizer"},{"floor":39,"key":"Durian"},{"floor":43,"key":"ReplayTheSpireMod:Spearhead"},{"floor":44,"key":"Replay:Arrowhead"},{"floor":49,"key":"hubris:BottledRain"}],"event_choices":[{"damage_healed":0,"gold_gain":0,"player_choice":"Grow","damage_taken":0,"max_hp_gain":0,"max_hp_loss":0,"event_name":"Living Wall","floor":3,"gold_loss":0,"cards_upgraded":["Rupture"]},{"damage_healed":0,"gold_gain":0,"player_choice":"Fight","damage_taken":0,"max_hp_gain":0,"max_hp_loss":0,"event_name":"Mysterious Sphere","floor":36,"gold_loss":0}],"is_beta":false,"boss_relics":[{"not_picked":["Replay:Wanted Poster","Fusion Hammer"],"picked":"SlaversCollar"},{"not_picked":["Astrolabe","hubris:GrandSneckoEye"],"picked":"Replay:Bronze Core"}],"items_purged_floors":[],"is_endless":false,"potions_floor_spawned":[1,7,10,13,18,22,24,31,33,36,37,45,49],"killed_by":"Awakened One","ascension_level":20}}