{"host":"m5ct6bi1o27m4mp1","time":1609998210,"event":{"mods":["BaseMod","Hero for Fun","Infinite Spire","Marisa????????","Minty Spire (QoL Compilation)","Prisma Mod","StSLib","The Cursed","The Necromancer"],"gold_per_floor":[118,118,118,138,138,179,104,139,162,203,25,25,56,56,56,151,151,165,40,40,40,63,63,63],"floor_reached":23,"playtime":808,"items_purged":["Strike_W","Strike_W","Negative_Energy_Bomb"],"score":451,"play_id":"b9c9004a-086d-4981-8299-925abdd99bcd","local_time":"20210107134330","daily_mods":["Specialized","Heirloom","Time Dilation","Flight"],"is_ascension_mode":true,"campfire_choices":[{"data":"Echo Form","floor":15,"key":"SMITH"}],"circlet_count":0,"master_deck":["Demon Form","Wraith Form v2","Echo Form+1","DevaForm","AscendersBane","Negative_Energy_Arrows","Bone_Wall","Summon_Undead","Summon_Undead","Summon_Undead","Summon_Undead","Summon_Undead","Summon_Undead","Skeleton_Dragon","Whirlwind_of_Bones","Summon_Lich","Bone_Shift","Summon_Vampire_Lady","Necrotic_Claws","Blood_for_Blood","Blood_Whip","Life_Tap","Vampiric_Strike"],"relics":["Vampire_Amulet","Girya","Golden Idol","Ancient Tea Set","Toy Ornithopter","Boot","Bronze Scales","Mercury Hourglass","infinitespire:WardingShard","Pandora\u0027s Box","Meat on the Bone"],"acts_visited":["Exordium","TheCity"],"potions_floor_usage":[],"damage_taken":[{"damage":29,"enemies":"Small Slimes","floor":1,"turns":3},{"damage":33,"enemies":"Jaw Worm","floor":4,"turns":5},{"damage":69,"enemies":"Gremlin Nob","floor":6,"turns":6},{"damage":40,"enemies":"3 Sentries","floor":8,"turns":5},{"damage":52,"enemies":"Gremlin Nob","floor":10,"turns":6},{"damage":23,"enemies":"Lagavulin","floor":13,"turns":6},{"damage":60,"enemies":"The Guardian","floor":16,"turns":9},{"damage":32,"enemies":"Chosen","floor":18,"turns":5},{"damage":38,"enemies":"2 Thieves","floor":22,"turns":5},{"damage":85,"enemies":"Gremlin Leader","floor":23,"turns":3}],"seed_played":"9071317714134109869","potions_obtained":[{"floor":1,"key":"PowerPotion"},{"floor":6,"key":"GamblersBrew"}],"is_trial":true,"path_per_floor":["M","?","?","M","?","E","$","E","T","E","$","$","E","T","R","B",null,"M","$","?","?","M","E"],"character_chosen":"NECROMANCER","items_purchased":["Summon_Lich"],"campfire_rested":0,"item_purchase_floors":[11],"current_hp_per_floor":[71,71,71,71,71,71,71,71,71,71,71,71,71,71,71,71,71,71,71,71,71,71,0,0],"gold":63,"neow_bonus":"","is_daily":false,"chose_seed":false,"campfire_upgraded":1,"win_rate":0.0,"timestamp":1609998210,"path_taken":["M","?","?","M","?","E","$","E","T","E","$","$","E","?","R","BOSS","M","$","?","?","M","E"],"items_purchased_type":["Card"],"build_version":"2020-12-22","purchased_purges":3,"victory":false,"max_hp_per_floor":[71,71,71,71,71,71,71,71,71,71,71,71,71,71,71,71,71,71,71,71,71,71,71,71],"card_choices":[{"not_picked":["Chill_Blood","Blood_Curse","Death_Knell"],"picked":"SKIP","floor":1},{"not_picked":["Bone_Spikes","Toxic_Smoke_Screen","Blood_Curse"],"picked":"SKIP","floor":4},{"not_picked":["Flesh_Made_Foul","Bone_Armory"],"picked":"Summon_Undead","floor":6},{"not_picked":["Vampiric_Strike","Flesh_Made_Foul"],"picked":"Skeleton_Dragon","floor":8},{"not_picked":["Exploit","Blood_Whip"],"picked":"Whirlwind_of_Bones","floor":10},{"not_picked":["Necrotic_Claws","Spectral_Walk"],"picked":"Bone_Shift","floor":13},{"not_picked":["Hellfire","Blood_Wake"],"picked":"Summon_Vampire_Lady","floor":16},{"not_picked":["Death_Coil","Necrotic_Claws"],"picked":"Death_Knell","floor":18},{"not_picked":["Finger_Of_Death","Bone_Armory","Death_March_Dance"],"picked":"SKIP","floor":22}],"player_experience":45055,"relics_obtained":[{"floor":6,"key":"Ancient Tea Set"},{"floor":8,"key":"Toy Ornithopter"},{"floor":9,"key":"Boot"},{"floor":10,"key":"Bronze Scales"},{"floor":13,"key":"Mercury Hourglass"},{"floor":14,"key":"infinitespire:WardingShard"}],"event_choices":[{"damage_healed":0,"gold_gain":0,"player_choice":"Ignored","damage_taken":0,"max_hp_gain":0,"max_hp_loss":0,"event_name":"Liars Game","floor":2,"gold_loss":0},{"cards_removed":["Strike_W"],"damage_healed":0,"gold_gain":0,"player_choice":"Card Removal","damage_taken":7,"max_hp_gain":0,"max_hp_loss":0,"event_name":"Golden Wing","floor":3,"gold_loss":0},{"damage_healed":0,"gold_gain":0,"player_choice":"Take Damage","damage_taken":24,"relics_obtained":["Golden Idol"],"max_hp_gain":0,"max_hp_loss":0,"event_name":"Golden Idol","floor":5,"gold_loss":0},{"damage_healed":0,"gold_gain":0,"cards_transformed":["Negative_Energy_Sphere","Death_Knell"],"player_choice":"Became Test Subject","damage_taken":0,"max_hp_gain":0,"max_hp_loss":0,"event_name":"Drug Dealer","floor":20,"gold_loss":0,"cards_obtained":["Life_Tap","Vampiric_Strike"]},{"damage_healed":0,"gold_gain":0,"player_choice":"Gave Potion","damage_taken":0,"relics_obtained":["Meat on the Bone"],"max_hp_gain":0,"max_hp_loss":0,"event_name":"WeMeetAgain","floor":21,"gold_loss":0}],"is_beta":false,"boss_relics":[{"not_picked":["SlaversCollar","Sozu"],"picked":"Pandora\u0027s Box"}],"items_purged_floors":[7,11,19],"is_endless":false,"potions_floor_spawned":[1,6,13,16],"killed_by":"Gremlin Leader","ascension_level":20}}