{"host":"2lrkmsuh7nz013qb","time":1609984140,"event":{"mods":["BaseMod","Colored Map","DeckTracker","Minty Spire (QoL Compilation)","SuperFastMode","everything is the same but u backflip on backflip"],"gold_per_floor":[114,129,129,149,167,167,167,192,268,268,268,289,308,324,324,422,422,447,468,468,468],"floor_reached":20,"playtime":562,"items_purged":[],"score":340,"play_id":"56f73ae9-2197-475e-8487-83649d986d64","local_time":"20210107104900","is_ascension_mode":true,"campfire_choices":[{"data":"Deadly Poison","floor":6,"key":"SMITH"},{"data":"Prepared","floor":11,"key":"SMITH"},{"data":"Tactician","floor":15,"key":"SMITH"}],"circlet_count":0,"master_deck":["AscendersBane","Strike_G","Strike_G","Strike_G","Strike_G","Strike_G","Defend_G","Defend_G","Defend_G","Defend_G","Defend_G","Survivor","Neutralize","Prepared+1","Tactician+1","Die Die Die","Deadly Poison+1","Well Laid Plans","Eviscerate","Grand Finale"],"relics":["Ring of the Serpent","NeowsBlessing","Golden Idol","Shuriken"],"acts_visited":["Exordium","TheCity"],"potions_floor_usage":[16,16,16,20],"damage_taken":[{"damage":0,"enemies":"Cultist","floor":1,"turns":1},{"damage":0,"enemies":"Small Slimes","floor":2,"turns":1},{"damage":0,"enemies":"Jaw Worm","floor":4,"turns":1},{"damage":18,"enemies":"Large Slime","floor":5,"turns":8},{"damage":11,"enemies":"Blue Slaver","floor":8,"turns":6},{"damage":0,"enemies":"3 Louse","floor":12,"turns":2},{"damage":1,"enemies":"Looter","floor":13,"turns":3},{"damage":0,"enemies":"Lots of Slimes","floor":14,"turns":1},{"damage":28,"enemies":"Hexaghost","floor":16,"turns":10},{"damage":35,"enemies":"Chosen","floor":18,"turns":7},{"damage":18,"enemies":"2 Thieves","floor":19,"turns":3},{"damage":0,"enemies":"Masked Bandits","floor":20,"turns":2}],"seed_played":"-1028720305048162835","potions_obtained":[{"floor":1,"key":"Weak Potion"},{"floor":2,"key":"DistilledChaos"},{"floor":4,"key":"CultistPotion"},{"floor":8,"key":"EntropicBrew"},{"floor":18,"key":"CultistPotion"}],"is_trial":false,"path_per_floor":["M","M","?","M","M","R","?","M","T","?","R","M","M","M","R","B",null,"M","M","?"],"character_chosen":"THE_SILENT","items_purchased":[],"campfire_rested":0,"item_purchase_floors":[],"current_hp_per_floor":[59,59,59,59,41,41,41,30,30,30,30,30,29,29,29,1,45,10,10,10,10],"gold":468,"neow_bonus":"THREE_ENEMY_KILL","is_daily":false,"chose_seed":false,"campfire_upgraded":3,"win_rate":0.0,"timestamp":1609984140,"path_taken":["M","?","?","?","M","R","?","M","T","?","R","M","M","M","R","BOSS","M","M","?"],"items_purchased_type":[],"build_version":"2020-12-22","purchased_purges":0,"victory":false,"max_hp_per_floor":[66,66,66,66,66,66,60,60,60,60,60,60,60,60,60,60,60,60,60,60,60],"card_choices":[{"not_picked":["Masterful Stab","Distraction"],"picked":"Prepared","floor":1},{"not_picked":["Blur","Outmaneuver"],"picked":"Tactician","floor":2},{"not_picked":["Flying Knee","Riddle With Holes"],"picked":"Deadly Poison","floor":4},{"not_picked":["Underhanded Strike","Poisoned Stab","Dodge and Roll"],"picked":"SKIP","floor":5},{"not_picked":["Dodge and Roll","Deflect","Prepared"],"picked":"SKIP","floor":8},{"not_picked":["Cloak And Dagger","Slice"],"picked":"Well Laid Plans","floor":12},{"not_picked":["Concentrate","Slice","Glass Knife"],"picked":"SKIP","floor":13},{"not_picked":["Slice","Prepared"],"picked":"Eviscerate","floor":14},{"not_picked":["Glass Knife","Corpse Explosion"],"picked":"Grand Finale","floor":16},{"not_picked":["PiercingWail","Leg Sweep","Flechettes"],"picked":"SKIP","floor":18},{"not_picked":["Flying Knee","Backstab","Cloak And Dagger"],"picked":"SKIP","floor":19}],"player_experience":734329,"relics_obtained":[{"floor":9,"key":"Shuriken"}],"event_choices":[{"damage_healed":0,"gold_gain":0,"player_choice":"1 cards matched","damage_taken":0,"max_hp_gain":0,"max_hp_loss":0,"event_name":"Match and Keep!","floor":3,"gold_loss":0,"cards_obtained":["Die Die Die"]},{"damage_healed":0,"gold_gain":0,"player_choice":"Lose Max HP","damage_taken":0,"relics_obtained":["Golden Idol"],"max_hp_gain":0,"max_hp_loss":6,"event_name":"Golden Idol","floor":7,"gold_loss":0},{"damage_healed":0,"gold_gain":0,"player_choice":"Fled","damage_taken":0,"max_hp_gain":0,"max_hp_loss":0,"event_name":"Scrap Ooze","floor":10,"gold_loss":0},{"damage_healed":0,"gold_gain":0,"player_choice":"Fought Bandits","damage_taken":0,"max_hp_gain":0,"max_hp_loss":0,"event_name":"Masked Bandits","floor":20,"gold_loss":0}],"is_beta":false,"boss_relics":[{"not_picked":["Calling Bell","Ectoplasm"],"picked":"Ring of the Serpent"}],"items_purged_floors":[],"is_endless":false,"potions_floor_spawned":[1,2,4,8,12,18],"killed_by":"Masked Bandits","ascension_level":20}}