{"host":"92108ef2q9tm8rod","time":1609982496,"event":{"mods":["BaseMod","Defuse TimeMaze Blight","Minty Spire (QoL Compilation)","StSLib","The Jungle"],"gold_per_floor":[109,184,202,202,216,248,248,283,308,308,308,341,354,354,354,456,456,474,492,492,503,59,59,59,90,138,138,148,176,176,205,205,304,304,314,314,325,172,190,221,221,248,272,272,272,234,248,263,263,263],"floor_reached":51,"playtime":3182,"items_purged":["Deflect"],"score":856,"play_id":"d66059c9-6433-4d6f-982e-1d671c24e04d","local_time":"20210107012136","daily_mods":["SealedDeck","Green Cards","Heirloom","Flight"],"is_ascension_mode":false,"campfire_choices":[{"data":"Armaments","floor":7,"key":"SMITH"},{"data":"True Grit","floor":10,"key":"SMITH"},{"data":"Body Slam","floor":11,"key":"SMITH"},{"data":"Entrench","floor":15,"key":"SMITH"},{"data":"Adrenaline","floor":23,"key":"SMITH"},{"data":"Noxious Fumes","floor":24,"key":"SMITH"},{"data":"Adrenaline","floor":27,"key":"SMITH"},{"data":"Searing Blow","floor":30,"key":"SMITH"},{"data":"Metallicize","floor":32,"key":"SMITH"},{"data":"Searing Blow+2","floor":41,"key":"SMITH"},{"data":"Searing Blow+3","floor":44,"key":"SMITH"},{"data":"Searing Blow+4","floor":45,"key":"SMITH"},{"data":"Searing Blow+5","floor":49,"key":"SMITH"}],"circlet_count":0,"master_deck":["True Grit+1","Searing Blow+6","Bouncing Flask+1","Noxious Fumes+1","Deflect+1","Flame Barrier","Armaments+1","Entrench+1","Body Slam+1","Metallicize+1","Adrenaline+1","Master of Strategy","Adrenaline+1","Catalyst+1","Escape Plan+1"],"relics":["Burning Blood","Ginger","Regal Pillow","Blood Vial","Happy Flower","Meat on the Bone","Bottled Lightning","Singing Bowl","Lantern","Pantograph","Toy Ornithopter","Black Star","Membership Card","Mercury Hourglass","Gremlin Horn","Girya","Bottled Tornado","War Paint"],"acts_visited":["Exordium","Exordium","TheBeyond"],"potions_floor_usage":[21,21,31,48,50,50],"damage_taken":[{"damage":0,"enemies":"Small Slimes","floor":1,"turns":3},{"damage":0,"enemies":"Jaw Worm","floor":3,"turns":4},{"damage":0,"enemies":"Cultist","floor":5,"turns":5},{"damage":7,"enemies":"Gremlin Nob","floor":6,"turns":5},{"damage":2,"enemies":"Lagavulin","floor":8,"turns":5},{"damage":2,"enemies":"Gremlin Nob","floor":12,"turns":5},{"damage":3,"enemies":"Looter","floor":13,"turns":4},{"damage":2,"enemies":"Slime Boss","floor":16,"turns":11},{"damage":0,"enemies":"theJungle:GiantWrat","floor":18,"turns":4},{"damage":0,"enemies":"theJungle:Flameango_and_Byrd","floor":19,"turns":5},{"damage":0,"enemies":"theJungle:JungleHuntersEncounter","floor":21,"turns":3},{"damage":26,"enemies":"theJungle:MamaSnecko","floor":25,"turns":6},{"damage":0,"enemies":"theJungle:2_Snecko_Cultists","floor":28,"turns":3},{"damage":6,"enemies":"theJungle:Cassacara","floor":29,"turns":7},{"damage":0,"enemies":"theJungle:2_Phrogs","floor":31,"turns":5},{"damage":17,"enemies":"theJungle:TotemBoss","floor":33,"turns":9},{"damage":1,"enemies":"Orb Walker","floor":35,"turns":4},{"damage":25,"enemies":"3 Shapes","floor":37,"turns":4},{"damage":0,"enemies":"Writhing Mass","floor":39,"turns":4},{"damage":0,"enemies":"Giant Head","floor":40,"turns":6},{"damage":25,"enemies":"Nemesis","floor":42,"turns":5},{"damage":0,"enemies":"Transient","floor":47,"turns":5},{"damage":0,"enemies":"Maw","floor":48,"turns":5},{"damage":51,"enemies":"Awakened One","floor":50,"turns":12}],"seed_played":"667019516800534937","potions_obtained":[{"floor":8,"key":"BloodPotion"},{"floor":12,"key":"LiquidMemories"},{"floor":13,"key":"SneckoOil"},{"floor":16,"key":"Dexterity Potion"},{"floor":19,"key":"LiquidMemories"},{"floor":21,"key":"SneckoOil"},{"floor":25,"key":"PowerPotion"},{"floor":28,"key":"AttackPotion"},{"floor":33,"key":"SteroidPotion"},{"floor":37,"key":"Weak Potion"},{"floor":42,"key":"ElixirPotion"},{"floor":48,"key":"Energy Potion"}],"is_trial":true,"path_per_floor":["M","?","M","?","M","E","R","E","T","R","R","E","M","$","R","B",null,"M","M","$","M","$","R","R","E","T","R","M","E","R","E","R","B",null,"M","?","M","$","M","E","R","E","T","R","R","$","M","M","R","B",null],"character_chosen":"IRONCLAD","items_purchased":["Bottled Lightning","Master of Strategy","Membership Card"],"campfire_rested":0,"item_purchase_floors":[22,22,38],"current_hp_per_floor":[80,69,75,75,80,79,79,80,80,80,80,80,80,80,80,80,80,80,80,80,80,80,80,80,60,60,60,70,72,72,82,82,75,86,88,88,69,69,79,89,89,74,74,74,74,74,84,98,98,58],"gold":263,"neow_bonus":"","is_daily":false,"chose_seed":false,"campfire_upgraded":13,"win_rate":0.0,"timestamp":1609982496,"path_taken":["M","?","M","?","M","E","R","E","T","R","R","E","M","$","R","BOSS","M","M","$","M","$","R","R","E","T","R","?","E","R","E","R","BOSS","M","?","?","$","M","E","R","E","T","R","R","$","M","M","R","BOSS"],"items_purchased_type":["Relic","Card","Relic"],"build_version":"2020-12-22","purchased_purges":1,"victory":true,"max_hp_per_floor":[80,80,80,80,80,80,80,80,80,80,80,80,80,80,80,80,80,80,80,80,80,80,80,80,80,80,80,82,82,82,84,84,86,86,88,88,88,88,90,92,92,94,94,94,94,94,96,98,98,98],"card_choices":[{"not_picked":["Quick Slash","Sucker Punch"],"picked":"Metallicize","floor":1},{"not_picked":["Concentrate","Poisoned Stab","Blade Dance"],"picked":"SKIP","floor":3},{"not_picked":["Quick Slash","Tactician","Poisoned Stab"],"picked":"SKIP","floor":5},{"not_picked":["Underhanded Strike","Heel Hook","Dodge and Roll"],"picked":"SKIP","floor":6},{"not_picked":["Bouncing Flask","Infinite Blades","Underhanded Strike"],"picked":"SKIP","floor":8},{"not_picked":["Sucker Punch","Disarm","Infinite Blades"],"picked":"SKIP","floor":12},{"not_picked":["Iron Wave","Sentinel"],"picked":"Adrenaline","floor":13},{"not_picked":["Terror","Metallicize","Thunderclap"],"picked":"SKIP","floor":18},{"not_picked":["Clothesline","Anger","Headbutt+1"],"picked":"SKIP","floor":19},{"not_picked":["Distraction","Body Slam+1","Flying Knee+1"],"picked":"SKIP","floor":21},{"not_picked":["Fire Breathing","Sucker Punch"],"picked":"Adrenaline","floor":25},{"not_picked":["Acrobatics+1","Masterful Stab","Uppercut+1"],"picked":"Singing Bowl","floor":28},{"not_picked":["Blade Dance","Dual Wield"],"picked":"Catalyst+1","floor":29},{"not_picked":["Shockwave","Twin Strike+1","Entrench"],"picked":"Singing Bowl","floor":31},{"not_picked":["Die Die Die","A Thousand Cuts","Grand Finale"],"picked":"Singing Bowl","floor":33},{"not_picked":["Dagger Spray","Terror","Prepared+1"],"picked":"Singing Bowl","floor":35},{"not_picked":["True Grit","Sucker Punch"],"picked":"Escape Plan+1","floor":37},{"not_picked":["Dash","Prepared","Shrug It Off"],"picked":"Singing Bowl","floor":39},{"not_picked":["Backstab","Warcry","Terror+1"],"picked":"Singing Bowl","floor":40},{"not_picked":["Fiend Fire","Flying Knee+1","Rampage"],"picked":"Singing Bowl","floor":42},{"not_picked":["Perfected Strike","PiercingWail","Ghostly Armor"],"picked":"Singing Bowl","floor":47},{"not_picked":["Backflip","Underhanded Strike","Twin Strike"],"picked":"Singing Bowl","floor":48}],"player_experience":3246264,"relics_obtained":[{"floor":6,"key":"Regal Pillow"},{"floor":8,"key":"Blood Vial"},{"floor":9,"key":"Happy Flower"},{"floor":12,"key":"Meat on the Bone"},{"floor":25,"key":"Singing Bowl"},{"floor":26,"key":"Lantern"},{"floor":29,"key":"Pantograph"},{"floor":31,"key":"Toy Ornithopter"},{"floor":40,"key":"Mercury Hourglass"},{"floor":40,"key":"Gremlin Horn"},{"floor":42,"key":"Girya"},{"floor":42,"key":"Bottled Tornado"},{"floor":43,"key":"War Paint"}],"event_choices":[{"damage_healed":0,"gold_gain":75,"player_choice":"Gather Gold","damage_taken":11,"max_hp_gain":0,"max_hp_loss":0,"event_name":"World of Goop","floor":2,"gold_loss":0},{"damage_healed":0,"gold_gain":0,"player_choice":"Bought 0 Potions","damage_taken":0,"max_hp_gain":0,"max_hp_loss":0,"event_name":"The Woman in Blue","floor":4,"gold_loss":0},{"damage_healed":0,"gold_gain":0,"player_choice":"Forge","damage_taken":0,"max_hp_gain":0,"max_hp_loss":0,"event_name":"Accursed Blacksmith","floor":36,"gold_loss":0,"cards_upgraded":["Searing Blow"]}],"is_beta":false,"boss_relics":[{"not_picked":["Runic Pyramid","Velvet Choker","Runic Dome"]},{"not_picked":["SlaversCollar","Fusion Hammer"],"picked":"Black Star"}],"items_purged_floors":[46],"is_endless":false,"potions_floor_spawned":[8,12,13,16,19,21,25,28,33,37,42,47,48],"ascension_level":0}}