{"host":"684z1xpuwaoqmmh1","time":1609992852,"event":{"mods":["BaseMod","Downfall","Hermit","Jorbs\u0027s Wanderer Trilogy","Marisa????????","Minty Spire (QoL Compilation)","StSLib","The Hierophant","The Mystic"],"gold_per_floor":[113,133,133,133,145,176,176,204,204,238,258,290,290,305,305,305,305],"floor_reached":16,"playtime":714,"items_purged":[],"score":202,"play_id":"fc9a990c-9ec3-4f26-9e1e-b74ff2b86b47","local_time":"20210107061412","is_ascension_mode":true,"campfire_choices":[{"floor":7,"key":"REST"},{"data":"hermit:FlashPowder","floor":13,"key":"SMITH"},{"data":"hermit:ShadowCloak","floor":15,"key":"SMITH"}],"circlet_count":0,"master_deck":["AscendersBane","hermit:Strike_Hermit","hermit:Strike_Hermit","hermit:Strike_Hermit","hermit:Defend_Hermit","hermit:Defend_Hermit","hermit:Defend_Hermit","hermit:Defend_Hermit","hermit:Snapshot","hermit:Covet","hermit:Desperado","hermit:BigShot","hermit:GoldenBullet","Regret","hermit:HoleUp","hermit:Deadeye","hermit:Dive","hermit:ShadowCloak+1","hermit:EyeOfTheStorm","hermit:FlashPowder+1","hermit:FlashPowder","hermit:FlashPowder"],"relics":["hermit:Momento","Strawberry","Meat on the Bone","hexamod:BolsterEngine","Bag of Preparation","Anchor","Prayer Wheel"],"acts_visited":["Exordium"],"potions_floor_usage":[6,6,8],"damage_taken":[{"damage":4,"enemies":"Jaw Worm","floor":1,"turns":3},{"damage":0,"enemies":"Small Slimes","floor":2,"turns":3},{"damage":0,"enemies":"2 Louse","floor":5,"turns":2},{"damage":47,"enemies":"3 Sentries","floor":6,"turns":10},{"damage":8,"enemies":"Gremlin Nob","floor":8,"turns":3},{"damage":24,"enemies":"Lagavulin","floor":10,"turns":7},{"damage":0,"enemies":"Red Slaver","floor":11,"turns":2},{"damage":37,"enemies":"Gremlin Nob","floor":12,"turns":6},{"damage":0,"enemies":"Looter","floor":14,"turns":3},{"damage":33,"enemies":"Hexaghost","floor":16,"turns":15}],"seed_played":"475741585566680268","potions_obtained":[{"floor":2,"key":"Block Potion"},{"floor":5,"key":"Strength Potion"},{"floor":6,"key":"SneckoOil"},{"floor":10,"key":"Energy Potion"},{"floor":14,"key":"Strength Potion"}],"is_trial":false,"path_per_floor":["M","M","?","?","M","E","R","E","T","E","M","E","R","M","R","B"],"character_chosen":"HERMIT","items_purchased":[],"campfire_rested":1,"item_purchase_floors":[],"current_hp_per_floor":[64,64,71,64,64,17,41,45,45,33,45,20,20,32,32,0,0],"gold":305,"neow_bonus":"THREE_CARDS","is_daily":false,"chose_seed":false,"campfire_upgraded":2,"win_rate":0.0,"timestamp":1609992852,"path_taken":["M","M","?","?","M","E","R","E","T","E","M","E","R","M","R","BOSS"],"items_purchased_type":[],"build_version":"2020-12-22","purchased_purges":0,"victory":false,"max_hp_per_floor":[75,75,82,82,82,82,82,82,82,82,82,82,82,82,82,82,82],"card_choices":[{"not_picked":["hermit:Coalescence","hermit:Cheat"],"picked":"hermit:Desperado","floor":0},{"not_picked":["hermit:Desperado","hermit:Misfire"],"picked":"hermit:BigShot","floor":1},{"not_picked":["hermit:Roulette","hermit:NoHoldsBarred"],"picked":"hermit:GoldenBullet","floor":2},{"not_picked":["hermit:DeadMansHand","hermit:Glare"],"picked":"hermit:HoleUp","floor":5},{"not_picked":["hermit:LowProfile","hermit:Desperado"],"picked":"hermit:Deadeye","floor":6},{"not_picked":["hermit:TrackingShot","hermit:Desperado"],"picked":"hermit:Dive","floor":8},{"not_picked":["hermit:FlashPowder","hermit:Grudge"],"picked":"hermit:ShadowCloak","floor":10},{"not_picked":["hermit:Coalescence","hermit:LowProfile"],"picked":"hermit:EyeOfTheStorm","floor":11},{"not_picked":["hermit:CalledShot","hermit:HighCaliber"],"picked":"hermit:FlashPowder","floor":12},{"not_picked":["hermit:CalledShot","hermit:Ricochet"],"picked":"hermit:FlashPowder","floor":14},{"not_picked":["hermit:WideOpen","hermit:Manifest"],"picked":"hermit:FlashPowder","floor":14}],"player_experience":2406281,"relics_obtained":[{"floor":6,"key":"Meat on the Bone"},{"floor":8,"key":"hexamod:BolsterEngine"},{"floor":9,"key":"Bag of Preparation"},{"floor":10,"key":"Anchor"},{"floor":12,"key":"Prayer Wheel"}],"event_choices":[{"damage_healed":0,"gold_gain":0,"player_choice":"Box","damage_taken":0,"relics_obtained":["Strawberry"],"max_hp_gain":0,"max_hp_loss":0,"event_name":"Big Fish","floor":3,"gold_loss":0,"cards_obtained":["Regret"]},{"cards_removed":["hermit:Strike_Hermit"],"damage_healed":0,"gold_gain":0,"player_choice":"Card Removal","damage_taken":7,"max_hp_gain":0,"max_hp_loss":0,"event_name":"Golden Wing","floor":4,"gold_loss":0}],"is_beta":false,"boss_relics":[],"items_purged_floors":[],"is_endless":false,"potions_floor_spawned":[2,5,6,10,14],"killed_by":"Hexaghost","ascension_level":11}}