{"host":"ds1yr10zonoc6w4a","time":1609992886,"event":{"mods":["BaseMod","Better Match","Better Third Choice","BetterRewards","Minty Spire (QoL Compilation)","StSLib","The Animator"],"gold_per_floor":[123,123,123,123,139,139,155,305,305,333,333,333],"floor_reached":11,"playtime":623,"items_purged":["animator:Strike"],"score":117,"play_id":"e34ac6ee-69b3-4740-932f-cf6de1e80190","local_time":"20210106211446","is_ascension_mode":true,"campfire_choices":[{"data":"animator:YuiTsuruno","floor":6,"key":"SMITH"}],"circlet_count":0,"master_deck":["AscendersBane","animator:Strike_MadokaMagica","animator:Defend_MadokaMagica","animator:Strike","animator:Strike","animator:Defend+1","animator:Defend","animator:Defend","animator:IrohaTamaki+1","animator:YuiTsuruno+1","animator:PandorasActor","animator:Arpeggio","Injury","animator:Mitsurugi","animator:Spearman","Doubt","animator:YachiyoNanami"],"relics":["animator:LivingPicture","animator:TheMissingPiece","animator:PurgingStone","animator:ShionDessert","Golden Idol"],"acts_visited":["Exordium"],"potions_floor_usage":[],"damage_taken":[{"damage":1,"enemies":"2 Louse","floor":1,"turns":3},{"damage":0,"enemies":"Jaw Worm","floor":5,"turns":4},{"damage":7,"enemies":"Small Slimes","floor":7,"turns":3},{"damage":3,"enemies":"2 Fungi Beasts","floor":10,"turns":4},{"damage":35,"enemies":"Lagavulin","floor":11,"turns":5}],"seed_played":"-1190494015245081117","potions_obtained":[],"is_trial":false,"path_per_floor":["M","?","?","?","M","R","M","?","T","M","E"],"character_chosen":"THE_ANIMATOR","items_purchased":["animator:PandorasActor","animator:ShionDessert"],"campfire_rested":0,"item_purchase_floors":[0,0],"current_hp_per_floor":[53,53,35,40,40,40,33,33,33,30,0,0],"gold":333,"neow_bonus":"","is_daily":false,"chose_seed":false,"campfire_upgraded":1,"win_rate":0.0,"timestamp":1609992886,"path_taken":["M","?","?","?","M","R","M","?","T","?","E"],"items_purchased_type":["Card","Relic"],"build_version":"2020-12-22","purchased_purges":1,"victory":false,"max_hp_per_floor":[60,60,60,65,65,65,65,65,65,65,65,65],"card_choices":[{"not_picked":["animator:Archer","animator:Aisha"],"picked":"animator:Arpeggio","floor":1},{"not_picked":["animator:Verdia","animator:Ciel"],"picked":"animator:Mitsurugi","floor":5},{"not_picked":["animator:Shigure","animator:Melzalgald"],"picked":"animator:Spearman","floor":7},{"not_picked":["animator:IrohaTamaki","animator:SayakaMiki"],"picked":"animator:YachiyoNanami","floor":10}],"player_experience":665005,"relics_obtained":[],"event_choices":[{"damage_healed":0,"gold_gain":0,"player_choice":"Take Wound","damage_taken":0,"relics_obtained":["Golden Idol"],"max_hp_gain":0,"max_hp_loss":0,"event_name":"Golden Idol","floor":2,"gold_loss":0,"cards_obtained":["Injury"]},{"damage_healed":53,"gold_gain":0,"player_choice":"Upgrade","damage_taken":18,"max_hp_gain":0,"max_hp_loss":60,"event_name":"betterThird:BetterShining","floor":3,"gold_loss":0,"cards_upgraded":["animator:IrohaTamaki","animator:Defend"]},{"damage_healed":0,"gold_gain":0,"player_choice":"Donut","damage_taken":0,"max_hp_gain":5,"max_hp_loss":0,"event_name":"Big Fish","floor":4,"gold_loss":0},{"damage_healed":0,"gold_gain":150,"player_choice":"AGREE","damage_taken":155,"max_hp_gain":0,"max_hp_loss":0,"event_name":"betterThird:BetterSerpent","floor":8,"gold_loss":0}],"is_beta":false,"boss_relics":[],"items_purged_floors":[0],"is_endless":false,"potions_floor_spawned":[],"killed_by":"Lagavulin","ascension_level":17}}