{"host":"cbabs5wvj1yqiyjm","time":1609984016,"event":{"mods":["AchievementEnabler","Act Like it!","Bartender","BaseMod","Bestiary","Better Third Choice","BetterRewards","Colored Powertips","Downfall","Friendly Minions","Hallownest","Hermit","Infinite Spire","Marisa????????","Minty Spire (QoL Compilation)","Rare Cards Sparkle","Replay The Spire","SOS???????","Spicy Shops","StSLib","Td1madao Mod","The Bladedancer","The Bug Knight","The Cursed","The Disciple","The Forsaken","The Marked","The Necromancer","The Servant 0.9.4","Wandering Minibosses","???Mod??????Boss"],"gold_per_floor":[116,116,108,53,107,129,147,161,161,161,166,130,137,82,82,42,42],"floor_reached":16,"playtime":1478,"items_purged":[],"score":135,"play_id":"9da56a68-bddf-44f8-b9b7-64d92fc40136","local_time":"20210106204656","is_ascension_mode":true,"campfire_choices":[{"floor":10,"key":"REST"},{"floor":15,"key":"REST"}],"circlet_count":0,"master_deck":["Strike_Bartender","Strike_Bartender","Strike_Bartender","Strike_Bartender","Defend_Bartender","Defend_Bartender","Defend_Bartender","Defend_Bartender","Somersault","Meditate","On_The_Rocks","Cross","Wall_of_Ice+1","Hook","Waterkick","Training_Dummy","Press_Forward","Foot_Thrust","Breathe_Deep","OpoOpo_Form","Insight_B","Step_Of_The_Wind"],"relics":["Sneakers","White_Cape","Matryoshka","PreservedInsect","Replay:Bottled Snecko"],"acts_visited":["Exordium"],"potions_floor_usage":[11,14,16],"damage_taken":[{"damage":0,"enemies":"Small Slimes","floor":1,"turns":3},{"damage":10,"enemies":"Cultist","floor":3,"turns":8},{"damage":0,"enemies":"Lagavulin","floor":6,"turns":11},{"damage":12,"enemies":"2 Louse","floor":7,"turns":2},{"damage":12,"enemies":"Exordium Wildlife","floor":8,"turns":5},{"damage":8,"enemies":"Gremlin Gang","floor":11,"turns":6},{"damage":23,"enemies":"Lots of Slimes","floor":13,"turns":6},{"damage":7,"enemies":"Exordium Thugs","floor":14,"turns":7},{"damage":40,"enemies":"Hexaghost","floor":16,"turns":19}],"seed_played":"-7790929312512073147","potions_obtained":[{"floor":1,"key":"infinitespire:BlackPotion"},{"floor":2,"key":"Doom Potion"},{"floor":2,"key":"LiquidMemories"},{"floor":13,"key":"LiquidBronze"},{"floor":14,"key":"Ancient Potion"}],"is_trial":false,"path_per_floor":["M","?","M","$","?","E","M","M","T","R","M","$","M","M","R","B"],"character_chosen":"BARTENDER","items_purchased":["Wall_of_Ice+1","OpoOpo_Form"],"campfire_rested":2,"item_purchase_floors":[4,12],"current_hp_per_floor":[70,70,60,60,60,60,48,36,36,57,49,49,26,19,40,0,0],"gold":42,"neow_bonus":"THREE_CARDS","is_daily":false,"chose_seed":false,"campfire_upgraded":0,"win_rate":0.0,"timestamp":1609984016,"path_taken":["M","?","M","?","?","E","?","M","T","R","M","$","?","?","R","BOSS"],"items_purchased_type":["Card","Card"],"build_version":"2020-12-22","purchased_purges":0,"victory":false,"max_hp_per_floor":[70,70,70,70,70,70,70,70,70,70,70,70,70,70,70,70,70],"card_choices":[{"not_picked":["Scowl","Blizzard_Spikes"],"picked":"Meditate","floor":0},{"not_picked":["Power_Up_Punch","Meditate"],"picked":"On_The_Rocks","floor":1},{"not_picked":["Center_Self","Feint"],"picked":"Cross","floor":3},{"not_picked":["Bouncer","Greased_Lightning"],"picked":"Hook","floor":5},{"not_picked":["Sucker_Punch","Raptor_Form"],"picked":"Waterkick","floor":5},{"not_picked":["Free_Pour","On_The_Rocks"],"picked":"Training_Dummy","floor":6},{"not_picked":["Stick_and_Move","Raptor_Form"],"picked":"Press_Forward","floor":7},{"not_picked":["Free_Pour","Bouncer"],"picked":"Foot_Thrust","floor":8},{"not_picked":["Mirage","Greased_Lightning"],"picked":"Breathe_Deep","floor":11},{"not_picked":["Ball_Of_Ice","On_The_Rocks"],"picked":"Insight_B","floor":13},{"not_picked":["Power_Up_Punch","Scoop"],"picked":"Step_Of_The_Wind","floor":14}],"player_experience":41160,"relics_obtained":[{"floor":5,"key":"White_Cape"},{"floor":6,"key":"Matryoshka"},{"floor":9,"key":"PreservedInsect"},{"floor":9,"key":"Replay:Bottled Snecko"}],"event_choices":[{"damage_healed":0,"gold_gain":0,"player_choice":"Got Potions","damage_taken":0,"max_hp_gain":0,"max_hp_loss":0,"event_name":"Lab","floor":2,"gold_loss":0}],"is_beta":false,"boss_relics":[],"items_purged_floors":[],"is_endless":false,"potions_floor_spawned":[1,6,8,13,14],"killed_by":"Hexaghost","ascension_level":1}}