{"host":"n7nn89ivkf5vjy11","time":1609983207,"event":{"mods":["BaseMod","Minty Spire (QoL Compilation)","Relic Stats"],"gold_per_floor":[116,41,41,51,51,51,86,103,153,169,181,195,211,242,242,337,337,348,263,362,362,112,112,140,159,159,159,174,174,574,584,584,680,680],"floor_reached":33,"playtime":1736,"items_purged":["Strike_R","Strike_R"],"score":492,"play_id":"a7d33672-f3bd-4358-9753-51b5cc1d1ea0","local_time":"20210106173327","is_ascension_mode":true,"campfire_choices":[{"data":"Bash","floor":6,"key":"SMITH"},{"data":"Clothesline","floor":15,"key":"SMITH"},{"data":"Armaments","floor":23,"key":"SMITH"},{"floor":27,"key":"REST"},{"data":"Bludgeon","floor":29,"key":"SMITH"},{"floor":32,"key":"REST"}],"circlet_count":0,"master_deck":["Strike_R","Strike_R","Strike_R","Defend_R","Defend_R+1","Defend_R","Defend_R","Bash+1","Offering","Shrug It Off+1","Power Through","Feed","Cleave","Clothesline+1","Berserk","Berserk","Rupture","Spot Weakness","Jack Of All Trades","Dropkick+1","Infernal Blade","Armaments+1","Bludgeon+1","Havoc+1"],"relics":["Burning Blood","Letter Opener","Ancient Tea Set","War Paint","InkBottle","Philosopher\u0027s Stone","Pen Nib","Orrery","Anchor","Potion Belt","Old Coin","Bottled Flame"],"acts_visited":["Exordium","TheCity"],"potions_floor_usage":[14,14,16,24,30,31],"damage_taken":[{"damage":6,"enemies":"Cultist","floor":1,"turns":3},{"damage":6,"enemies":"Jaw Worm","floor":4,"turns":6},{"damage":28,"enemies":"Gremlin Nob","floor":7,"turns":4},{"damage":0,"enemies":"2 Louse","floor":8,"turns":4},{"damage":8,"enemies":"Lots of Slimes","floor":10,"turns":5},{"damage":6,"enemies":"Looter","floor":11,"turns":2},{"damage":6,"enemies":"Large Slime","floor":12,"turns":6},{"damage":0,"enemies":"3 Louse","floor":13,"turns":2},{"damage":12,"enemies":"3 Sentries","floor":14,"turns":4},{"damage":49,"enemies":"Hexaghost","floor":16,"turns":10},{"damage":50,"enemies":"Spheric Guardian","floor":18,"turns":6},{"damage":14,"enemies":"Book of Stabbing","floor":24,"turns":3},{"damage":6,"enemies":"2 Thieves","floor":25,"turns":2},{"damage":9,"enemies":"Snake Plant","floor":28,"turns":3},{"damage":0,"enemies":"Colosseum Slavers","floor":30,"turns":2},{"damage":25,"enemies":"Colosseum Nobs","floor":30,"turns":3},{"damage":12,"enemies":"Shelled Parasite and Fungi","floor":31,"turns":4},{"damage":74,"enemies":"Champ","floor":33,"turns":8}],"seed_played":"1944679931903168460","potions_obtained":[{"floor":7,"key":"DistilledChaos"},{"floor":8,"key":"Explosive Potion"},{"floor":11,"key":"DuplicationPotion"},{"floor":18,"key":"Fire Potion"},{"floor":24,"key":"BloodPotion"},{"floor":28,"key":"DistilledChaos"},{"floor":30,"key":"Energy Potion"}],"is_trial":false,"path_per_floor":["M","$","?","M","T","R","E","M","T","M","M","M","M","E","R","B",null,"M","?","?","?","$","R","E","M","T","R","M","R","?","M","R","B"],"character_chosen":"IRONCLAD","items_purchased":["Orrery"],"campfire_rested":2,"item_purchase_floors":[22],"current_hp_per_floor":[80,80,80,80,80,80,58,64,64,65,68,71,80,77,77,34,95,51,51,51,51,51,51,43,43,43,71,68,68,59,53,82,14,14],"gold":680,"neow_bonus":"ONE_RANDOM_RARE_CARD","is_daily":false,"chose_seed":false,"campfire_upgraded":4,"win_rate":0.0,"timestamp":1609983207,"path_taken":["M","$","?","M","?","R","E","M","T","?","M","M","?","E","R","BOSS","M","?","?","?","$","R","E","?","T","R","M","R","?","M","R","BOSS"],"items_purchased_type":["Relic"],"build_version":"2020-12-22","purchased_purges":2,"victory":false,"max_hp_per_floor":[80,80,80,80,80,80,80,80,80,83,86,89,92,95,95,95,95,95,95,95,95,95,95,95,95,95,95,95,95,99,99,99,99,99],"relic_stats":{"counters":[18,77],"Pen Nib":[6],"Letter Opener":[90],"War Paint":["Shrug It Off","Defend_R"],"obtain_stats":[{"Potion Belt":26,"Anchor":24,"Bottled Flame":30,"Orrery":22,"Philosopher\u0027s Stone":17,"Pen Nib":19,"Letter Opener":5,"War Paint":9,"Ancient Tea Set":7,"Burning Blood":0,"InkBottle":14,"Old Coin":30},{"Potion Belt":13,"Anchor":12,"Bottled Flame":16,"Orrery":11,"Philosopher\u0027s Stone":10,"Pen Nib":11,"Letter Opener":2,"War Paint":4,"Ancient Tea Set":3,"Burning Blood":0,"InkBottle":9,"Old Coin":16},{"Potion Belt":57,"Anchor":55,"Bottled Flame":65,"Orrery":52,"Philosopher\u0027s Stone":46,"Pen Nib":52,"Letter Opener":9,"War Paint":17,"Ancient Tea Set":13,"Burning Blood":0,"InkBottle":36,"Old Coin":65}],"Burning Blood":108,"InkBottle":[21]},"card_choices":[{"not_picked":["Havoc","Heavy Blade"],"picked":"Shrug It Off","floor":1},{"not_picked":["Warcry","Body Slam"],"picked":"Power Through","floor":4},{"not_picked":["Metallicize","Battle Trance","Perfected Strike"],"picked":"SKIP","floor":7},{"not_picked":["Feel No Pain","Metallicize"],"picked":"Feed","floor":8},{"not_picked":["Sentinel","Metallicize"],"picked":"Cleave","floor":10},{"not_picked":["Heavy Blade","Iron Wave"],"picked":"Clothesline","floor":11},{"not_picked":["Battle Trance","Thunderclap","Cleave"],"picked":"SKIP","floor":12},{"not_picked":["Heavy Blade","Perfected Strike"],"picked":"Berserk","floor":13},{"not_picked":["Pummel","Burning Pact","Wild Strike"],"picked":"SKIP","floor":14},{"not_picked":["Offering","Corruption"],"picked":"Berserk","floor":16},{"not_picked":["Entrench","Flame Barrier"],"picked":"Rupture","floor":18},{"not_picked":["Bloodletting","Ghostly Armor"],"picked":"Dropkick+1","floor":22},{"not_picked":["Armaments","True Grit"],"picked":"Infernal Blade","floor":22},{"not_picked":["Perfected Strike","Rampage"],"picked":"Armaments","floor":22},{"not_picked":["Shrug It Off","Havoc+1"],"picked":"Bludgeon","floor":24},{"not_picked":["Body Slam","Sword Boomerang","Clash"],"picked":"SKIP","floor":25},{"not_picked":["Evolve","Warcry"],"picked":"Havoc+1","floor":28},{"not_picked":["Fire Breathing","Combust","Warcry+1"],"picked":"SKIP","floor":31}],"player_experience":253820,"relics_obtained":[{"floor":5,"key":"Letter Opener"},{"floor":7,"key":"Ancient Tea Set"},{"floor":9,"key":"War Paint"},{"floor":14,"key":"InkBottle"},{"floor":24,"key":"Anchor"},{"floor":26,"key":"Potion Belt"},{"floor":30,"key":"Old Coin"},{"floor":30,"key":"Bottled Flame"}],"event_choices":[{"damage_healed":0,"gold_gain":0,"player_choice":"Ignored","damage_taken":0,"max_hp_gain":0,"max_hp_loss":0,"event_name":"Liars Game","floor":3,"gold_loss":0},{"damage_healed":0,"gold_gain":0,"player_choice":"Obtained Relic","damage_taken":0,"relics_obtained":["Pen Nib"],"max_hp_gain":0,"max_hp_loss":0,"event_name":"Addict","floor":19,"gold_loss":85},{"damage_healed":0,"gold_gain":99,"player_choice":"Stole From Cult","damage_taken":0,"max_hp_gain":0,"max_hp_loss":0,"event_name":"Nest","floor":20,"gold_loss":0},{"damage_healed":0,"gold_gain":0,"player_choice":"2 cards matched","damage_taken":0,"max_hp_gain":0,"max_hp_loss":0,"event_name":"Match and Keep!","floor":21,"gold_loss":0,"cards_obtained":["Spot Weakness","Jack Of All Trades"]},{"damage_healed":0,"gold_gain":0,"player_choice":"Fight","damage_taken":0,"max_hp_gain":0,"max_hp_loss":0,"event_name":"Colosseum","floor":30,"gold_loss":0},{"damage_healed":0,"gold_gain":0,"player_choice":"Fought Nobs","damage_taken":0,"max_hp_gain":0,"max_hp_loss":0,"event_name":"Colosseum","floor":30,"gold_loss":0}],"is_beta":false,"boss_relics":[{"not_picked":["Coffee Dripper","Velvet Choker"],"picked":"Philosopher\u0027s Stone"}],"items_purged_floors":[2,22],"is_endless":false,"potions_floor_spawned":[7,8,11,12,13,18,24,28,30],"killed_by":"Champ","ascension_level":2}}