{"host":"paq7eorp3gndopsq","time":1609992459,"event":{"mods":["Act Like it!","BaseMod","Better Altar","Better Match","Better Note","Better Sensory Stone","Better Skull","Better Third Choice","Energized Spire","Friendly Minions","Gensokyo","Hallownest","HololiveMod","Koishi","KomeijiMod","Lobotomy","LobotomyExtend","Minty Spire (QoL Compilation)","MostiFishMod","Prisma Mod","Quick Restart","Reworked Bosses","Small Relic Pack","Spicy Shops","StSLib","The Alterego","The Animator","Waifu the Spire","Yuyuko","??????REMEMod"],"gold_per_floor":[112,37,53,53,71,403,413,444,444,444,472,472,472,332,332,435,435,445,445,695,328,342,373,373,343,343,374,387,635,635,850,850,967,967,987,1005,1015,237,253,286,349,349],"floor_reached":41,"playtime":3169,"items_purged":["PrismaMod:ChloeCommonAttack","PrismaMod:ChloeCommonAttack","PrismaMod:ChloeCommonAttack","PrismaMod:ChloeCommonDefend"],"score":773,"play_id":"4b1a9467-665d-4400-9e2c-e41d4c76c76a","local_time":"20210106230739","is_ascension_mode":true,"campfire_choices":[{"floor":10.0,"key":"RECALL"},{"data":"PrismaMod:ChloeAnySkillTrace","floor":12,"key":"SMITH"},{"data":"PrismaMod:ChloeCheapAttack","floor":15,"key":"SMITH"},{"data":"PrismaMod:ChloeCheapAttackTwo","floor":24,"key":"SMITH"},{"data":"PrismaMod:ChloeAnyRareTrace","floor":30,"key":"SMITH"},{"data":"PrismaMod:ChloeCheapAttack","floor":32,"key":"SMITH"}],"circlet_count":0,"master_deck":["PrismaMod:ChloeCommonAttack","PrismaMod:ChloeCommonAttack","PrismaMod:ChloeCommonDefend","PrismaMod:ChloeCommonDefend","PrismaMod:ChloeCommonDefend","PrismaMod:ChloeCommonDefend","PrismaMod:ChloeCheapAttack+1","PrismaMod:ChloeCheapDefend","Bandage Up","OSAHOGD","PrismaMod:ChloeCheapAttack+1","PrismaMod:ChloeCheapAttack","PrismaMod:ChloeAnySkillTrace+1","PrismaMod:ChloeDevil","PrismaMod:ChloeCheapAttackTwo+1","PrismaMod:ChloeAnyRareTrace+1","PrismaMod:ChloeCheapDefendTwo+1"],"relics":["PrismaMod:PrismaTraceOn","DaveBox","REME_ComplimentaryCards","CogitoBucket","RabbitCall","SynthV:TestCard","LetterFromLob","xbg","Old Coin","Shuriken","SentryEyes","FleshIdol","Gensokyo:MosesMiracle","Thread and Needle","REME_PuzzleBoxRelic","Torii","Anchor","Orichalcum","SynthV:C4","ResearcherNote","Peace Pipe","Matryoshka","Chemical X","REME_ArchaeologicalTools"],"acts_visited":["Gensokyo:Gensokyo","Gensokyo:Gensokyoer","Gensokyo:Gensokyoest"],"potions_floor_usage":[],"damage_taken":[{"damage":8.0,"enemies":"Gensokyo:Gryphon","floor":1.0,"turns":4.0},{"damage":0.0,"enemies":"Gensokyo:Python","floor":3.0,"turns":4.0},{"damage":0.0,"enemies":"Gensokyo:3_Fairies","floor":5.0,"turns":5.0},{"damage":26.0,"enemies":"Gensokyo:Aya","floor":6.0,"turns":9.0},{"damage":2.0,"enemies":"Gensokyo:Kitsune","floor":7.0,"turns":4.0},{"damage":0.0,"enemies":"Gensokyo:Mamizou","floor":8.0,"turns":8.0},{"damage":0,"enemies":"Gensokyo:Aya","floor":11,"turns":5},{"damage":17,"enemies":"Gensokyo:Yukari","floor":16,"turns":8},{"damage":30,"enemies":"Gensokyo:AngelMirror","floor":18,"turns":6},{"damage":3,"enemies":"Gensokyo:Chomper","floor":22,"turns":3},{"damage":0,"enemies":"Gensokyo:Tenshi","floor":23,"turns":2},{"damage":26,"enemies":"Gensokyo:Koishi","floor":27,"turns":5},{"damage":0,"enemies":"Gensokyo:3_Gloops","floor":28,"turns":3},{"damage":0,"enemies":"Gensokyo:Tenshi","floor":29,"turns":3},{"damage":10,"enemies":"Gensokyo:Eternal_Rivals","floor":33,"turns":7},{"damage":6,"enemies":"Gensokyo:AncientGuardian","floor":35,"turns":6},{"damage":0,"enemies":"Gensokyo:3_Boulders","floor":36,"turns":2},{"damage":0,"enemies":"Gensokyo:4_Bats","floor":37,"turns":2},{"damage":0,"enemies":"Gensokyo:SeedOfUnknown","floor":39,"turns":4},{"damage":1,"enemies":"Gensokyo:Marisa","floor":40,"turns":4},{"damage":53,"enemies":"Gensokyo:Sharpion","floor":41,"turns":3}],"seed_played":"-2139827718196410719","potions_obtained":[{"floor":7.0,"key":"LiquidBronze"},{"floor":28,"key":"CalmPotion"}],"is_trial":false,"path_per_floor":["M","$","M","?","M","E","M","E","T","R","E","R","?","?","R","B",null,"M","?","?","$","M","E","R","COS","T","E","M","E","R","?","R","B",null,"M","M","M","$","M","E","M"],"character_chosen":"CHLOE","items_purchased":["Thread and Needle","REME_PuzzleBoxRelic","Peace Pipe","Matryoshka","Chemical X"],"campfire_rested":0,"item_purchase_floors":[21,21,38,38,38],"current_hp_per_floor":[67,67,67,74,74,52,54,58,58,58,64,64,64,64,64,53,75,51,51,51,51,52,58,58,58,58,38,44,52,52,21,21,27,68,72,74,78,78,84,83,32,32],"gold":349,"neow_bonus":"","is_daily":false,"chose_seed":false,"campfire_upgraded":5,"win_rate":0.0,"timestamp":1609992459,"path_taken":["M","?","?","?","M","E","M","E","T","R","E","R","?","?","R","BOSS","M","?","?","$","?","E","R","COS","T","E","M","E","R","?","R","BOSS","M","?","?","$","M","E","M"],"items_purchased_type":["Relic","Relic","Relic","Relic","Relic"],"build_version":"2020-12-22","purchased_purges":4,"victory":false,"max_hp_per_floor":[75,75,75,82,82,82,82,82,82,82,82,82,82,82,82,82,82,82,82,78,78,78,78,78,78,78,78,78,80,80,80,80,82,82,84,84,84,84,84,84,84,84],"card_choices":[{"not_picked":["PrismaMod:ChloeUncommonAOEAttack","PrismaMod:ChloeCheapDefend","PrismaMod:ChloeBetterTracePools"],"picked":"SKIP","floor":1.0},{"not_picked":["Woodsman","OldLady"],"picked":"OSAHOGD","floor":3.0},{"not_picked":["PrismaMod:ChloeGaeBolg","PrismaMod:ChloeDiscardRecovery","PrismaMod:ChloeCheapDefend","PrismaMod:ChloeCarnivalDefend"],"picked":"PrismaMod:ChloeCheapAttack","floor":3.0},{"not_picked":["PrismaMod:ChloeDiscardRecovery","PrismaMod:ChloeExhaustOne","PrismaMod:ChloeCheapDefend","PrismaMod:ChloeBetterTracePools"],"picked":"PrismaMod:ChloeCheapAttack","floor":5.0},{"not_picked":["PrismaMod:ChloeCaladbolg","PrismaMod:ChloeCheapAttackTwo","PrismaMod:ChloeExhaustOne","PrismaMod:ChloeCheapDefendTwo"],"picked":"PrismaMod:ChloeAnySkillTrace","floor":6.0},{"not_picked":["PrismaMod:ChloeDiscardRecovery","PrismaMod:ChloeCommonAOEAttack","PrismaMod:ChloeUncommonAttack","PrismaMod:ChloeExhaustOne","PrismaMod:ChloeCheapAttack"],"picked":"SKIP","floor":7.0},{"not_picked":["PrismaMod:ChloeMordred","PrismaMod:ChloeCheapAttack","PrismaMod:ChloeCheapAttackTwo","PrismaMod:ChloeAnyCommonTrace"],"picked":"PrismaMod:ChloeDevil","floor":8.0},{"not_picked":["PrismaMod:ChloeCommonAOEAttack","PrismaMod:ChloeUncommonAOEAttack","PrismaMod:ChloeCheapDefendTwo","PrismaMod:ChloeExhaustOne","PrismaMod:ChloeMordred"],"picked":"SKIP","floor":11},{"not_picked":["PrismaMod:ChloeUncommonDefend","PrismaMod:ChloeRuleBreaker","PrismaMod:ChloeDiscardRecovery","PrismaMod:ChloeReshuffleDiscard"],"picked":"PrismaMod:ChloeCheapAttackTwo","floor":13},{"not_picked":["PrismaMod:ChloeUncommonAttack","PrismaMod:ChloeCheapAttack","PrismaMod:ChloeCheapDefend","PrismaMod:ChloeCommonAOEAttack","PrismaMod:ChloeCheapDefendTwo"],"picked":"SKIP","floor":18},{"not_picked":["PrismaMod:ChloeCommonAOEAttack","PrismaMod:ChloeDemonicTutor+1","PrismaMod:ChloeCarnivalAOEAttack","PrismaMod:ChloeCheapDefend","PrismaMod:ChloeExhaustOne"],"picked":"SKIP","floor":22},{"not_picked":["PrismaMod:ChloeDiscardRecovery","PrismaMod:ChloeExhaustThree","PrismaMod:ChloeExhaustOne","PrismaMod:ChloeExhaustTwo","PrismaMod:ChloeCheapAttack"],"picked":"SKIP","floor":23},{"not_picked":["PrismaMod:ChloeDiscardRecovery","PrismaMod:ChloeExhaustThree","PrismaMod:ChloeExhaustOne","PrismaMod:ChloeExhaustTwo","PrismaMod:ChloeCheapAttack"],"picked":"SKIP","floor":23},{"not_picked":["PrismaMod:ChloeCheapAttackTwo","PrismaMod:ChloeCheapDefendTwo","PrismaMod:ChloeDiscardRecovery+1","PrismaMod:ChloeCheapDefend+1"],"picked":"PrismaMod:ChloeAnyRareTrace","floor":27},{"not_picked":["PrismaMod:ChloeRuleBreaker","PrismaMod:ChloeRitsuka","PrismaMod:ChloeCheapAttack+1","PrismaMod:ChloeMordred","PrismaMod:ChloeExcalibur"],"picked":"SKIP","floor":28},{"not_picked":["PrismaMod:ChloeExhaustOne","PrismaMod:ChloeDiscardRecovery","PrismaMod:ChloeCheapAttack","PrismaMod:ChloeUncommonDefend+1","PrismaMod:ChloeCheapDefendTwo"],"picked":"SKIP","floor":29},{"not_picked":["PrismaMod:ChloeDiscardRecovery+1","PrismaMod:ChloeExhaustOne","PrismaMod:ChloeCheapDefend+1","PrismaMod:ChloeRuleBreaker+1"],"picked":"PrismaMod:ChloeCheapDefendTwo+1","floor":35},{"not_picked":["PrismaMod:ChloeCheapAttack+1","PrismaMod:ChloeCheapDefend+1","PrismaMod:ChloeExhaustOne","PrismaMod:ChloeCommonAOEAttack","PrismaMod:ChloeCheapAttackTwo+1"],"picked":"SKIP","floor":36},{"not_picked":["PrismaMod:ChloeExhaustTwo","PrismaMod:ChloeDiscardRecovery","PrismaMod:ChloeMordred+1","PrismaMod:ChloeCheapAttackTwo","PrismaMod:ChloeCheapAttack+1"],"picked":"SKIP","floor":37},{"not_picked":["PrismaMod:ChloeCheapAttack+1","PrismaMod:ChloeCheapDefend+1","PrismaMod:ChloeExhaustOne+1","PrismaMod:ChloeCommonAOEAttack","PrismaMod:ChloeCheapDefendTwo"],"picked":"SKIP","floor":39},{"not_picked":["PrismaMod:ChloeCheapAttack","PrismaMod:ChloeCommonAOEAttack","PrismaMod:ChloeDemonicTutor","PrismaMod:ChloeDiscardRecovery","PrismaMod:ChloeCheapAttackTwo+1"],"picked":"SKIP","floor":40}],"player_experience":248663,"relics_obtained":[{"floor":1.0,"key":"SynthV:TestCard"},{"floor":1.0,"key":"LetterFromLob"},{"floor":6.0,"key":"Old Coin"},{"floor":8.0,"key":"Shuriken"},{"floor":23,"key":"Torii"},{"floor":26,"key":"Anchor"},{"floor":27,"key":"Gensokyo:MosesMiracle"},{"floor":29,"key":"Orichalcum"},{"floor":40,"key":"REME_ArchaeologicalTools"}],"event_choices":[{"damage_healed":0,"gold_gain":215,"player_choice":"RE GO GO ","damage_taken":35,"relics_obtained":["SynthV:C4"],"max_hp_gain":0,"max_hp_loss":0,"event_name":"betterSkull:BetterSkull","floor":31,"gold_loss":0,"cards_upgraded":[]}],"is_beta":false,"boss_relics":[{"not_picked":["RhineSuit","Snecko Eye","OneHitWonderSystem"]},{"not_picked":["TimeKeys","relicPack:StarArrow","FrostBlade"]}],"items_purged_floors":[2,21,21,38],"is_endless":false,"potions_floor_spawned":[1,5,7,18,28,33,35,36],"killed_by":"Gensokyo:Sharpion","ascension_level":5}}