{"host":"mabtmc9uzswexjnd","time":1609994233,"event":{"mods":["BaseMod","Downfall","Lobotomy","LobotomyExtend","Minty Spire (QoL Compilation)","StSLib","vexMod"],"gold_per_floor":[99,117,128,147,157,168,168,42,74,74,74,91,101,101,112,112,112,112],"floor_reached":16,"playtime":1529,"items_purged":[],"score":106,"play_id":"2b0c09c6-e627-433e-8e5d-140101305df0","local_time":"20210107123713","is_ascension_mode":false,"campfire_choices":[{"floor":1,"key":"RECALL"},{"floor":10,"key":"REST"}],"circlet_count":0,"master_deck":["Guardian:Strike_Guardian","Guardian:Strike_Guardian","Guardian:Strike_Guardian","Guardian:Strike_Guardian","Guardian:Defend_Guardian","Guardian:Defend_Guardian","Guardian:Defend_Guardian","Guardian:Defend_Guardian","Guardian:CurlUp","Guardian:TwinSlam","Guardian:PrismaticBarrier","Guardian:TimeCapacitor","Guardian:Recover","Guardian:ShieldCharger","Guardian:BronzeOrb","Guardian:Harden","Guardian:CrystalBeam","Guardian:TimeBomb","Guardian:Incinerate","Guardian:Gem_Green","Guardian:Gem_Red","Guardian:Gem_Red"],"relics":["Guardian:ModeShifter","LetterFromLob","Bottled Tornado"],"acts_visited":["Exordium"],"potions_floor_usage":[5,9,16],"damage_taken":[{"damage":2,"enemies":"Small Slimes","floor":2,"turns":5},{"damage":8,"enemies":"2 Louse","floor":3,"turns":4},{"damage":1,"enemies":"Cultist","floor":4,"turns":4},{"damage":2,"enemies":"3 Louse","floor":5,"turns":5},{"damage":20,"enemies":"Lots of Slimes","floor":6,"turns":6},{"damage":0,"enemies":"downfall:FleeingMerchant","floor":8,"turns":4},{"damage":50,"enemies":"Gremlin Nob","floor":9,"turns":6},{"damage":2,"enemies":"3 Louse","floor":12,"turns":4},{"damage":12,"enemies":"Exordium Wildlife","floor":13,"turns":6},{"damage":14,"enemies":"Exordium Thugs","floor":15,"turns":8},{"damage":7,"enemies":"downfall:Silent","floor":16,"turns":2}],"seed_played":"1327477937066386993","potions_obtained":[{"floor":2,"key":"DistilledChaos"},{"floor":6,"key":"hexamod:EctoCoolerPotion"},{"floor":12,"key":"Explosive Potion"},{"floor":13,"key":"SneckoOil"}],"is_trial":false,"path_per_floor":["R","M","M","M","M","M","T","$","E","R","?","M","M","?","M","B"],"character_chosen":"GUARDIAN","items_purchased":["Guardian:BronzeOrb","Guardian:Harden"],"campfire_rested":1,"item_purchase_floors":[8,8],"current_hp_per_floor":[88,86,78,77,75,55,55,55,5,31,31,29,17,17,3,0,0,0],"gold":112,"neow_bonus":"TEN_PERCENT_HP_BONUS","is_daily":false,"chose_seed":false,"campfire_upgraded":0,"win_rate":0.0,"timestamp":1609994233,"path_taken":["R","M","M","M","M","M","T","$","E","R","?","M","M","?","M","BOSS"],"items_purchased_type":["Card","Card"],"build_version":"2020-12-22","purchased_purges":0,"victory":false,"max_hp_per_floor":[88,88,88,88,88,88,88,88,88,88,88,88,88,88,88,88,88,88],"card_choices":[{"not_picked":["Guardian:TimeBomb","Guardian:Recover"],"picked":"Guardian:PrismaticBarrier","floor":2},{"not_picked":["Guardian:RefractedBeam","Guardian:Recover"],"picked":"Guardian:Gem_Crimson","floor":3},{"not_picked":["Guardian:Repulse","Guardian:PrismaticBarrier"],"picked":"Guardian:Gem_Lightblue","floor":4},{"not_picked":["Guardian:TemporalShield","Guardian:Gem_Green"],"picked":"Guardian:TimeCapacitor","floor":5},{"not_picked":["Guardian:TemporalStrike","Guardian:PrimingBeam"],"picked":"Guardian:Recover","floor":6},{"not_picked":["Guardian:TemporalShield","Guardian:PrimingBeam"],"picked":"Guardian:ShieldCharger","floor":8},{"not_picked":["Guardian:RefractedBeam","Guardian:HyperBeam_Guardian"],"picked":"Guardian:CrystalBeam","floor":9},{"not_picked":["Guardian:SentryBeam","Guardian:VentSteam"],"picked":"Guardian:TimeBomb","floor":12},{"not_picked":["Guardian:FloatingOrbs","Guardian:WalkerClaw"],"picked":"Guardian:Incinerate","floor":13},{"not_picked":["Guardian:WalkerClaw","Guardian:Suspension"],"picked":"Guardian:Gem_Red","floor":15}],"player_experience":42190,"relics_obtained":[{"floor":2,"key":"LetterFromLob"},{"floor":9,"key":"Bottled Tornado"}],"event_choices":[{"damage_healed":0,"gold_gain":0,"player_choice":"Fled","damage_taken":0,"max_hp_gain":0,"max_hp_loss":0,"event_name":"Scrap Ooze","floor":11,"gold_loss":0}],"is_beta":false,"boss_relics":[],"items_purged_floors":[],"is_endless":false,"potions_floor_spawned":[2,6,12,13],"killed_by":"downfall:Silent","ascension_level":0}}