{"host":"w9yruvs4bqht6bhw","time":1609983430,"event":{"mods":["BaseMod","Colored Powertips","Minty Spire (QoL Compilation)"],"gold_per_floor":[116,66,12,12,25,25,25,56,56,117,117,117,137,151,151,246,246,256,272,145,165,185,185,212,212,212],"floor_reached":25,"playtime":907,"items_purged":["Zap"],"score":243,"play_id":"30962209-6e89-421d-bd01-92858e854ec4","local_time":"20210106203710","is_ascension_mode":true,"campfire_choices":[{"data":"Cold Snap","floor":6,"key":"SMITH"},{"floor":11,"key":"REST"},{"floor":15,"key":"REST"},{"data":"Cold Snap","floor":23,"key":"SMITH"}],"circlet_count":0,"master_deck":["Defend_B","Defend_B","Defend_B","Defend_B+1","Dualcast","Cold Snap+1","Gash","Conserve Battery+1","Gash","BootSequence","All For One","Steam","Go for the Eyes","Cold Snap+1","White Noise+1","Go for the Eyes+1"],"relics":["Cracked Core","MealTicket","Akabeko","Bronze Scales","Boot","Empty Cage","HornCleat"],"acts_visited":["Exordium","TheCity"],"potions_floor_usage":[16,16,16,22],"damage_taken":[{"damage":5,"enemies":"Jaw Worm","floor":1,"turns":3},{"damage":6,"enemies":"Small Slimes","floor":5,"turns":3},{"damage":17,"enemies":"Lagavulin","floor":8,"turns":6},{"damage":12,"enemies":"Lagavulin Event","floor":10,"turns":6},{"damage":0,"enemies":"Cultist","floor":13,"turns":2},{"damage":1,"enemies":"Looter","floor":14,"turns":2},{"damage":9,"enemies":"The Guardian","floor":16,"turns":9},{"damage":10,"enemies":"2 Thieves","floor":18,"turns":4},{"damage":3,"enemies":"Shell Parasite","floor":19,"turns":6},{"damage":12,"enemies":"Snake Plant","floor":21,"turns":4},{"damage":34,"enemies":"Centurion and Healer","floor":22,"turns":12},{"damage":11,"enemies":"Gremlin Leader","floor":24,"turns":9},{"damage":19,"enemies":"Snecko","floor":25,"turns":5}],"seed_played":"5132671002366887101","potions_obtained":[{"floor":8,"key":"AttackPotion"},{"floor":10,"key":"BlessingOfTheForge"},{"floor":14,"key":"AttackPotion"},{"floor":18,"key":"DuplicationPotion"},{"floor":19,"key":"DuplicationPotion"},{"floor":22,"key":"FearPotion"}],"is_trial":false,"path_per_floor":["M","?","$","?","M","R","?","E","T","?","R","?","M","M","R","B",null,"M","M","$","M","M","R","E","M"],"character_chosen":"DEFECT","items_purchased":["Conserve Battery","AttackPotion"],"campfire_rested":2,"item_purchase_floors":[3,20],"current_hp_per_floor":[70,70,70,55,49,49,31,14,14,2,24,24,24,23,45,36,75,65,62,75,63,29,29,18,0,0],"gold":212,"neow_bonus":"THREE_CARDS","is_daily":false,"chose_seed":false,"campfire_upgraded":2,"win_rate":0.0,"timestamp":1609983430,"path_taken":["M","?","?","?","M","R","?","E","T","?","R","?","M","?","R","BOSS","M","M","$","M","M","R","E","M"],"items_purchased_type":["Card","Potion"],"build_version":"2020-12-22","purchased_purges":1,"victory":false,"max_hp_per_floor":[75,75,75,75,75,75,75,75,75,75,75,75,75,75,75,75,75,75,75,75,75,75,75,75,75,75],"card_choices":[{"not_picked":["Leap","Streamline"],"picked":"Cold Snap","floor":0},{"not_picked":["Redo","Beam Cell"],"picked":"Gash","floor":1},{"not_picked":["Sweeping Beam","Streamline","Tempest"],"picked":"SKIP","floor":5},{"not_picked":["Auto Shields","Fission","Fusion"],"picked":"SKIP","floor":8},{"not_picked":["Leap","Darkness"],"picked":"Gash","floor":10},{"not_picked":["Storm","Streamline","Sweeping Beam"],"picked":"SKIP","floor":13},{"not_picked":["Reinforced Body","Beam Cell"],"picked":"BootSequence","floor":14},{"not_picked":["Creative AI","Reboot"],"picked":"All For One","floor":16},{"not_picked":["Streamline","Steam Power+1"],"picked":"Steam","floor":18},{"not_picked":["Consume","Hello World"],"picked":"Go for the Eyes","floor":19},{"not_picked":["Fission","Go for the Eyes"],"picked":"Cold Snap","floor":21},{"not_picked":["Melter","Beam Cell"],"picked":"White Noise+1","floor":22},{"not_picked":["Steam","Redo"],"picked":"Go for the Eyes+1","floor":24}],"player_experience":346337,"relics_obtained":[{"floor":8,"key":"Akabeko"},{"floor":9,"key":"Bronze Scales"},{"floor":10,"key":"Boot"},{"floor":24,"key":"HornCleat"}],"event_choices":[{"cards_removed":["Strike_B"],"damage_healed":0,"gold_gain":0,"player_choice":"Card Removal","damage_taken":0,"max_hp_gain":0,"max_hp_loss":0,"event_name":"The Cleric","floor":2,"gold_loss":50},{"damage_healed":0,"gold_gain":0,"player_choice":"Entered Light","damage_taken":15,"max_hp_gain":0,"max_hp_loss":0,"event_name":"Shining Light","floor":4,"gold_loss":0,"cards_upgraded":["Defend_B","Conserve Battery"]},{"damage_healed":0,"gold_gain":0,"player_choice":"Success","damage_taken":18,"relics_obtained":["MealTicket"],"max_hp_gain":0,"max_hp_loss":0,"event_name":"Scrap Ooze","floor":7,"gold_loss":0},{"damage_healed":0,"gold_gain":0,"player_choice":"Searched \u00271\u0027 times","damage_taken":0,"max_hp_gain":0,"max_hp_loss":0,"event_name":"Dead Adventurer","floor":10,"gold_loss":0},{"cards_removed":["Strike_B"],"damage_healed":0,"gold_gain":0,"player_choice":"Purged","damage_taken":0,"max_hp_gain":0,"max_hp_loss":0,"event_name":"Purifier","floor":12,"gold_loss":0}],"is_beta":false,"boss_relics":[{"not_picked":["Fusion Hammer","Astrolabe"],"picked":"Empty Cage"}],"items_purged_floors":[20],"is_endless":false,"potions_floor_spawned":[8,10,14,18,19,22],"killed_by":"Snecko","ascension_level":2}}