{"host":"v4pe0ixo3k7iwzp0","time":1609990835,"event":{"mods":["Ascension Reborn","BaseMod","Bestiary","Highlight Path","Minty Spire (QoL Compilation)","StSLib","The Marked"],"gold_per_floor":[109,109,124,142,142,142,43,59,85,100,120,120,154,173,173,273,273,289,289,289,304,323,352,262,262,287,287,297,313,325,344,344,344,344],"floor_reached":33,"playtime":2936,"items_purged":["theMarked:Overthink"],"score":273,"play_id":"d68a1437-5e98-49b0-be76-cc90f37f24a9","local_time":"20210106194035","is_ascension_mode":true,"campfire_choices":[{"data":"theMarked:ElementalBlade","floor":6.0,"key":"SMITH"},{"floor":15.0,"key":"REST"},{"floor":25.0,"key":"REST"},{"floor":27.0,"key":"REST"},{"floor":32,"key":"REST"}],"circlet_count":0,"master_deck":["theMarked:Strike+1","theMarked:Strike+1","theMarked:Strike+1","theMarked:Strike+1","theMarked:Strike+1","theMarked:Defend+1","theMarked:Defend+1","theMarked:Defend+1","theMarked:Defend+1","theMarked:SoldierOfQuellstein+1","theMarked:ElementalBlade+1","theMarked:ResourceFulStrike","theMarked:SwordAndMagic","theMarked:Frustration+1","theMarked:Aftermath","theMarked:BanishingStrike","theMarked:EmpowerWeapon","theMarked:TakeOffHeels","theMarked:EmpowerWeapon","theMarked:Reabsorb","theMarked:Aftermath","theMarked:WastefulDefense","theMarked:Abjuration","theMarked:ParalyzingBlade"],"relics":["theMarked:ArtifactOfAir","Bag of Marbles","PreservedInsect","theMarked:SpiritSword","Pen Nib","Bag of Preparation"],"acts_visited":["TheCity"],"potions_floor_usage":[29],"damage_taken":[{"damage":0.0,"enemies":"Small Slimes","floor":1.0,"turns":2.0},{"damage":0.0,"enemies":"Jaw Worm","floor":3.0,"turns":3.0},{"damage":0.0,"enemies":"Cultist","floor":4.0,"turns":3.0},{"damage":0.0,"enemies":"Large Slime","floor":8.0,"turns":3.0},{"damage":0.0,"enemies":"Gremlin Gang","floor":10.0,"turns":4.0},{"damage":0.0,"enemies":"Red Slaver","floor":11.0,"turns":2.0},{"damage":14.0,"enemies":"Lagavulin","floor":13.0,"turns":4.0},{"damage":11.0,"enemies":"Lots of Slimes","floor":14.0,"turns":3.0},{"damage":33.0,"enemies":"The Guardian","floor":16.0,"turns":8.0},{"damage":24.0,"enemies":"2 Thieves","floor":18.0,"turns":4.0},{"damage":7.0,"enemies":"Shell Parasite","floor":21.0,"turns":3.0},{"damage":15.0,"enemies":"Snake Plant","floor":22.0,"turns":3.0},{"damage":12.0,"enemies":"Book of Stabbing","floor":23.0,"turns":3.0},{"damage":2.0,"enemies":"Cultist and Chosen","floor":28.0,"turns":4.0},{"damage":4,"enemies":"Centurion and Healer","floor":29,"turns":4},{"damage":29,"enemies":"Shelled Parasite and Fungi","floor":30,"turns":4},{"damage":10,"enemies":"Snake Plant","floor":31,"turns":3},{"damage":35,"enemies":"Collector","floor":33,"turns":5}],"seed_played":"-6654349377258325340","potions_obtained":[{"floor":4.0,"key":"EssenceOfSteel"},{"floor":8.0,"key":"ColorlessPotion"},{"floor":10.0,"key":"Strength Potion"},{"floor":13.0,"key":"Dexterity Potion"},{"floor":14.0,"key":"Strength Potion"},{"floor":22.0,"key":"DuplicationPotion"},{"floor":23.0,"key":"LiquidBronze"}],"is_trial":true,"path_per_floor":["M","?","M","M","?","R","$","M","T","M","M","?","E","M","R","B",null,"M","?","?","M","M","E","?","R","T","R","M","M","M","M","R","B"],"character_chosen":"THE_DEFAULT","items_purchased":["theMarked:ResourceFulStrike"],"campfire_rested":4,"item_purchase_floors":[7],"current_hp_per_floor":[70,70,70,70,70,70,70,70,70,70,70,70,56,45,66,33,70,46,46,46,39,24,12,12,33,33,54,52,48,19,9,30,0,0],"gold":344,"neow_bonus":"","is_daily":false,"chose_seed":false,"campfire_upgraded":1,"win_rate":0.0,"timestamp":1609990835,"path_taken":["M","?","M","M","?","R","$","M","T","M","M","?","E","?","R","BOSS","M","?","?","M","M","E","?","R","T","R","M","M","M","M","R","BOSS"],"items_purchased_type":["Card"],"build_version":"2020-12-22","purchased_purges":1,"victory":false,"max_hp_per_floor":[70,70,70,70,70,70,70,70,70,70,70,70,70,70,70,70,70,70,70,70,70,70,70,70,70,70,70,70,70,70,70,70,70,70],"card_choices":[{"not_picked":["theMarked:Aftermath","theMarked:Improvise","theMarked:ContemptForTheProud"],"picked":"SKIP","floor":1.0},{"not_picked":["theMarked:Aftermath","theMarked:Panic"],"picked":"theMarked:Overthink","floor":3.0},{"not_picked":["theMarked:BanishingStrike","theMarked:ComboAttacks"],"picked":"theMarked:ElementalBlade","floor":4.0},{"not_picked":["theMarked:ResourceFulStrike","theMarked:Improvise"],"picked":"theMarked:SwordAndMagic","floor":8.0},{"not_picked":["theMarked:PowerFlow","theMarked:ResourceFulStrike"],"picked":"theMarked:Frustration","floor":10.0},{"not_picked":["theMarked:DispelDoubt","theMarked:TwofoldDefense"],"picked":"theMarked:Aftermath","floor":11.0},{"not_picked":["theMarked:LightningStrikesTwice","theMarked:Levitate"],"picked":"theMarked:BanishingStrike","floor":13.0},{"not_picked":["theMarked:Frustration","theMarked:WastefulAttack"],"picked":"theMarked:EmpowerWeapon","floor":14.0},{"not_picked":["theMarked:FavorableWinds","theMarked:Vacuum"],"picked":"theMarked:TakeOffHeels","floor":16.0},{"not_picked":["theMarked:ComboAttacks","theMarked:Electrify","theMarked:ShockingTouch"],"picked":"SKIP","floor":18.0},{"not_picked":["theMarked:BanishingWave","theMarked:Indomitable+1"],"picked":"theMarked:EmpowerWeapon","floor":21.0},{"not_picked":["theMarked:Overcharge+1","theMarked:Seal"],"picked":"theMarked:Reabsorb","floor":22.0},{"not_picked":["theMarked:ChainLightning","theMarked:Improvise"],"picked":"theMarked:Aftermath","floor":23.0},{"not_picked":["theMarked:Static","theMarked:Improvise+1"],"picked":"theMarked:WastefulDefense","floor":28.0},{"not_picked":["theMarked:MysticalArsenal","theMarked:BanishingStrike"],"picked":"theMarked:Abjuration","floor":29},{"not_picked":["theMarked:Indomitable","theMarked:Frustration","theMarked:EnhanceMovement"],"picked":"SKIP","floor":30},{"not_picked":["theMarked:BanishingStrike","theMarked:ShockingTouch"],"picked":"theMarked:ParalyzingBlade","floor":31}],"player_experience":95543,"relics_obtained":[{"floor":9.0,"key":"Bag of Marbles"},{"floor":13.0,"key":"PreservedInsect"},{"floor":23.0,"key":"Pen Nib"},{"floor":26.0,"key":"Bag of Preparation"}],"event_choices":[{"damage_healed":0.0,"max_hp_gain":0.0,"max_hp_loss":0.0,"gold_gain":0.0,"event_name":"Golden Idol","player_choice":"Ignored","floor":2.0,"gold_loss":0.0,"damage_taken":0.0},{"damage_healed":0.0,"max_hp_gain":0.0,"max_hp_loss":0.0,"gold_gain":0.0,"event_name":"Liars Game","player_choice":"Ignored","floor":5.0,"gold_loss":0.0,"damage_taken":0.0},{"damage_healed":0.0,"max_hp_gain":0.0,"max_hp_loss":0.0,"gold_gain":0.0,"event_name":"Dead Adventurer","player_choice":"Searched \u00270\u0027 times","floor":12.0,"gold_loss":0.0,"damage_taken":0.0},{"damage_healed":0.0,"max_hp_gain":0.0,"max_hp_loss":0.0,"gold_gain":0.0,"event_name":"Ghosts","player_choice":"Ignored","floor":19.0,"gold_loss":0.0,"damage_taken":0.0},{"damage_healed":0.0,"max_hp_gain":0.0,"max_hp_loss":0.0,"gold_gain":0.0,"event_name":"Forgotten Altar","player_choice":"Smashed Altar","floor":20.0,"gold_loss":0.0,"damage_taken":0.0,"cards_obtained":["Decay"]},{"cards_removed":["Decay"],"damage_healed":0.0,"max_hp_gain":0.0,"max_hp_loss":0.0,"gold_gain":0.0,"event_name":"Designer","player_choice":"Upgrade and Remove","floor":24.0,"gold_loss":90.0,"damage_taken":0.0,"cards_upgraded":["theMarked:Frustration"]}],"is_beta":false,"boss_relics":[{"not_picked":["Calling Bell","Fusion Hammer"],"picked":"theMarked:SpiritSword"}],"items_purged_floors":[7],"is_endless":false,"potions_floor_spawned":[4,8,10,13,14,22,23],"killed_by":"Collector","ascension_level":0}}