{"host":"ig7tc0uedzltt2sr","time":1609991646,"event":{"mods":["BaseMod","Better Twitch Integration","Block Reminder","Colored Map","Colored Powertips","Communication Mod","Current Relic Mod","GifTheSpireLib","HexUI Lib","Minty Spire (QoL Compilation)","Quick Restart","Random Character Button","Rare Cards Sparkle","Relic Sorter","Relic Stats","Slay the Relics Exporter","StSLib","SuperFastMode","Synergy Search","Twitch Decklist","Twitch Utils","everything is the same but u backflip on backflip","slay the spire mod where everything is the same but ironclad has a cowboy hat"],"gold_per_floor":[110,110,130,145,160,160,160,160],"floor_reached":7,"playtime":63,"items_purged":[],"score":43,"play_id":"128aade4-c035-4ff7-997e-6427e5f50691","local_time":"20210106195406","is_ascension_mode":false,"campfire_choices":[{"floor":6,"key":"REST"}],"circlet_count":0,"master_deck":["Strike_R","Strike_R","Strike_R","Strike_R","Strike_R","Defend_R","Defend_R","Defend_R","Defend_R","Bash","Bloodletting","Twin Strike","Warcry","Bloodletting"],"relics":["Burning Blood"],"acts_visited":["Exordium"],"potions_floor_usage":[],"damage_taken":[{"damage":30,"enemies":"Cultist","floor":1,"turns":7},{"damage":28,"enemies":"Jaw Worm","floor":3,"turns":7},{"damage":6,"enemies":"Small Slimes","floor":4,"turns":4},{"damage":25,"enemies":"2 Fungi Beasts","floor":5,"turns":4},{"damage":49,"enemies":"3 Sentries","floor":7,"turns":6}],"seed_played":"-5989719471889365029","potions_obtained":[{"floor":3,"key":"SteroidPotion"},{"floor":5,"key":"SkillPotion"}],"is_trial":false,"path_per_floor":["M","?","M","M","M","R","E"],"character_chosen":"IRONCLAD","items_purchased":[],"campfire_rested":1,"item_purchase_floors":[],"current_hp_per_floor":[64,64,42,42,23,49,0,0],"gold":160,"neow_bonus":"TEN_PERCENT_HP_BONUS","is_daily":false,"chose_seed":false,"campfire_upgraded":0,"win_rate":0.0,"timestamp":1609991646,"path_taken":["M","?","M","M","M","R","E"],"items_purchased_type":[],"build_version":"2020-12-22","purchased_purges":0,"victory":false,"max_hp_per_floor":[88,88,88,88,88,88,88,88],"relic_stats":{"counters":[5,28],"obtain_stats":[{"Burning Blood":0},{"Burning Blood":0},{"Burning Blood":0}],"Burning Blood":24},"card_choices":[{"not_picked":["Body Slam","Havoc"],"picked":"Bloodletting","floor":1},{"not_picked":["Perfected Strike","Body Slam"],"picked":"Twin Strike","floor":3},{"not_picked":["Flex","True Grit"],"picked":"Warcry","floor":4},{"not_picked":["Dark Embrace","Shrug It Off"],"picked":"Bloodletting","floor":5}],"player_experience":1444186,"relics_obtained":[],"event_choices":[{"damage_healed":0,"gold_gain":0,"player_choice":"Leave","damage_taken":0,"max_hp_gain":0,"max_hp_loss":0,"event_name":"FaceTrader","floor":2,"gold_loss":0}],"is_beta":false,"boss_relics":[],"items_purged_floors":[],"is_endless":false,"potions_floor_spawned":[3,5],"killed_by":"3 Sentries","ascension_level":0}}