{"host":"359hz4210ybch7ku","time":1609997291,"event":{"mods":["BaseMod","Block Reminder","Colored Map","Colored Powertips","Highlight Path","Minty Spire (QoL Compilation)","Slay the Relics Exporter","StSLib"],"gold_per_floor":[116,116,128,147,163,163,179,179,202,214,214,58,88,18,18,119,169,184,195,207,207,224,224,234,245,245,274,292,292,304,16,16,16,16],"floor_reached":33,"playtime":4153,"items_purged":[],"score":339,"play_id":"5c923563-cf9b-44bc-924d-18617bd75929","local_time":"20210106212811","is_ascension_mode":true,"campfire_choices":[{"data":"TalkToTheHand","floor":6,"key":"SMITH"},{"data":"WaveOfTheHand","floor":11,"key":"SMITH"},{"floor":15,"key":"REST"},{"data":"TalkToTheHand","floor":23,"key":"SMITH"},{"floor":29,"key":"REST"},{"floor":32,"key":"REST"}],"circlet_count":0,"master_deck":["Strike_P","Strike_P+1","Strike_P+1","Defend_P","Defend_P","Defend_P","Defend_P+1","Eruption","Vigilance","WaveOfTheHand+1","Sanctity","TalkToTheHand+1","Halt+1","EmptyFist","FollowUp","LessonLearned+1","Judgement","ForeignInfluence+1","DeusExMachina+1","Halt","FearNoEvil+1","TalkToTheHand+1","WreathOfFlame","SandsOfTime","InnerPeace+1"],"relics":["PureWater","Ancient Tea Set","Akabeko","Damaru","Tiny House","Smiling Mask","Centennial Puzzle","CaptainsWheel"],"acts_visited":["Exordium","TheCity"],"potions_floor_usage":[1,4,13,13,16,19,20,20,24,27],"damage_taken":[{"damage":3,"enemies":"2 Louse","floor":1,"turns":4},{"damage":0,"enemies":"Small Slimes","floor":3,"turns":4},{"damage":0,"enemies":"Cultist","floor":4,"turns":3},{"damage":42,"enemies":"Large Slime","floor":5,"turns":9},{"damage":0,"enemies":"3 Louse","floor":7,"turns":3},{"damage":4,"enemies":"2 Fungi Beasts","floor":10,"turns":5},{"damage":3,"enemies":"Lagavulin","floor":13,"turns":10},{"damage":16,"enemies":"Hexaghost","floor":16,"turns":11},{"damage":0,"enemies":"Spheric Guardian","floor":18,"turns":1},{"damage":10,"enemies":"Chosen","floor":19,"turns":6},{"damage":1,"enemies":"Snecko","floor":20,"turns":4},{"damage":0,"enemies":"Sentry and Sphere","floor":22,"turns":3},{"damage":23,"enemies":"Snake Plant","floor":24,"turns":8},{"damage":27,"enemies":"Snecko","floor":25,"turns":4},{"damage":39,"enemies":"Slavers","floor":27,"turns":8},{"damage":1,"enemies":"Sentry and Sphere","floor":28,"turns":3},{"damage":4,"enemies":"Shelled Parasite and Fungi","floor":30,"turns":3},{"damage":80,"enemies":"Champ","floor":33,"turns":11}],"seed_played":"-6599203914968612014","potions_obtained":[{"floor":1,"key":"Fruit Juice"},{"floor":3,"key":"Fire Potion"},{"floor":5,"key":"SneckoOil"},{"floor":7,"key":"Ambrosia"},{"floor":10,"key":"LiquidMemories"},{"floor":17,"key":"ColorlessPotion"},{"floor":18,"key":"DistilledChaos"},{"floor":19,"key":"DistilledChaos"},{"floor":22,"key":"PowerPotion"},{"floor":24,"key":"FairyPotion"},{"floor":25,"key":"Fruit Juice"}],"is_trial":false,"path_per_floor":["M","?","M","M","M","R","M","?","T","M","R","$","E","$","R","B",null,"M","M","M","?","M","R","M","M","T","E","M","R","M","$","R","B"],"character_chosen":"WATCHER","items_purchased":["LessonLearned","ForeignInfluence","CaptainsWheel"],"campfire_rested":3,"item_purchase_floors":[12,14,31],"current_hp_per_floor":[74,67,67,67,25,25,25,25,25,21,21,21,18,18,41,25,82,82,72,71,71,71,71,48,21,21,14,13,39,35,35,61,0,0],"gold":16,"neow_bonus":"RANDOM_COMMON_RELIC","is_daily":false,"chose_seed":false,"campfire_upgraded":3,"win_rate":0.0,"timestamp":1609997291,"path_taken":["M","?","M","M","M","R","M","?","T","M","R","$","E","$","R","BOSS","M","?","M","?","M","R","M","M","T","E","M","R","M","$","R","BOSS"],"items_purchased_type":["Card","Card","Relic"],"build_version":"2020-12-22","purchased_purges":0,"victory":false,"max_hp_per_floor":[77,77,77,77,77,77,77,77,77,77,77,77,77,77,77,77,82,82,82,82,82,82,82,82,82,82,87,87,87,87,87,87,87,87],"card_choices":[{"not_picked":["Vengeance","FlyingSleeves"],"picked":"WaveOfTheHand","floor":1},{"not_picked":["EmptyMind","DeceiveReality"],"picked":"Sanctity","floor":3},{"not_picked":["Protect","PathToVictory"],"picked":"TalkToTheHand","floor":4},{"not_picked":["SashWhip","Fasting2"],"picked":"Halt","floor":5},{"not_picked":["ThirdEye","BowlingBash"],"picked":"EmptyFist","floor":7},{"not_picked":["CutThroughFate","Study"],"picked":"FollowUp","floor":10},{"not_picked":["Sanctity","Evaluate"],"picked":"Judgement","floor":13},{"not_picked":["Ragnarok","Omniscience"],"picked":"DeusExMachina","floor":16},{"not_picked":["Indignation","JustLucky"],"picked":"Halt","floor":17},{"not_picked":["EmptyFist","SashWhip"],"picked":"FearNoEvil+1","floor":18},{"not_picked":["Tantrum","JustLucky"],"picked":"TalkToTheHand","floor":19},{"not_picked":["Crescendo","CutThroughFate"],"picked":"WreathOfFlame","floor":20},{"not_picked":["SignatureMove+1","WaveOfTheHand"],"picked":"SandsOfTime","floor":22},{"not_picked":["Conclude","FlyingSleeves"],"picked":"InnerPeace+1","floor":24},{"not_picked":["BowlingBash","Meditate","Alpha"],"picked":"SKIP","floor":25},{"not_picked":["BowlingBash+1","ThirdEye+1","SignatureMove"],"picked":"SKIP","floor":27},{"not_picked":["SashWhip","CutThroughFate+1","EmptyFist"],"picked":"SKIP","floor":28},{"not_picked":["Vengeance+1","JustLucky","Evaluate"],"picked":"SKIP","floor":30}],"player_experience":152151,"relics_obtained":[{"floor":9,"key":"Akabeko"},{"floor":13,"key":"Damaru"},{"floor":26,"key":"Smiling Mask"},{"floor":27,"key":"Centennial Puzzle"}],"event_choices":[{"cards_removed":["Strike_P"],"damage_healed":0,"gold_gain":0,"player_choice":"Card Removal","damage_taken":7,"max_hp_gain":0,"max_hp_loss":0,"event_name":"Golden Wing","floor":2,"gold_loss":0},{"damage_healed":0,"gold_gain":0,"player_choice":"Ignored","damage_taken":0,"max_hp_gain":0,"max_hp_loss":0,"event_name":"WeMeetAgain","floor":8,"gold_loss":0},{"damage_healed":0,"gold_gain":0,"player_choice":"Ignored","damage_taken":0,"max_hp_gain":0,"max_hp_loss":0,"event_name":"Ghosts","floor":21,"gold_loss":0}],"is_beta":false,"boss_relics":[{"not_picked":["Philosopher\u0027s Stone","Coffee Dripper"],"picked":"Tiny House"}],"items_purged_floors":[],"is_endless":false,"potions_floor_spawned":[1,3,5,7,10,18,19,22,24,25],"killed_by":"Champ","ascension_level":3}}