{"host":"mw3kevsbpjesmvva","time":1609991959,"event":{"mods":["BaseMod","Colored Map","Downfall","Minty Spire (QoL Compilation)","StSLib"],"gold_per_floor":[99,118,133,133,118,130,130,405,405,422,422,442,452,482,499,596,646,646,666,681,699,11,31,83,117,130,130,56,74,37,37,55,160,160,85,135,158,9,22,42,42,94,19,43,43,78,4,22,40,40],"floor_reached":51,"playtime":4456,"items_purged":["Regret"],"score":751,"play_id":"2c094612-6955-420a-863b-b5ae51fdb59d","local_time":"20210107045919","is_ascension_mode":false,"campfire_choices":[{"data":"Slimebound:Split","floor":1,"key":"SMITH"},{"data":"Slimebound:OneTwoCombo","floor":9,"key":"SMITH"},{"data":"Slimebound:Gluttony","floor":11,"key":"SMITH"},{"data":"Slimebound:Overexert","floor":18,"key":"SMITH"},{"floor":27,"key":"REST"},{"floor":35,"key":"RECALL"},{"floor":43,"key":"REST"},{"data":"Slimebound:DuplicatedForm","floor":45,"key":"SMITH"}],"circlet_count":0,"master_deck":["Slimebound:Tackle","Slimebound:Split+1","Slimebound:CorrosiveSpit","Slimebound:SplitLeeching","Slimebound:SplitBruiser","Slimebound:OneTwoCombo+1","Slimebound:Gluttony+1","Slimebound:Replication","Slimebound:LivingWall","Slimebound:HauntingLick","Slimebound:Overexert+1","Slimebound:Recollect","Slimebound:SelfFormingGoo","Slimebound:FlameTackle","Slimebound:LeechEnergy","Slimebound:Nibble+1","Slimebound:SlimeSlap","Slimebound:LivingWall","Slimebound:SplitMire+1","Slimebound:DuplicatedForm+1","Slimebound:DisruptingSlam","Slimebound:PressTheAttack+1","Slimebound:SlimeTap","Slimebound:Gluttony","Slimebound:MassFeed","Slimebound:CheckThePlaybook","Slimebound:DouseInSlime","Slimebound:Nibble","Slimebound:SlimeBarrage","Slimebound:SelfFormingGoo","Slimebound:MassRepurpose","Slimebound:SlimeTap","Slimebound:FlameTackle","Slimebound:BestDefense+1","Slimebound:ProtectTheBoss+1","Slimebound:SlimeBarrage+1","Slimebound:PressTheAttack+1","Slimebound:DisruptingSlam+1","Slimebound:LeadByExample","Slimebound:LeechLife"],"relics":["Slimebound:AbsorbEndCombat","Pear","Incense Burner","Tiny House","Slimebound:SelfDamagePreventRelic","Mango","Blood Vial","Happy Flower","Omamori","Tiny Chest","Question Card","Pandora\u0027s Box","downfall:HeartBlessingGreen","Du-Vu Doll","Membership Card","Slimebound:MaxSlimesRelic","Unceasing Top","downfall:HeartBlessingBlue","Pen Nib","TungstenRod","Toolbox"],"acts_visited":["Exordium","TheCity","TheBeyond"],"potions_floor_usage":[16,21,25,32,33,36,39,50],"damage_taken":[{"damage":13,"enemies":"Jaw Worm","floor":2,"turns":3},{"damage":21,"enemies":"Cultist","floor":3,"turns":3},{"damage":18,"enemies":"downfall:FleeingMerchant","floor":5,"turns":4},{"damage":16,"enemies":"2 Louse","floor":6,"turns":2},{"damage":21,"enemies":"Lots of Slimes","floor":10,"turns":2},{"damage":20,"enemies":"3 Louse","floor":12,"turns":3},{"damage":34,"enemies":"Large Slime","floor":13,"turns":4},{"damage":31,"enemies":"Gremlin Nob","floor":14,"turns":3},{"damage":26,"enemies":"Exordium Wildlife","floor":15,"turns":3},{"damage":42,"enemies":"downfall:Ironclad","floor":16,"turns":4},{"damage":17,"enemies":"Shell Parasite","floor":19,"turns":4},{"damage":22,"enemies":"Chosen","floor":20,"turns":3},{"damage":36,"enemies":"Snake Plant","floor":21,"turns":3},{"damage":31,"enemies":"downfall:FleeingMerchant","floor":22,"turns":4},{"damage":19,"enemies":"Centurion and Healer","floor":23,"turns":5},{"damage":57,"enemies":"Book of Stabbing","floor":25,"turns":4},{"damage":30,"enemies":"Cultist and Chosen","floor":26,"turns":5},{"damage":13,"enemies":"downfall:FleeingMerchant","floor":28,"turns":4},{"damage":50,"enemies":"Snake Plant","floor":29,"turns":3},{"damage":55,"enemies":"3 Cultists","floor":32,"turns":5},{"damage":43,"enemies":"downfall:Silent","floor":33,"turns":4},{"damage":21,"enemies":"Mind Bloom Boss Battle","floor":36,"turns":6},{"damage":46,"enemies":"3 Shapes","floor":39,"turns":5},{"damage":26,"enemies":"3 Darklings","floor":40,"turns":4},{"damage":76,"enemies":"2 Orb Walkers","floor":42,"turns":4},{"damage":56,"enemies":"Reptomancer","floor":46,"turns":5},{"damage":31,"enemies":"Sphere and 2 Shapes","floor":48,"turns":5},{"damage":32,"enemies":"Maw","floor":49,"turns":6},{"damage":46,"enemies":"downfall:Defect","floor":50,"turns":6}],"seed_played":"6711086596086418524","potions_obtained":[{"floor":6,"key":"ColorlessPotion"},{"floor":13,"key":"FearPotion"},{"floor":14,"key":"Fire Potion"},{"floor":16,"key":"Weak Potion"},{"floor":21,"key":"LiquidBronze"},{"floor":29,"key":"SteroidPotion"},{"floor":32,"key":"SkillPotion"},{"floor":33,"key":"SkillPotion"},{"floor":39,"key":"sneckomod:MuddlingPotion"},{"floor":42,"key":"champ:CounterPotion"}],"is_trial":false,"path_per_floor":["R","M","M","?","$","M","T","?","R","M","R","M","M","E","M","B",null,"R","M","M","M","$","M","T","E","M","R","$","M","$","?","M","B",null,"R","?","T","$","M","M","T","?","R","T","R","E","$","M","M","B",null],"character_chosen":"SLIMEBOUND","items_purchased":["Slimebound:SelfDamagePreventRelic","Mango","Blood Vial","Tiny Chest","Question Card","Slimebound:Gluttony","Membership Card","Toolbox"],"campfire_rested":2,"item_purchase_floors":[22,22,22,28,28,30,38,47],"current_hp_per_floor":[60,60,53,70,69,62,72,72,72,69,69,63,59,50,38,32,85,85,82,83,59,70,87,87,70,54,83,99,84,84,64,46,60,104,104,101,101,101,73,85,85,35,79,79,79,59,59,52,68,75],"gold":40,"neow_bonus":"THREE_CARDS","is_daily":false,"chose_seed":false,"campfire_upgraded":5,"win_rate":0.0,"timestamp":1609991959,"path_taken":["R","M","M","?","$","?","T","?","R","M","R","M","M","E","M","BOSS","R","M","M","M","$","M","T","E","M","R","$","M","?","?","M","BOSS","R","?","?","?","?","M","T","?","R","?","R","E","$","M","M","BOSS"],"items_purchased_type":["Relic","Relic","Relic","Relic","Relic","Card","Relic","Relic"],"build_version":"2020-12-22","purchased_purges":1,"victory":true,"max_hp_per_floor":[60,60,60,70,70,70,80,80,80,80,80,80,80,80,80,80,85,85,85,85,85,99,99,99,99,99,99,99,99,99,104,104,104,104,104,104,104,104,104,104,104,104,114,114,114,114,114,114,114,114],"card_choices":[{"not_picked":["Slimebound:ViciousTackle","Slimebound:RollThrough"],"picked":"Slimebound:SplitLeeching","floor":0},{"not_picked":["Slimebound:Schlurp","Slimebound:ViciousTackle"],"picked":"Slimebound:SplitBruiser","floor":2},{"not_picked":["Slimebound:GrowthPunch","Slimebound:SplitAcid"],"picked":"Slimebound:LeechLife","floor":3},{"not_picked":["Slimebound:ViciousTackle","Slimebound:SplitBruiser"],"picked":"Slimebound:OneTwoCombo","floor":5},{"not_picked":["Slimebound:ForwardTackle","Slimebound:Equalize"],"picked":"Slimebound:Gluttony","floor":6},{"not_picked":["Slimebound:GrowthPunch","Slimebound:GoopSpray"],"picked":"Slimebound:Replication","floor":10},{"not_picked":["Slimebound:ComboTackle","Slimebound:SamplingLick"],"picked":"Slimebound:LivingWall","floor":12},{"not_picked":["Slimebound:LeechingTouch","Slimebound:SplitAcid"],"picked":"Slimebound:HauntingLick","floor":13},{"not_picked":["Slimebound:SplitBruiser","Slimebound:RollThrough"],"picked":"Slimebound:Overexert","floor":14},{"not_picked":["Slimebound:PressTheAttack","Slimebound:SamplingLick"],"picked":"Slimebound:Recollect","floor":15},{"not_picked":["Slimebound:OneTwoCombo","Slimebound:Recycling"],"picked":"Slimebound:SelfFormingGoo","floor":16},{"not_picked":["Slimebound:LeechingTouch","Slimebound:PressTheAttack"],"picked":"Slimebound:FlameTackle","floor":17},{"not_picked":["Slimebound:LeechingTouch","Slimebound:SplitBruiser"],"picked":"Slimebound:LeechEnergy","floor":19},{"not_picked":["Slimebound:PressTheAttack+1","Slimebound:BestDefense"],"picked":"Slimebound:Nibble+1","floor":20},{"not_picked":["Slimebound:LivingWall","Slimebound:Grow"],"picked":"Slimebound:SlimeSlap","floor":21},{"not_picked":["Slimebound:RollThrough","Slimebound:SplitAcid"],"picked":"Slimebound:LivingWall","floor":22},{"not_picked":["Slimebound:SplitAcid","Slimebound:Schlurp+1"],"picked":"Slimebound:SplitMire+1","floor":23},{"not_picked":["Slimebound:GoopSpray","Slimebound:LeadByExample"],"picked":"Slimebound:DuplicatedForm","floor":25},{"not_picked":["Slimebound:ViciousTackle+1","Slimebound:FinishingTackle+1"],"picked":"Slimebound:DisruptingSlam","floor":26},{"not_picked":["Slimebound:Schlurp","Slimebound:LeechingTouch"],"picked":"Slimebound:PressTheAttack+1","floor":28},{"not_picked":["Slimebound:RainOfGoop","Slimebound:Recollect","Slimebound:SplitLeeching+1"],"picked":"Slimebound:SlimeTap","floor":29},{"not_picked":["Slimebound:FinishingTackle","Slimebound:MegaLick+1","Slimebound:LeadByExample"],"picked":"Slimebound:MassFeed","floor":32},{"not_picked":["Slimebound:WasteNot","Slimebound:Teamwork","Slimebound:RallyTheTroops"],"picked":"Slimebound:CheckThePlaybook","floor":33},{"not_picked":["Slimebound:ProtectTheBoss+1","Slimebound:LeechingTouch","Slimebound:LivingWall"],"picked":"Slimebound:BestDefense+1","floor":36},{"not_picked":["Slimebound:ForwardTackle","Slimebound:HauntingLick","Slimebound:FinishingTackle+1"],"picked":"Slimebound:ProtectTheBoss+1","floor":39},{"not_picked":["Slimebound:HungryTackle+1","Slimebound:GoopSpray","Slimebound:RollThrough+1"],"picked":"Slimebound:SlimeBarrage+1","floor":40},{"not_picked":["Slimebound:RollThrough+1","Slimebound:GoopSpray","Slimebound:LeechingTouch+1"],"picked":"Slimebound:PressTheAttack+1","floor":42},{"not_picked":["Slimebound:LeechingTouch","Slimebound:BestDefense","Slimebound:AcidTongue"],"picked":"Slimebound:DisruptingSlam+1","floor":46},{"not_picked":["Slimebound:LeechingTouch+1","Slimebound:LeechEnergy","Slimebound:ComboTackle"],"picked":"Slimebound:LeadByExample","floor":48},{"not_picked":["Slimebound:LeechEnergy+1","Slimebound:LeechingTouch+1","Slimebound:ProtectTheBoss"],"picked":"Slimebound:LeechLife","floor":49}],"player_experience":816747,"relics_obtained":[{"floor":7,"key":"Pear"},{"floor":14,"key":"Incense Burner"},{"floor":24,"key":"Happy Flower"},{"floor":25,"key":"Omamori"},{"floor":36,"key":"Du-Vu Doll"},{"floor":41,"key":"Slimebound:MaxSlimesRelic"},{"floor":42,"key":"Unceasing Top"},{"floor":44,"key":"Pen Nib"},{"floor":46,"key":"TungstenRod"}],"event_choices":[{"cards_removed":["Slimebound:LeechLife"],"damage_healed":7,"gold_gain":0,"player_choice":"Offered Rare","damage_taken":0,"max_hp_gain":10,"max_hp_loss":0,"event_name":"Bonfire Elementals","floor":4,"gold_loss":0},{"damage_healed":0,"gold_gain":0,"player_choice":"Fight","damage_taken":0,"max_hp_gain":0,"max_hp_loss":0,"event_name":"Mysterious Sphere","floor":42,"gold_loss":0}],"is_beta":false,"boss_relics":[{"not_picked":["Snecko Eye","Runic Dome"],"picked":"Tiny House"},{"not_picked":["Black Star","Calling Bell"],"picked":"Pandora\u0027s Box"}],"items_purged_floors":[22],"is_endless":false,"potions_floor_spawned":[6,13,14,16,21,29,32,33,39,42,48],"ascension_level":0}}