{"host":"08z5bj28eube4vug","time":1609979266,"event":{"mods":["2.2 Compatiblity","Abigail Mod","Act Like it!","BaseMod","Beaked The Cultist","Bestiary","Friendly Minions","Gensokyo","GungeonMod","Hallownest","Kiyohime????","Koishi","Lobotomy","Marisa????????","Minty Spire (QoL Compilation)","Prisma Mod","Remilia??????","Replay The Spire","StSLib","Td1madao Mod","The Alterego","The Bug Knight","The Jungle","The Sage","The Senshi","The Servant 0.9.4","Waifu the Spire","WarShipGirlsR/????R mod","Yuri Mod"],"gold_per_floor":[112,123,142,67,78,78,89,89,113,140,150,150,150,150,150,245,245,264,280,297,309,309,338,365,379,406,425,524,559,559,559,559,663,663,683,173,184,114,126,126,126,153,153,153,153,165,184,204,204,204],"floor_reached":51,"playtime":2897,"items_purged":["Regret"],"score":958,"play_id":"4a36e411-d24d-44b2-bc26-60464cfc276d","local_time":"20210107032746","is_ascension_mode":true,"campfire_choices":[{"data":"MysteriousBeam","floor":6,"key":"SMITH"},{"data":"DoubleSpark","floor":8,"key":"SMITH"},{"data":"OrrerysSun","floor":12,"key":"SMITH"},{"data":"SporeBomb","floor":15,"key":"SMITH"},{"floor":30,"key":"REST"},{"floor":32,"key":"REST"},{"data":"MillisecondPulsars","floor":40,"key":"SMITH"},{"data":"SprinkleStarSeal","floor":49,"key":"SMITH"}],"circlet_count":0,"master_deck":["Strike_MRS","Strike_MRS","Strike_MRS","Strike_MRS+1","Defend_MRS","Defend_MRS","Defend_MRS","Defend_MRS","MasterSpark+1","UpSweep","MysteriousBeam+1","DoubleSpark+1","StarBarrage","6A","OrrerysSun+1","SporeBomb+1","NonDirectionalLaser","CasketOfStar","ShootingEcho+1","AsteroidBelt+1","DeepEcoloBomb","PropBag+1","DoubleSpark+1","6A+1","MillisecondPulsars+1","MilkyWay","FairyDestructionRay","MilkyWay","PropBag+1","SprinkleStarSeal+1"],"relics":["MiniHakkero","Lantern","Tiny Chest","Bottled Flame","Pantograph","Replay:Grab Bag","Replay:Bronze Core","Painkiller Herb","theSenshi:MoonKaleidoScopeRelic","Enchiridion","DemoMod:PoisonVial","Pet Ghost","Bag of Preparation","Gremlin Food","Busted Crown","Incense Burner","Chemical X","ReplayTheSpireMod:Lightbulb","Replay:Bottled Flurry","Singing Bowl","Orichalcum"],"acts_visited":["Exordium","TheCity","TheBeyond"],"potions_floor_usage":[10,10,20,23,27,39,42,50],"damage_taken":[{"damage":1,"enemies":"Cultist","floor":1,"turns":3},{"damage":0,"enemies":"Small Slimes","floor":2,"turns":1},{"damage":2,"enemies":"Jaw Worm","floor":3,"turns":2},{"damage":1,"enemies":"3 Louse","floor":5,"turns":2},{"damage":2,"enemies":"Exordium Wildlife","floor":7,"turns":3},{"damage":14,"enemies":"3 Sentries","floor":10,"turns":4},{"damage":6,"enemies":"Looter","floor":11,"turns":2},{"damage":0,"enemies":"Slime Boss","floor":16,"turns":5},{"damage":6,"enemies":"2 Thieves","floor":18,"turns":3},{"damage":2,"enemies":"Spheric Guardian","floor":19,"turns":3},{"damage":0,"enemies":"Snake Plant","floor":20,"turns":2},{"damage":1,"enemies":"Centurion and Healer","floor":21,"turns":4},{"damage":12,"enemies":"Replay:Snechameleon","floor":23,"turns":5},{"damage":17,"enemies":"Shelled Parasite and Fungi","floor":25,"turns":3},{"damage":18,"enemies":"Snake Plant","floor":27,"turns":3},{"damage":0,"enemies":"HollowMod:Nosk","floor":29,"turns":4},{"damage":14,"enemies":"Collector","floor":33,"turns":5},{"damage":1,"enemies":"3 Shapes","floor":35,"turns":4},{"damage":0,"enemies":"Orb Walker","floor":37,"turns":2},{"damage":0,"enemies":"Spire Growth","floor":39,"turns":3},{"damage":9,"enemies":"Reptomancer","floor":42,"turns":4},{"damage":3,"enemies":"Sphere and 2 Shapes","floor":46,"turns":3},{"damage":16,"enemies":"Jaw Worm Horde","floor":47,"turns":2},{"damage":10,"enemies":"Writhing Mass","floor":48,"turns":6},{"damage":21,"enemies":"Donu and Deca","floor":50,"turns":9}],"seed_played":"-4912465680330046036","potions_obtained":[{"floor":3,"key":"Fire Potion"},{"floor":5,"key":"ColorlessPotion"},{"floor":19,"key":"Swift Potion"},{"floor":21,"key":"SpeedPotion"},{"floor":25,"key":"EssenceOfSteel"},{"floor":35,"key":"SteroidPotion"},{"floor":39,"key":"DuplicationPotion"},{"floor":48,"key":"Ancient Potion"}],"is_trial":false,"path_per_floor":["M","M","M","$","M","R","M","R","T","E","M","R","?","T","R","B",null,"?","?","?","?","?","E","T","?","T","?","?","E","T","?","T","B",null,"?","T","?","T","?","T","?","E","T","T","?","?","?","?","T","B",null],"character_chosen":"MARISA","items_purchased":["Incense Burner","MilkyWay","Chemical X","FairyDestructionRay"],"campfire_rested":2,"item_purchase_floors":[36,36,36,38],"current_hp_per_floor":[74,74,72,72,71,71,69,69,69,55,49,49,49,49,49,74,75,69,67,67,66,50,38,38,21,21,3,3,3,25,25,47,58,71,70,70,70,70,70,70,70,61,61,61,61,58,44,48,48,52],"gold":204,"neow_bonus":"RANDOM_EVENT","is_daily":false,"chose_seed":false,"campfire_upgraded":6,"win_rate":0.0,"timestamp":1609979266,"path_taken":["M","?","?","$","M","R","M","R","T","E","M","R","?","?","R","BOSS","?","?","?","?","?","E","?","?","T","?","?","E","T","?","T","BOSS","?","T","?","T","?","T","?","E","T","?","?","?","?","?","T","BOSS"],"items_purchased_type":["Relic","Card","Relic","Card"],"build_version":"2020-12-22","purchased_purges":1,"victory":true,"max_hp_per_floor":[75,75,75,75,75,75,75,75,75,75,75,75,75,75,75,75,75,75,75,75,75,75,75,75,75,75,75,75,75,75,75,75,75,75,75,75,75,75,75,75,75,75,75,75,75,75,77,79,79,79],"card_choices":[{"not_picked":["RefractionSpark","WitchLeyline"],"picked":"MysteriousBeam","floor":1},{"not_picked":["LuminesStrike","ManaConvection"],"picked":"DoubleSpark","floor":2},{"not_picked":["ChargingUp","StarDustReverie"],"picked":"StarBarrage","floor":3},{"not_picked":["GravityBeat","IllusionStar"],"picked":"6A","floor":5},{"not_picked":["UnstableBomb","MysteriousBeam"],"picked":"OrrerysSun","floor":7},{"not_picked":["EnergyRecoil","MachineGunSpark"],"picked":"SporeBomb","floor":10},{"not_picked":["RefractionSpark","EarthLightRay"],"picked":"NonDirectionalLaser","floor":11},{"not_picked":["BlazingStar","UltimateShortwave"],"picked":"CasketOfStar","floor":16},{"not_picked":["MysteriousBeam","DC+1"],"picked":"ShootingEcho+1","floor":18},{"not_picked":["EventHorizon+1","DoubleSpark+1"],"picked":"AsteroidBelt+1","floor":19},{"not_picked":["StarBarrage","GravityBeat"],"picked":"DeepEcoloBomb","floor":20},{"not_picked":["GravityBeat","UltimateShortwave"],"picked":"PropBag","floor":21},{"not_picked":["WitchLeyline","DC"],"picked":"DoubleSpark+1","floor":23},{"not_picked":["Orbital","OortCloud"],"picked":"6A","floor":25},{"not_picked":["DoubleSpark","DC","WitchLeyline"],"picked":"SKIP","floor":27},{"not_picked":["LuminesStrike","Orbital","StarBarrage"],"picked":"SKIP","floor":29},{"not_picked":["FinalSpark","BlazingStar"],"picked":"MillisecondPulsars","floor":33},{"not_picked":["OpenUniverse"],"picked":"SKIP","floor":35},{"not_picked":["PowerUp"],"picked":"SKIP","floor":37},{"not_picked":[],"picked":"MilkyWay","floor":39},{"not_picked":["GalacticHalo+1"],"picked":"SKIP","floor":42},{"not_picked":[],"picked":"SprinkleStarSeal","floor":46},{"not_picked":["ChargingUp+1"],"picked":"Singing Bowl","floor":47},{"not_picked":["GravityBeat+1"],"picked":"Singing Bowl","floor":48}],"player_experience":750018,"relics_obtained":[{"floor":9,"key":"Tiny Chest"},{"floor":10,"key":"Bottled Flame"},{"floor":14,"key":"Pantograph"},{"floor":22,"key":"Enchiridion"},{"floor":23,"key":"DemoMod:PoisonVial"},{"floor":24,"key":"Pet Ghost"},{"floor":26,"key":"Bag of Preparation"},{"floor":29,"key":"Gremlin Food"},{"floor":42,"key":"ReplayTheSpireMod:Lightbulb"},{"floor":43,"key":"Replay:Bottled Flurry"},{"floor":44,"key":"Singing Bowl"},{"floor":45,"key":"Orichalcum"}],"event_choices":[{"damage_healed":0,"gold_gain":0,"player_choice":"Box","damage_taken":0,"relics_obtained":["Lantern"],"max_hp_gain":0,"max_hp_loss":0,"event_name":"Big Fish","floor":0,"gold_loss":0,"cards_obtained":["Regret"]},{"damage_healed":0,"gold_gain":0,"player_choice":"Grow","damage_taken":0,"max_hp_gain":0,"max_hp_loss":0,"event_name":"Living Wall","floor":13,"gold_loss":0,"cards_upgraded":["MasterSpark"]},{"damage_healed":0,"gold_gain":0,"player_choice":"Obtained Book","damage_taken":16,"max_hp_gain":0,"max_hp_loss":0,"event_name":"Cursed Tome","floor":22,"gold_loss":0},{"damage_healed":0,"gold_gain":99,"player_choice":"Stole From Cult","damage_taken":0,"max_hp_gain":0,"max_hp_loss":0,"event_name":"Nest","floor":28,"gold_loss":0},{"damage_healed":0,"gold_gain":0,"player_choice":"Forge","damage_taken":0,"max_hp_gain":0,"max_hp_loss":0,"event_name":"Accursed Blacksmith","floor":31,"gold_loss":0,"cards_upgraded":["PropBag"]},{"damage_healed":0,"gold_gain":0,"player_choice":"Copied","damage_taken":0,"max_hp_gain":0,"max_hp_loss":0,"event_name":"Duplicator","floor":41,"gold_loss":0,"cards_obtained":["PropBag"]},{"damage_healed":0,"gold_gain":0,"player_choice":"Relic","damage_taken":0,"max_hp_gain":0,"max_hp_loss":0,"event_name":"Wheel of Change","floor":45,"gold_loss":0}],"is_beta":false,"boss_relics":[{"not_picked":["sagemod:Falmels_Amulet","Velvet Choker"],"picked":"Replay:Grab Bag"},{"not_picked":["Runic Dome","Abe\u0027s Treasure"],"picked":"Replay:Bronze Core"},{"not_picked":["Replay:Fungal Core","ReplayTheSpireMod:DimensionalGlitch"],"picked":"Painkiller Herb"},{"not_picked":["Kintsugi","Snecko Eye"],"picked":"theSenshi:MoonKaleidoScopeRelic"},{"not_picked":["Ring of Chaos","Tiny House"],"picked":"Busted Crown"}],"items_purged_floors":[4],"is_endless":false,"potions_floor_spawned":[3,5,19,21,25,35,39,48],"ascension_level":5}}