{"host":"d8hh7rr4yzitjeuj","time":1609985036,"event":{"mods":["2.2 Compatiblity","AchievementEnabler","Act Like it!","BaseMod","Colored Map","Colored Powertips","Highlight Path","Keyboard Shortcuts","Minty Spire (QoL Compilation)","Permanent Neow","Quick Restart","StSLib","SuperFastMode"],"gold_per_floor":[17,36,49,64,79,79,79,79,79,92,92,112,147,162,162,256,256,269,269,269,143,167,167,207,207,207,225,244,78,113,39,39,134,134,159,223,223,237,268,309,309,324,351,351,351,351],"floor_reached":45,"playtime":1576,"items_purged":["Strike_B"],"score":970,"play_id":"523ed86f-cdf2-4288-a088-1fa51dfe0c06","local_time":"20210107110356","is_ascension_mode":true,"campfire_choices":[{"data":"Chaos","floor":6.0,"key":"SMITH"},{"floor":8.0,"key":"REST"},{"data":"Sunder","floor":11.0,"key":"SMITH"},{"data":"Chaos","floor":15.0,"key":"SMITH"},{"floor":23.0,"key":"RECALL"},{"floor":25.0,"key":"REST"},{"floor":32,"key":"REST"},{"floor":41,"key":"REST"},{"floor":44,"key":"REST"}],"circlet_count":0,"master_deck":["AscendersBane","Defend_B","Defend_B","Defend_B","Zap","Dualcast","Stack","Chaos+1","White Noise","Coolheaded","Self Repair","Rebound","BootSequence","Sunder+1","Cold Snap","Chaos+1","Coolheaded","Buffer","Capacitor","Rainbow","Core Surge","Capacitor","Turbo","Compile Driver","Biased Cognition","Aggregate","Barrage","Undo","Core Surge","Stack","Consume+1","Redo+1","Hologram"],"relics":["Cracked Core","Golden Idol","Meat on the Bone","Torii","Fusion Hammer","Question Card","Letter Opener","Lee\u0027s Waffle","Bottled Lightning","Nuclear Battery","Du-Vu Doll","Mango","MealTicket"],"acts_visited":["Exordium","TheCity","TheBeyond"],"potions_floor_usage":[33,45],"damage_taken":[{"damage":5.0,"enemies":"2 Louse","floor":1.0,"turns":2.0},{"damage":15.0,"enemies":"Small Slimes","floor":2.0,"turns":4.0},{"damage":5.0,"enemies":"Jaw Worm","floor":3.0,"turns":4.0},{"damage":17.0,"enemies":"Lots of Slimes","floor":4.0,"turns":5.0},{"damage":14.0,"enemies":"Looter","floor":5.0,"turns":4.0},{"damage":18.0,"enemies":"Large Slime","floor":10.0,"turns":7.0},{"damage":7.0,"enemies":"Blue Slaver","floor":12.0,"turns":4.0},{"damage":33.0,"enemies":"Gremlin Nob","floor":13.0,"turns":4.0},{"damage":2.0,"enemies":"Looter","floor":14.0,"turns":3.0},{"damage":29.0,"enemies":"Slime Boss","floor":16.0,"turns":9.0},{"damage":11.0,"enemies":"Spheric Guardian","floor":18.0,"turns":4.0},{"damage":13.0,"enemies":"3 Byrds","floor":22.0,"turns":4.0},{"damage":35.0,"enemies":"Slavers","floor":24.0,"turns":12.0},{"damage":18.0,"enemies":"Snake Plant","floor":27.0,"turns":3.0},{"damage":27.0,"enemies":"Centurion and Healer","floor":28.0,"turns":6.0},{"damage":29.0,"enemies":"Book of Stabbing","floor":30.0,"turns":7.0},{"damage":9,"enemies":"Collector","floor":33,"turns":9},{"damage":17,"enemies":"3 Shapes","floor":35,"turns":3},{"damage":50,"enemies":"2 Orb Walkers","floor":36,"turns":5},{"damage":2,"enemies":"Orb Walker","floor":38,"turns":4},{"damage":6,"enemies":"Mind Bloom Boss Battle","floor":39,"turns":6},{"damage":30,"enemies":"Nemesis","floor":40,"turns":9},{"damage":11,"enemies":"3 Darklings","floor":42,"turns":7},{"damage":76,"enemies":"Reptomancer","floor":45,"turns":2}],"seed_played":"-3204088136298373538","potions_obtained":[{"floor":1.0,"key":"DistilledChaos"},{"floor":5.0,"key":"Explosive Potion"},{"floor":10.0,"key":"FocusPotion"},{"floor":16.0,"key":"Weak Potion"},{"floor":27.0,"key":"Strength Potion"},{"floor":28.0,"key":"BlessingOfTheForge"},{"floor":33,"key":"GamblersBrew"},{"floor":39,"key":"PowerPotion"}],"is_trial":false,"path_per_floor":["M","M","M","M","M","R","?","R","T","M","R","M","E","M","R","B",null,"M","?","?","$","M","R","E","R","T","M","M","$","E","$","R","B",null,"M","?","?","M","?","E","R","M","T","R","E"],"character_chosen":"DEFECT","items_purchased":["Turbo","Lee\u0027s Waffle","Undo"],"campfire_rested":5,"item_purchase_floors":[21,29,31],"current_hp_per_floor":[59,44,39,29,22,22,22,41,41,42,42,42,21,31,31,21,53,42,42,42,42,48,48,39,58,58,40,32,71,49,49,70,68,70,53,22,58,56,71,48,69,65,65,72,0,0],"gold":351,"neow_bonus":"TRANSFORM_TWO_CARDS","is_daily":false,"chose_seed":false,"campfire_upgraded":3,"win_rate":0.0,"timestamp":1609985036,"path_taken":["M","M","M","M","M","R","?","R","T","M","R","M","E","M","R","BOSS","M","?","?","$","M","R","E","R","T","M","?","$","E","$","R","BOSS","M","?","?","M","?","E","R","M","T","R","E"],"items_purchased_type":["Card","Relic","Card"],"build_version":"2020-12-22","purchased_purges":1,"victory":false,"max_hp_per_floor":[71,71,71,71,71,71,64,64,64,64,64,64,64,64,64,64,64,64,64,64,64,64,64,64,64,64,64,64,71,71,71,71,71,71,71,71,58,58,72,72,72,72,72,72,72,72],"card_choices":[{"not_picked":["Turbo","Cold Snap"],"picked":"White Noise","floor":1.0},{"not_picked":["Tempest","Chill"],"picked":"Coolheaded","floor":2.0},{"not_picked":["Conserve Battery","Turbo"],"picked":"Self Repair","floor":3.0},{"not_picked":["Recycle","FTL"],"picked":"Rebound","floor":4.0},{"not_picked":["Static Discharge","Conserve Battery"],"picked":"BootSequence","floor":5.0},{"not_picked":["Double Energy","Lockon"],"picked":"Sunder","floor":10.0},{"not_picked":["Rebound","Gash"],"picked":"Cold Snap","floor":12.0},{"not_picked":["Auto Shields","Stack"],"picked":"Chaos","floor":13.0},{"not_picked":["Stack","Thunder Strike"],"picked":"Coolheaded","floor":14.0},{"not_picked":["Multi-Cast","Meteor Strike"],"picked":"Buffer","floor":16.0},{"not_picked":["Chill","Undo"],"picked":"Capacitor","floor":18.0},{"not_picked":["Chaos","Turbo+1"],"picked":"Compile Driver","floor":22.0},{"not_picked":["Undo","Barrage"],"picked":"Biased Cognition","floor":24.0},{"not_picked":["Ball Lightning+1","Compile Driver","Barrage"],"picked":"Aggregate","floor":27.0},{"not_picked":["FTL","Ball Lightning","Streamline","Beam Cell"],"picked":"SKIP","floor":28.0},{"not_picked":["Fusion","Streamline","Rainbow"],"picked":"Barrage","floor":30},{"not_picked":["All For One","Hyperbeam","Meteor Strike"],"picked":"Core Surge","floor":33},{"not_picked":["Gash","Auto Shields","Scrape"],"picked":"Stack","floor":35},{"not_picked":["Barrage+1","Turbo","Leap"],"picked":"Consume+1","floor":36},{"not_picked":["Chill","Conserve Battery","Redo","Consume"],"picked":"SKIP","floor":38},{"not_picked":["Hello World","Turbo+1","Machine Learning"],"picked":"Redo+1","floor":39},{"not_picked":["Conserve Battery","Stack","Streamline+1"],"picked":"Hologram","floor":40},{"not_picked":["Streamline+1","Heatsinks","Rebound","Scrape"],"picked":"SKIP","floor":42}],"player_experience":1422155,"relics_obtained":[{"floor":9.0,"key":"Meat on the Bone"},{"floor":13.0,"key":"Torii"},{"floor":24.0,"key":"Question Card"},{"floor":26.0,"key":"Letter Opener"},{"floor":30,"key":"Bottled Lightning"},{"floor":36,"key":"Du-Vu Doll"},{"floor":39,"key":"Mango"},{"floor":40,"key":"MealTicket"}],"event_choices":[{"damage_healed":0.0,"max_hp_gain":0.0,"max_hp_loss":7.0,"gold_gain":0.0,"event_name":"Golden Idol","player_choice":"Lose Max HP","floor":7.0,"gold_loss":0.0,"damage_taken":0.0,"relics_obtained":["Golden Idol"]},{"damage_healed":0.0,"max_hp_gain":0.0,"max_hp_loss":0.0,"gold_gain":0.0,"cards_transformed":["Strike_B","Strike_B"],"event_name":"Drug Dealer","player_choice":"Became Test Subject","floor":19.0,"gold_loss":0.0,"damage_taken":0.0,"cards_obtained":["Rainbow","Core Surge"]},{"damage_healed":0.0,"max_hp_gain":0.0,"max_hp_loss":0.0,"gold_gain":0.0,"event_name":"Duplicator","player_choice":"Copied","floor":20.0,"gold_loss":0.0,"damage_taken":0.0,"cards_obtained":["Capacitor"]},{"damage_healed":0,"gold_gain":0,"player_choice":"Fight","damage_taken":0,"max_hp_gain":0,"max_hp_loss":0,"event_name":"Mysterious Sphere","floor":36,"gold_loss":0},{"damage_healed":58,"gold_gain":0,"player_choice":"Heal","damage_taken":0,"max_hp_gain":0,"max_hp_loss":13,"event_name":"The Moai Head","floor":37,"gold_loss":0},{"damage_healed":0,"gold_gain":0,"player_choice":"Fight","damage_taken":0,"max_hp_gain":0,"max_hp_loss":0,"event_name":"MindBloom","floor":39,"gold_loss":0}],"is_beta":false,"boss_relics":[{"not_picked":["Runic Pyramid","SacredBark"],"picked":"Fusion Hammer"},{"not_picked":["Snecko Eye","Coffee Dripper"],"picked":"Nuclear Battery"}],"items_purged_floors":[21],"is_endless":false,"potions_floor_spawned":[1,5,10,12,16,27,28,33,36,39,40,42],"killed_by":"Reptomancer","ascension_level":20}}