{"host":"b7j598ve05halrwk","time":1609983420,"event":{"mods":["2.2 Compatiblity","BaseMod","Block Reminder","DeckTracker","Minty Spire (QoL Compilation)","Relic Stats","Slay the Relics Exporter","StSLib","ojb\u0027s Better Paths Mod","ojb\u0027s Info Mod"],"gold_per_floor":[109,109,127,147,164,193,211,244,244,244,244],"floor_reached":10,"playtime":474,"items_purged":[],"score":160,"play_id":"fe575eb1-b110-49bb-ac36-0b61091aea47","local_time":"20210106203700","is_ascension_mode":true,"campfire_choices":[],"circlet_count":0,"master_deck":["AscendersBane","Strike_B","Strike_B","Strike_B","Defend_B","Defend_B","Defend_B","Defend_B","Zap","Dualcast","Ball Lightning","Ball Lightning","Reinforced Body","Static Discharge","Go for the Eyes","Beam Cell","Hologram"],"relics":["Cracked Core","NeowsBlessing","Symbiotic Virus","Vajra","MealTicket"],"acts_visited":["Exordium"],"potions_floor_usage":[7,10,10],"damage_taken":[{"damage":0,"enemies":"Jaw Worm","floor":1,"turns":1},{"damage":0,"enemies":"Cultist","floor":3,"turns":1},{"damage":0,"enemies":"2 Louse","floor":4,"turns":1},{"damage":2,"enemies":"Exordium Wildlife","floor":5,"turns":3},{"damage":36,"enemies":"3 Sentries","floor":6,"turns":5},{"damage":1,"enemies":"Blue Slaver","floor":7,"turns":2},{"damage":20,"enemies":"Lagavulin","floor":8,"turns":6},{"damage":8,"enemies":"3 Sentries","floor":10,"turns":2}],"seed_played":"7985549865308296648","potions_obtained":[{"floor":1,"key":"Ancient Potion"},{"floor":4,"key":"SneckoOil"},{"floor":6,"key":"Fire Potion"},{"floor":8,"key":"PowerPotion"}],"is_trial":false,"path_per_floor":["M","?","M","M","M","E","M","E","T","E"],"character_chosen":"DEFECT","items_purchased":[],"campfire_rested":0,"item_purchase_floors":[],"current_hp_per_floor":[64,64,64,64,62,26,25,5,5,0,0],"gold":244,"neow_bonus":"THREE_ENEMY_KILL","is_daily":false,"chose_seed":false,"campfire_upgraded":0,"win_rate":0.0,"timestamp":1609983420,"path_taken":["M","?","M","M","M","E","M","E","T","E"],"items_purchased_type":[],"build_version":"2020-12-22","purchased_purges":0,"victory":false,"max_hp_per_floor":[71,71,71,71,71,71,71,71,71,71,71],"relic_stats":{"counters":[8,21],"MealTicket":0,"obtain_stats":[{"NeowsBlessing":0,"Vajra":8,"MealTicket":9,"Cracked Core":0,"Symbiotic Virus":6},{"NeowsBlessing":0,"Vajra":7,"MealTicket":7,"Cracked Core":0,"Symbiotic Virus":5},{"NeowsBlessing":0,"Vajra":19,"MealTicket":19,"Cracked Core":0,"Symbiotic Virus":11}]},"card_choices":[{"not_picked":["Loop","Recycle"],"picked":"Ball Lightning","floor":1},{"not_picked":["Capacitor","Doom and Gloom"],"picked":"Ball Lightning","floor":3},{"not_picked":["Coolheaded","Hologram"],"picked":"Reinforced Body","floor":4},{"not_picked":["Chill","Gash"],"picked":"Static Discharge","floor":5},{"not_picked":["Stack","Darkness"],"picked":"Go for the Eyes","floor":6},{"not_picked":["Sweeping Beam","Meteor Strike"],"picked":"Beam Cell","floor":7},{"not_picked":["Stack","Coolheaded"],"picked":"Hologram","floor":8}],"player_experience":840913,"relics_obtained":[{"floor":6,"key":"Symbiotic Virus"},{"floor":8,"key":"Vajra"},{"floor":9,"key":"MealTicket"}],"event_choices":[{"cards_removed":["Strike_B"],"damage_healed":0,"gold_gain":0,"player_choice":"Offered Basic","damage_taken":0,"max_hp_gain":0,"max_hp_loss":0,"event_name":"Bonfire Elementals","floor":2,"gold_loss":0}],"is_beta":false,"boss_relics":[],"items_purged_floors":[],"is_endless":false,"potions_floor_spawned":[1,4,6,8],"killed_by":"3 Sentries","ascension_level":20}}