{"host":"hca6liskeo7s99fa","time":1609988037,"event":{"mods":["BaseMod","Downfall","Hermit","Minty Spire (QoL Compilation)","Replay The Spire","StSLib","The Cursed","The Dragon Tamer","The Servant 0.9.4"],"gold_per_floor":[363,111,130,130,51,51,82,102,102,102,102,121,121,134,134,234,234,248,248,248,30,46,46,10,10,10,20,30,64,64,84,84,84,84],"floor_reached":33,"playtime":2505,"items_purged":["hermit:FullyLoaded"],"score":265,"play_id":"b3ef5e64-9bdf-4ab8-8448-1fe4af32db5a","local_time":"20210106215357","is_ascension_mode":false,"campfire_choices":[{"data":"hermit:Reprieve","floor":6,"key":"SMITH"},{"data":"hermit:Grudge","floor":13,"key":"SMITH"},{"data":"hermit:Snipe","floor":15,"key":"SMITH"},{"data":"hermit:EternalForm","floor":23,"key":"SMITH"},{"data":"hermit:OverwhelmingPower","floor":25,"key":"SMITH"}],"circlet_count":0,"master_deck":["hermit:Snapshot","hermit:Covet","hermit:CursedWeapon+1","hermit:NoHoldsBarred","hermit:Reprieve+1","hermit:Enervate","hermit:Grudge+1","Normality","hermit:Snipe+1","hermit:NoHoldsBarred","hermit:BlackWind","hermit:OverwhelmingPower+1","hermit:EternalForm+1","hermit:Roughhouse","hermit:HighCaliber","hermit:DeadMansHand","hermit:BodyArmor","hermit:Shortfuse","hermit:GhostlyPresence","hermit:CursedWeapon","hermit:HighCaliber+1","expansioncontent:SuperHexaguard","hermit:LuckOfTheDraw","hermit:HeroicBravado","hermit:Roulette","hermit:CalledShot","hermit:PistolWhip+1"],"relics":["hermit:Momento","Kunai","Chameleon Ring","Nunchaku","Ring of Peace","ReplayTheSpireMod:Ring of Addiction","SacredBark","Toy Ornithopter","Pandora\u0027s Box","Omamori","Replay:Wax Seal","BargainBundle","Gremlin Horn","InkBottle"],"acts_visited":["Exordium","TheCity"],"potions_floor_usage":[3,8,12,14,16,16,18,22,22,28,29,33,33],"damage_taken":[{"damage":0,"enemies":"2 Louse","floor":1,"turns":2},{"damage":3,"enemies":"Jaw Worm","floor":3,"turns":3},{"damage":11,"enemies":"3 Sentries","floor":7,"turns":5},{"damage":0,"enemies":"Small Slimes","floor":8,"turns":1},{"damage":6,"enemies":"Exordium Wildlife","floor":12,"turns":3},{"damage":0,"enemies":"3 Louse","floor":14,"turns":2},{"damage":38,"enemies":"The Guardian","floor":16,"turns":12},{"damage":44,"enemies":"Spheric Guardian","floor":18,"turns":6},{"damage":3,"enemies":"2 Thieves","floor":22,"turns":3},{"damage":16,"enemies":"Shelled Parasite and Fungi","floor":27,"turns":4},{"damage":8,"enemies":"Chosen and Byrds","floor":28,"turns":4},{"damage":45,"enemies":"Gremlin Leader","floor":29,"turns":6},{"damage":0,"enemies":"Snecko","floor":31,"turns":3},{"damage":26,"enemies":"Automaton","floor":33,"turns":3}],"seed_played":"-4119276868063949145","potions_obtained":[{"floor":1,"key":"Fire Potion"},{"floor":7,"key":"LiquidMemories"},{"floor":8,"key":"GamblersBrew"},{"floor":10,"key":"AttackPotion"},{"floor":10,"key":"Venom Potion"},{"floor":14,"key":"Weak Potion"},{"floor":16,"key":"Toxic Potion"},{"floor":28,"key":"AttackPotion"},{"floor":32,"key":"SteroidPotion"},{"floor":32,"key":"DuplicationPotion"}],"is_trial":false,"path_per_floor":["M","$","M","?","$","R","E","M","T","?","$","M","R","M","R","B",null,"M","?","T","$","M","R","$","R","T","M","M","E","?","M","R","B"],"character_chosen":"HERMIT","items_purchased":["Kunai","hermit:Reprieve","Replay:Wax Seal","BargainBundle","expansioncontent:SuperHexaguard","Weak Potion","SpeedPotion","hermit:Tonic","hermit:LuckOfTheDraw"],"campfire_rested":0,"item_purchase_floors":[2,5,21,21,21,21,21,21,24],"current_hp_per_floor":[75,75,72,72,72,72,61,65,65,65,65,69,69,75,75,45,75,40,40,40,40,55,55,55,55,55,43,48,12,12,12,12,0,0],"gold":84,"neow_bonus":"TWO_FIFTY_GOLD","is_daily":false,"chose_seed":false,"campfire_upgraded":5,"win_rate":0.0,"timestamp":1609988037,"path_taken":["M","$","M","?","$","R","E","M","T","?","?","M","R","M","R","BOSS","M","?","?","$","M","R","$","R","T","M","M","E","?","M","R","BOSS"],"items_purchased_type":["Relic","Card","Relic","Relic","Card","Potion","Potion","Potion","Card"],"build_version":"2020-12-22","purchased_purges":1,"victory":false,"max_hp_per_floor":[75,75,75,75,75,75,75,75,75,75,75,75,75,75,75,75,75,75,75,75,75,73,73,73,73,71,71,71,71,71,71,71,69,69],"card_choices":[{"not_picked":["hermit:Virtue","hermit:Gestalt"],"picked":"hermit:CursedWeapon","floor":1},{"not_picked":["hermit:ShadowCloak","hermit:WideOpen"],"picked":"hermit:NoHoldsBarred","floor":3},{"not_picked":["hermit:TakeAim","hermit:NoHoldsBarred"],"picked":"hermit:Enervate","floor":7},{"not_picked":["hermit:PistolWhip","hermit:Spite"],"picked":"hermit:Grudge","floor":8},{"not_picked":["hermit:Coalescence","hermit:Enervate"],"picked":"hermit:Snipe","floor":12},{"not_picked":["hermit:Desperado","hermit:BodyArmor"],"picked":"hermit:NoHoldsBarred","floor":14},{"not_picked":["hermit:Adapt","hermit:HighNoon"],"picked":"hermit:BlackWind","floor":16},{"not_picked":["hermit:Feint","hermit:Headshot"],"picked":"hermit:HighCaliber+1","floor":18},{"not_picked":["hermit:LoneWolf","hermit:CalledShot","hermit:Feint"],"picked":"SKIP","floor":22},{"not_picked":["hermit:Horror","hermit:Quickdraw"],"picked":"hermit:HeroicBravado","floor":27},{"not_picked":["hermit:TakeCover","hermit:Headshot+1"],"picked":"hermit:Roulette","floor":28},{"not_picked":["hermit:Combo+1","hermit:Glare+1"],"picked":"hermit:CalledShot","floor":29},{"not_picked":["hermit:WideOpen","hermit:Midnight"],"picked":"hermit:PistolWhip+1","floor":31}],"player_experience":249463,"relics_obtained":[{"floor":7,"key":"Chameleon Ring"},{"floor":9,"key":"Nunchaku"},{"floor":10,"key":"Ring of Peace"},{"floor":10,"key":"ReplayTheSpireMod:Ring of Addiction"},{"floor":10,"key":"SacredBark"},{"floor":10,"key":"Toy Ornithopter"},{"floor":20,"key":"Omamori"},{"floor":26,"key":"Gremlin Horn"},{"floor":29,"key":"InkBottle"}],"event_choices":[{"damage_healed":0,"gold_gain":0,"player_choice":"Grow","damage_taken":0,"max_hp_gain":0,"max_hp_loss":0,"event_name":"Living Wall","floor":4,"gold_loss":0,"cards_upgraded":["hermit:CursedWeapon"]},{"damage_healed":0,"gold_gain":0,"player_choice":"Ignored","damage_taken":0,"max_hp_gain":0,"max_hp_loss":0,"event_name":"Cursed Tome","floor":19,"gold_loss":0},{"damage_healed":0,"gold_gain":0,"player_choice":"Smashed Altar","damage_taken":0,"max_hp_gain":0,"max_hp_loss":0,"event_name":"Forgotten Altar","floor":30,"gold_loss":0,"cards_obtained":["Decay"]}],"is_beta":false,"boss_relics":[{"not_picked":["Ectoplasm","Calling Bell"],"picked":"Pandora\u0027s Box"}],"items_purged_floors":[21],"is_endless":false,"potions_floor_spawned":[1,7,8,14,16,28],"killed_by":"Automaton","ascension_level":0}}