{"host":"oeeu8njhzvf3llor","time":1609978550,"event":{"mods":["BaseMod","Better Match","Better Note","Better Skull","Better Third Choice","Hubris","Minty Spire (QoL Compilation)","Rare Cards Sparkle","Replay The Spire","Shop Mod","Spicy Shops","StSLib","Swap Starting Deck Mod"],"gold_per_floor":[113,126,143,1,21,51,64,90,90,117,134,134,152,152,152,248,248,264,264,276,33,48,73,73],"floor_reached":23,"playtime":926,"items_purged":["Strike_B","Strike_B"],"score":249,"play_id":"54450b1a-370d-4ad4-91db-4c9589e5cf41","local_time":"20210106191550","is_ascension_mode":true,"campfire_choices":[{"floor":12.0,"key":"REST"}],"circlet_count":0,"master_deck":["Strike_B","Strike_B","Defend_B","Defend_B","Defend_B","Defend_B","Zap","Dualcast","Conserve Battery","Capacitor","hubris:Ukulele","Loop+1","Sweeping Beam","Static Discharge","Thunder Strike","Undo","Leap+1"],"relics":["Cracked Core","Darkstone Periapt","Replay:Multitool","Blue Doll","Bottled Flame","Busted Crown","Runic Capacitor","ReplayFunnel"],"acts_visited":["Exordium","TheCity"],"potions_floor_usage":[],"damage_taken":[{"damage":1.0,"enemies":"Cultist","floor":1.0,"turns":3.0},{"damage":1.0,"enemies":"2 Louse","floor":2.0,"turns":3.0},{"damage":3.0,"enemies":"Small Slimes","floor":3.0,"turns":4.0},{"damage":0.0,"enemies":"Looter","floor":5.0,"turns":3.0},{"damage":14.0,"enemies":"Lagavulin","floor":6.0,"turns":7.0},{"damage":9.0,"enemies":"Lots of Slimes","floor":7.0,"turns":4.0},{"damage":2.0,"enemies":"Replay:BlueRogue","floor":8.0,"turns":5.0},{"damage":23.0,"enemies":"Lagavulin","floor":10.0,"turns":7.0},{"damage":13.0,"enemies":"3 Louse","floor":11.0,"turns":3.0},{"damage":20.0,"enemies":"Exordium Wildlife","floor":13.0,"turns":4.0},{"damage":0.0,"enemies":"Looter","floor":14.0,"turns":1.0},{"damage":20.0,"enemies":"The Guardian","floor":16.0,"turns":10.0},{"damage":23.0,"enemies":"Shell Parasite","floor":18.0,"turns":5.0},{"damage":23.0,"enemies":"2 Thieves","floor":20.0,"turns":3.0},{"damage":33,"enemies":"Shelled Parasite and Fungi","floor":22,"turns":4},{"damage":14,"enemies":"Replay:Snechameleon","floor":23,"turns":7}],"seed_played":"-5304374689511428746","potions_obtained":[{"floor":0.0,"key":"EssenceOfDarkness"},{"floor":0.0,"key":"FairyPotion"},{"floor":0.0,"key":"Flashbang"},{"floor":1.0,"key":"SmokeBomb"},{"floor":20.0,"key":"Elixir"},{"floor":23,"key":"PotionOfCapacity"}],"is_trial":false,"path_per_floor":["M","M","M","$","M","E","M","E","T","E","M","R","M","M","R","B",null,"M","?","M","$","M","E"],"character_chosen":"DEFECT","items_purchased":["hubris:Ukulele","Runic Capacitor"],"campfire_rested":1,"item_purchase_floors":[4,21],"current_hp_per_floor":[74,73,70,70,70,56,47,45,45,22,9,31,11,11,33,13,75,52,57,34,34,1,13,13],"gold":73,"neow_bonus":"THREE_SMALL_POTIONS","is_daily":false,"chose_seed":false,"campfire_upgraded":0,"win_rate":0.0,"timestamp":1609978550,"path_taken":["M","?","M","$","M","E","M","E","T","E","M","R","M","M","R","BOSS","M","?","M","$","M","E"],"items_purchased_type":["Card","Relic"],"build_version":"2020-12-22","purchased_purges":2,"victory":false,"max_hp_per_floor":[75,75,75,75,75,75,75,75,75,75,75,75,75,75,75,75,75,75,75,75,75,75,75,75],"card_choices":[{"not_picked":["Steam","Panic Button"],"picked":"Conserve Battery","floor":1.0},{"not_picked":["Gash","Conserve Battery"],"picked":"Capacitor","floor":2.0},{"not_picked":["Tempest","Double Energy"],"picked":"Beam Cell","floor":3.0},{"not_picked":["Hologram","Blizzard"],"picked":"Loop","floor":5.0},{"not_picked":["Multi-Cast","Gash","Barrage"],"picked":"SKIP","floor":6.0},{"not_picked":["Steam","Streamline"],"picked":"Sweeping Beam","floor":7.0},{"not_picked":["Blizzard","Steam","Glacier"],"picked":"SKIP","floor":8.0},{"not_picked":["Rebound","Coolheaded"],"picked":"Static Discharge","floor":10.0},{"not_picked":["Coolheaded","Steam Power","Force Field"],"picked":"SKIP","floor":11.0},{"not_picked":["Heatsinks","Compile Driver","Coolheaded"],"picked":"SKIP","floor":13.0},{"not_picked":["ReplayTheSpireMod:Fabricate Wheel","Hyperbeam"],"picked":"Thunder Strike","floor":16.0},{"not_picked":["Force Field"],"picked":"SKIP","floor":18.0},{"not_picked":["Chill"],"picked":"SKIP","floor":20.0},{"not_picked":[],"picked":"Undo","floor":22},{"not_picked":[],"picked":"Leap+1","floor":23}],"player_experience":492493,"relics_obtained":[{"floor":6.0,"key":"Darkstone Periapt"},{"floor":8.0,"key":"Replay:Multitool"},{"floor":9.0,"key":"Blue Doll"},{"floor":10.0,"key":"Bottled Flame"},{"floor":23,"key":"ReplayFunnel"}],"event_choices":[{"cards_removed":["Beam Cell"],"damage_healed":5.0,"max_hp_gain":0.0,"max_hp_loss":0.0,"gold_gain":0.0,"event_name":"Bonfire Elementals","player_choice":"Offered Common","floor":19.0,"gold_loss":0.0,"damage_taken":0.0},{"cards_removed":["Beam Cell"],"damage_healed":5.0,"max_hp_gain":0.0,"max_hp_loss":0.0,"gold_gain":0.0,"event_name":"Bonfire Elementals","player_choice":"Offered Special","floor":19.0,"gold_loss":0.0,"damage_taken":0.0}],"is_beta":false,"boss_relics":[{"not_picked":["Replay:Drink Me","Replay:Grab Bag"],"picked":"Busted Crown"}],"items_purged_floors":[4,21],"is_endless":false,"potions_floor_spawned":[1,5,6,8,13,14,20,23],"killed_by":"Replay:Snechameleon","ascension_level":1}}