{"host":"dzit4ljil6490tuf","time":1609978624,"event":{"mods":["BaseMod","Downfall","Hermit","Hubris","Marisa????????","Minty Spire (QoL Compilation)","StSLib","The Cursed","The Runesmith","The Servant 0.9.4"],"gold_per_floor":[109,109,109,109,124,124,21,41,92,9,25,39,39,39,39,137,137,152,171,17,32,32,32,32],"floor_reached":23,"playtime":1285,"items_purged":[],"score":204,"play_id":"257684ea-bfc4-4995-9a45-e1c43bb84fb2","local_time":"20210107011704","is_ascension_mode":false,"campfire_choices":[{"data":"Runesmith:CraftIncendium","floor":6.0,"key":"SMITH"},{"floor":13.0,"key":"REST"},{"floor":15.0,"key":"REST"}],"circlet_count":0,"master_deck":["Runesmith:Strike_RS","Runesmith:Strike_RS","Runesmith:Strike_RS","Runesmith:Defend_RS","Runesmith:Defend_RS","Runesmith:Defend_RS","Runesmith:Defend_RS","Runesmith:CraftFirestone","Runesmith:Fortify","Runesmith:HeatedChisel","Runesmith:CraftIncendium+1","Runesmith:CraftMagma","Runesmith:ChaoticBlast","Runesmith:EnergizedChisel","Runesmith:BackupBattery","Runesmith:ChaoticBlast","Runesmith:RunicBlueprint","Runesmith:HeatedChisel","Runesmith:LightningRod","Runesmith:HeatedChisel","Runesmith:RuneHurl","Runesmith:LithiumIon","Runesmith:FissionHammer","Runesmith:HeatedChisel+1"],"relics":["Runesmith:BrokenRuby","White Beast Statue","hubris:Towel","Odd Mushroom","Runesmith:EmergencyProvisions","hubris:ScarierMask"],"acts_visited":["Exordium","TheCity"],"potions_floor_usage":[],"damage_taken":[{"damage":3.0,"enemies":"2 Louse","floor":1.0,"turns":3.0},{"damage":5.0,"enemies":"Small Slimes","floor":5.0,"turns":4.0},{"damage":29.0,"enemies":"The Mushroom Lair","floor":8.0,"turns":6.0},{"damage":9.0,"enemies":"Jaw Worm","floor":11.0,"turns":3.0},{"damage":10.0,"enemies":"Looter","floor":12.0,"turns":4.0},{"damage":45.0,"enemies":"Hexaghost","floor":16.0,"turns":8.0},{"damage":23.0,"enemies":"Spheric Guardian","floor":18.0,"turns":5.0},{"damage":8,"enemies":"Shell Parasite","floor":19,"turns":6},{"damage":4,"enemies":"Sentry and Sphere","floor":21,"turns":3},{"damage":46,"enemies":"Book of Stabbing","floor":23,"turns":5}],"seed_played":"-5750566738953698341","potions_obtained":[{"floor":5.0,"key":"LiquidBronze"},{"floor":8.0,"key":"Explosive Potion"},{"floor":11.0,"key":"EssenceOfSteel"},{"floor":21,"key":"hexamod:EctoCoolerPotion"}],"is_trial":false,"path_per_floor":["M","?","?","?","M","R","$","?","T","$","M","M","R","$","R","B",null,"M","M","$","M","$","E"],"character_chosen":"RUNESMITH_CLASS","items_purchased":["Runesmith:CraftMagma","Runesmith:ChaoticBlast","Runesmith:BackupBattery","Runesmith:ChaoticBlast","Runesmith:LithiumIon","Runesmith:FissionHammer"],"campfire_rested":2,"item_purchase_floors":[7,7,10,10,20,20],"current_hp_per_floor":[74,67,60,60,55,55,55,26,26,26,17,7,30,30,53,8,77,54,46,46,42,42,0,0],"gold":32,"neow_bonus":"TEN_PERCENT_HP_BONUS","is_daily":false,"chose_seed":false,"campfire_upgraded":1,"win_rate":0.0,"timestamp":1609978624,"path_taken":["M","?","?","?","?","R","$","?","T","$","M","M","R","$","R","BOSS","M","M","$","M","$","E"],"items_purchased_type":["Card","Card","Card","Card","Card","Card"],"build_version":"2020-12-22","purchased_purges":0,"victory":false,"max_hp_per_floor":[77,77,77,77,77,77,77,77,77,77,77,77,77,77,77,77,77,77,77,77,77,77,77,77],"card_choices":[{"not_picked":["Runesmith:CraftProtectio","Runesmith:BackupBattery"],"picked":"Runesmith:HeatedChisel","floor":1.0},{"not_picked":["Runesmith:Overpower","Runesmith:LithiumIon"],"picked":"Runesmith:CraftIncendium","floor":5.0},{"not_picked":["Runesmith:CraftProtectio","Runesmith:MakeshiftArmor"],"picked":"Runesmith:EnergizedChisel","floor":8.0},{"not_picked":["Runesmith:BackupBattery","Runesmith:Permafrost"],"picked":"Runesmith:RunicBlueprint","floor":11.0},{"not_picked":["Runesmith:EnergizedChisel","Runesmith:Repurpose"],"picked":"Runesmith:HeatedChisel","floor":12.0},{"not_picked":["Runesmith:DuctTape","Runesmith:GrandSlam"],"picked":"Runesmith:LightningRod","floor":16.0},{"not_picked":["Runesmith:EnergizedChisel+1","Runesmith:Repurpose"],"picked":"Runesmith:HeatedChisel","floor":18.0},{"not_picked":["Runesmith:NanitesCloud+1","Runesmith:CraftProtectio"],"picked":"Runesmith:RuneHurl","floor":19},{"not_picked":["Runesmith:CraftIncendium+1","Runesmith:ChargedHammer"],"picked":"Runesmith:HeatedChisel+1","floor":21}],"player_experience":541417,"relics_obtained":[{"floor":8.0,"key":"Odd Mushroom"},{"floor":9.0,"key":"Runesmith:EmergencyProvisions"}],"event_choices":[{"damage_healed":0.0,"max_hp_gain":0.0,"max_hp_loss":0.0,"gold_gain":0.0,"event_name":"Scrap Ooze","player_choice":"Success","floor":2.0,"gold_loss":0.0,"damage_taken":7.0,"relics_obtained":["White Beast Statue"]},{"cards_removed":["Runesmith:Strike_RS"],"damage_healed":0.0,"max_hp_gain":0.0,"max_hp_loss":0.0,"gold_gain":0.0,"event_name":"Golden Wing","player_choice":"Card Removal","floor":3.0,"gold_loss":0.0,"damage_taken":7.0},{"damage_healed":0.0,"max_hp_gain":0.0,"max_hp_loss":0.0,"gold_gain":0.0,"event_name":"Mushrooms","player_choice":"Fought Mushrooms","floor":8.0,"gold_loss":0.0,"damage_taken":0.0}],"is_beta":false,"boss_relics":[{"not_picked":["Busted Crown","hubris:CrackedHourglass"],"picked":"hubris:ScarierMask"}],"items_purged_floors":[],"is_endless":false,"potions_floor_spawned":[5,8,11,12,16,18,19,21],"killed_by":"Book of Stabbing","ascension_level":0}}