{"host":"x7xd4wkamhrqrrvw","time":1609998598,"event":{"mods":["BaseMod","Minty Spire (QoL Compilation)","StSLib"],"gold_per_floor":[115,115,135,150,160,190,266,293,365,399,399,414,414,431,431,532,532,550,550,585,585,215,248,248,261,336,381,428,505,537,582,582,682,682,700,743,332,380,390,452,180,224,224,224,224,224,280,280,280,280,280,280,51,82,82],"floor_reached":56,"playtime":2647,"items_purged":["Defend_P","Strike_P","Strike_P","Defend_P+1"],"score":2172,"play_id":"a1665594-f544-4e1b-88d7-17f5055be35e","local_time":"20210107034958","is_ascension_mode":true,"campfire_choices":[{"data":"WheelKick","floor":11,"key":"SMITH"},{"data":"Vigilance","floor":13,"key":"SMITH"},{"floor":15,"key":"RECALL"},{"data":"Protect","floor":24,"key":"SMITH"},{"data":"Defend_P","floor":32,"key":"SMITH"},{"data":"Strike_P","floor":44,"key":"PURGE"},{"data":"Defend_P","floor":46,"key":"PURGE"},{"data":"Defend_P","floor":49,"key":"PURGE"},{"data":"Eruption","floor":52,"key":"PURGE"}],"circlet_count":0,"master_deck":["Vigilance+1","WheelKick+1","Scrawl","Wish+1","Protect+1","Wallop+1","Ragnarok","WheelKick","Wish","Swivel+1","WheelKick"],"relics":["Snecko Eye","Ginger","White Beast Statue","Dream Catcher","Mummified Hand","Prayer Wheel","Cursed Key","Damaru","Pen Nib","Omamori","HornCleat","Thread and Needle","Fusion Hammer","Peace Pipe","Centennial Puzzle","Strawberry","Bag of Preparation","Lantern"],"acts_visited":["Exordium","TheCity","TheBeyond","TheEnding"],"potions_floor_usage":[6,8,8,10,12,16,16,23,23,23,28,31,33,38,38,40,50,54,55,55,55],"damage_taken":[{"damage":11,"enemies":"Cultist","floor":1,"turns":6},{"damage":0,"enemies":"Jaw Worm","floor":3,"turns":1},{"damage":0,"enemies":"2 Louse","floor":4,"turns":1},{"damage":0,"enemies":"2 Fungi Beasts","floor":5,"turns":2},{"damage":0,"enemies":"Lagavulin","floor":6,"turns":2},{"damage":2,"enemies":"Gremlin Nob","floor":8,"turns":3},{"damage":0,"enemies":"Lagavulin","floor":10,"turns":4},{"damage":0,"enemies":"Gremlin Gang","floor":12,"turns":3},{"damage":0,"enemies":"Exordium Thugs","floor":14,"turns":4},{"damage":30,"enemies":"Slime Boss","floor":16,"turns":5},{"damage":0,"enemies":"2 Thieves","floor":18,"turns":4},{"damage":5,"enemies":"Shell Parasite","floor":20,"turns":5},{"damage":0,"enemies":"Book of Stabbing","floor":23,"turns":3},{"damage":0,"enemies":"3 Cultists","floor":25,"turns":3},{"damage":0,"enemies":"Snake Plant","floor":27,"turns":2},{"damage":0,"enemies":"Sentry and Sphere","floor":28,"turns":3},{"damage":0,"enemies":"Slavers","floor":30,"turns":5},{"damage":0,"enemies":"Cultist and Chosen","floor":31,"turns":3},{"damage":0,"enemies":"Collector","floor":33,"turns":3},{"damage":0,"enemies":"Orb Walker","floor":35,"turns":2},{"damage":1,"enemies":"3 Shapes","floor":36,"turns":3},{"damage":0,"enemies":"Spire Growth","floor":38,"turns":1},{"damage":4,"enemies":"4 Shapes","floor":39,"turns":3},{"damage":0,"enemies":"Nemesis","floor":40,"turns":4},{"damage":2,"enemies":"3 Darklings","floor":42,"turns":3},{"damage":0,"enemies":"Reptomancer","floor":47,"turns":5},{"damage":0,"enemies":"Donu and Deca","floor":50,"turns":2},{"damage":2,"enemies":"Shield and Spear","floor":54,"turns":2},{"damage":0,"enemies":"The Heart","floor":55,"turns":4}],"seed_played":"3712554932436869867","potions_obtained":[{"floor":1,"key":"Energy Potion"},{"floor":4,"key":"Ambrosia"},{"floor":6,"key":"SteroidPotion"},{"floor":8,"key":"FearPotion"},{"floor":10,"key":"Fire Potion"},{"floor":12,"key":"BlessingOfTheForge"},{"floor":14,"key":"BlessingOfTheForge"},{"floor":16,"key":"DistilledChaos"},{"floor":18,"key":"BlessingOfTheForge"},{"floor":20,"key":"FearPotion"},{"floor":23,"key":"Dexterity Potion"},{"floor":25,"key":"Ambrosia"},{"floor":27,"key":"Energy Potion"},{"floor":28,"key":"SteroidPotion"},{"floor":30,"key":"DuplicationPotion"},{"floor":31,"key":"SteroidPotion"},{"floor":33,"key":"DuplicationPotion"},{"floor":36,"key":"Ambrosia"},{"floor":38,"key":"Fruit Juice"},{"floor":39,"key":"ColorlessPotion"},{"floor":40,"key":"DistilledChaos"},{"floor":54,"key":"SpeedPotion"}],"is_trial":false,"path_per_floor":["M","?","M","M","M","E","T","E","T","E","R","M","R","M","R","B",null,"M","?","M","?","$","E","R","M","T","M","M","T","E","M","R","B",null,"M","M","$","M","M","E","$","M","T","R","?","R","E","?","R","B",null,"R","$","E","B",null],"character_chosen":"WATCHER","items_purchased":["Damaru","Pen Nib","Peace Pipe","Strawberry","DistilledChaos"],"campfire_rested":0,"item_purchase_floors":[22,22,37,41,53],"current_hp_per_floor":[54,47,47,47,47,47,47,45,45,45,45,45,45,45,45,15,58,58,58,53,53,53,53,53,53,53,53,53,53,53,53,53,53,67,67,66,66,71,67,67,74,72,72,72,72,72,72,72,72,72,78,78,78,76,76],"gold":82,"neow_bonus":"BOSS_RELIC","is_daily":false,"chose_seed":false,"campfire_upgraded":4,"win_rate":0.0,"timestamp":1609998598,"path_taken":["M","?","M","M","M","E","?","E","T","E","R","?","R","M","R","BOSS","M","?","M","?","$","E","R","?","T","M","M","?","E","M","R","BOSS","M","M","$","M","M","E","$","M","T","R","?","R","E","?","R","BOSS","R","$","E","BOSS"],"items_purchased_type":["Relic","Relic","Relic","Relic","Potion"],"build_version":"2020-12-22","purchased_purges":4,"victory":true,"max_hp_per_floor":[72,72,72,72,72,72,72,72,72,72,72,72,72,72,72,72,72,72,72,72,72,72,72,72,72,72,72,72,72,72,72,72,72,72,72,72,72,77,77,77,84,84,84,84,80,80,80,80,80,80,80,80,80,80,80],"card_choices":[{"not_picked":["FlyingSleeves","TalkToTheHand"],"picked":"WheelKick","floor":1},{"not_picked":["ThirdEye","Fasting2","Consecrate"],"picked":"SKIP","floor":3},{"not_picked":["FlurryOfBlows","Sanctity","BowlingBash"],"picked":"SKIP","floor":4},{"not_picked":["Study","ThirdEye","EmptyBody"],"picked":"SKIP","floor":5},{"not_picked":["CrushJoints","Weave","ThirdEye"],"picked":"SKIP","floor":6},{"not_picked":["EmptyFist","Protect"],"picked":"Scrawl","floor":8},{"not_picked":["WindmillStrike","EmptyFist","Tantrum"],"picked":"SKIP","floor":10},{"not_picked":["WreathOfFlame","PathToVictory","LikeWater"],"picked":"SKIP","floor":12},{"not_picked":["Meditate","FlurryOfBlows","WindmillStrike"],"picked":"SKIP","floor":12},{"not_picked":["ClearTheMind","CarveReality","EmptyBody"],"picked":"SKIP","floor":14},{"not_picked":["EmptyBody","ClearTheMind","EmptyFist"],"picked":"SKIP","floor":14},{"not_picked":["LessonLearned","Establishment"],"picked":"Wish","floor":16},{"not_picked":["BowlingBash","TalkToTheHand"],"picked":"Protect","floor":18},{"not_picked":["Tantrum+1","Pray","Halt"],"picked":"SKIP","floor":18},{"not_picked":["Wireheading+1","Establishment","FollowUp"],"picked":"SKIP","floor":20},{"not_picked":["FlurryOfBlows","SandsOfTime","TalkToTheHand"],"picked":"SKIP","floor":20},{"not_picked":["EmptyFist","Wireheading","PathToVictory"],"picked":"SKIP","floor":23},{"not_picked":["Wireheading","Evaluate+1","CutThroughFate"],"picked":"SKIP","floor":25},{"not_picked":["Worship+1","BowlingBash","Conclude+1"],"picked":"SKIP","floor":25},{"not_picked":["Consecrate","FlyingSleeves+1"],"picked":"Wallop+1","floor":27},{"not_picked":["Prostrate","Brilliance","Evaluate"],"picked":"SKIP","floor":27},{"not_picked":["PathToVictory","Consecrate","CrushJoints"],"picked":"SKIP","floor":28},{"not_picked":["Fasting2","JustLucky","BowlingBash"],"picked":"SKIP","floor":28},{"not_picked":["Sanctity","BowlingBash","Prostrate"],"picked":"SKIP","floor":30},{"not_picked":["EmptyBody+1","JustLucky","Crescendo+1"],"picked":"SKIP","floor":31},{"not_picked":["LikeWater+1","Study","CrushJoints"],"picked":"SKIP","floor":31},{"not_picked":["LessonLearned","Brilliance"],"picked":"Ragnarok","floor":33},{"not_picked":["WaveOfTheHand","Protect","PathToVictory"],"picked":"SKIP","floor":35},{"not_picked":["Weave+1","ForeignInfluence+1","SignatureMove+1"],"picked":"SKIP","floor":35},{"not_picked":["Wireheading+1","FearNoEvil","LikeWater+1"],"picked":"SKIP","floor":36},{"not_picked":["FlurryOfBlows","BowlingBash","Wireheading"],"picked":"SKIP","floor":36},{"not_picked":["Worship+1","EmptyFist"],"picked":"WheelKick","floor":38},{"not_picked":["Protect+1","Study+1","FlurryOfBlows+1"],"picked":"SKIP","floor":38},{"not_picked":["WheelKick+1","BowlingBash+1"],"picked":"Wish","floor":39},{"not_picked":["CrushJoints+1","FollowUp","ForeignInfluence"],"picked":"SKIP","floor":39},{"not_picked":["JustLucky+1","Brilliance","BattleHymn"],"picked":"SKIP","floor":40},{"not_picked":["CrushJoints","SignatureMove+1","Perseverance"],"picked":"SKIP","floor":42},{"not_picked":["BattleHymn+1","FlurryOfBlows+1","ClearTheMind+1"],"picked":"SKIP","floor":42},{"not_picked":["Evaluate+1","FlyingSleeves"],"picked":"Swivel+1","floor":47},{"not_picked":["WaveOfTheHand+1","TalkToTheHand+1"],"picked":"WheelKick","floor":54}],"player_experience":268917,"relics_obtained":[{"floor":6,"key":"Ginger"},{"floor":7,"key":"White Beast Statue"},{"floor":8,"key":"Dream Catcher"},{"floor":9,"key":"Mummified Hand"},{"floor":10,"key":"Prayer Wheel"},{"floor":23,"key":"Omamori"},{"floor":26,"key":"HornCleat"},{"floor":30,"key":"Thread and Needle"},{"floor":40,"key":"Centennial Puzzle"},{"floor":47,"key":"Bag of Preparation"},{"floor":54,"key":"Lantern"}],"event_choices":[{"cards_removed":["Strike_P"],"damage_healed":0,"gold_gain":0,"player_choice":"Card Removal","damage_taken":7,"max_hp_gain":0,"max_hp_loss":0,"event_name":"Golden Wing","floor":2,"gold_loss":0},{"damage_healed":0,"gold_gain":0,"player_choice":"Ignored","damage_taken":0,"max_hp_gain":0,"max_hp_loss":0,"event_name":"Vampires","floor":19,"gold_loss":0},{"damage_healed":0,"gold_gain":0,"player_choice":"Forge","damage_taken":0,"max_hp_gain":0,"max_hp_loss":0,"event_name":"Accursed Blacksmith","floor":21,"gold_loss":0,"cards_upgraded":["Wish"]},{"damage_healed":0,"gold_gain":0,"player_choice":"Max HP","damage_taken":0,"max_hp_gain":0,"max_hp_loss":4,"event_name":"Winding Halls","floor":45,"gold_loss":0},{"damage_healed":0,"gold_gain":0,"player_choice":"Memory 1","damage_taken":0,"max_hp_gain":0,"max_hp_loss":0,"event_name":"SensoryStone","floor":48,"gold_loss":0}],"is_beta":false,"boss_relics":[{"not_picked":["VioletLotus","Runic Pyramid"],"picked":"Cursed Key"},{"not_picked":["Pandora\u0027s Box","Coffee Dripper"],"picked":"Fusion Hammer"}],"items_purged_floors":[22,37,41,53],"is_endless":false,"potions_floor_spawned":[1,4,6,8,10,12,14,16,18,20,23,25,27,28,30,31,33,35,36,38,39,40,42,47,54],"ascension_level":8}}