{"host":"c5452fuijzdtmpqe","time":1609992749,"event":{"mods":["BaseMod","Better Third Choice","Colored Map","Colored Powertips","Downfall","Evolution","Googly Eyes","Highlight Path","Minty Spire (QoL Compilation)","Shop Mod","StSLib","SuperFastMode"],"gold_per_floor":[99,99,110,129,149,249,275,200,220,236,264,277,277,113,126,230,230,30,47,75,75,94,110,110,110,110,110],"floor_reached":25,"playtime":1172,"items_purged":[],"score":205,"play_id":"bfeddd7a-b434-41ea-ba35-1689d0beb319","local_time":"20210106231229","is_ascension_mode":false,"campfire_choices":[{"data":"Slimebound:Tackle","floor":1,"key":"SMITH"},{"floor":8,"key":"RECALL"},{"data":"Slimebound:ProtectTheBoss","floor":18,"key":"SMITH"}],"circlet_count":0,"master_deck":["Slimebound:Strike_Slimebound","Slimebound:Strike_Slimebound","Slimebound:Strike_Slimebound","Slimebound:Tackle+1","Slimebound:Defend_Slimebound","Slimebound:Defend_Slimebound","Slimebound:Defend_Slimebound","Slimebound:Defend_Slimebound","Slimebound:Split+1","Slimebound:CorrosiveSpit","Good Instincts","Slimebound:ProtectTheBoss+1","Slimebound:GoopSpray","Slimebound:Equalize","Slimebound:ViciousTackle","Slimebound:SamplingLick","Slimebound:LeechEnergy","Slimebound:GoopTackle","Slimebound:SamplingLick","Slimebound:SplitBruiser","Slimebound:SplitMire","Slimebound:FinishingTackle","Slimebound:Repurpose","Slimebound:MassRepurpose","Slimebound:ItLooksTasty+1","Slimebound:LeechEnergy","Slimebound:SplitBruiser","Slimebound:SplitMire"],"relics":["Slimebound:AbsorbEndCombat","EVO:Axolotl","downfall:HeartBlessingBlue","Ginger","Slimebound:GreedOozeRelic","Black Star","downfall:HeartBlessingRed","downfall:HeartBlessingGreen","Red Mask","Pen Nib"],"acts_visited":["Exordium","TheCity"],"potions_floor_usage":[11,11,22,22,23,25],"damage_taken":[{"damage":17,"enemies":"Jaw Worm","floor":3,"turns":3},{"damage":9,"enemies":"Cultist","floor":4,"turns":3},{"damage":16,"enemies":"Small Slimes","floor":5,"turns":3},{"damage":26,"enemies":"Lots of Slimes","floor":9,"turns":3},{"damage":18,"enemies":"3 Louse","floor":10,"turns":2},{"damage":38,"enemies":"3 Sentries","floor":11,"turns":7},{"damage":21,"enemies":"2 Fungi Beasts","floor":12,"turns":4},{"damage":12,"enemies":"downfall:FleeingMerchant","floor":14,"turns":4},{"damage":14,"enemies":"Exordium Wildlife","floor":15,"turns":3},{"damage":37,"enemies":"downfall:Watcher","floor":16,"turns":6},{"damage":19,"enemies":"Spheric Guardian","floor":19,"turns":3},{"damage":51,"enemies":"Masked Bandits","floor":20,"turns":5},{"damage":19,"enemies":"Chosen","floor":22,"turns":2},{"damage":30,"enemies":"Centurion and Healer","floor":23,"turns":6},{"damage":48,"enemies":"Shelled Parasite and Fungi","floor":25,"turns":4}],"seed_played":"-444126163356324015","potions_obtained":[{"floor":9,"key":"Slimebound:SlimedPotion"},{"floor":10,"key":"AttackPotion"},{"floor":15,"key":"Fire Potion"},{"floor":16,"key":"Swift Potion"},{"floor":20,"key":"Slimebound:SlimedPotion"},{"floor":23,"key":"hexamod:EctoCoolerPotion"}],"is_trial":false,"path_per_floor":["R","?","M","M","M","?","T","R","M","M","E","M","?","$","M","B",null,"R","M","?","?","M","M","T","M"],"character_chosen":"SLIMEBOUND","items_purchased":["Slimebound:SplitBruiser","Slimebound:SplitMire","Slimebound:FinishingTackle"],"campfire_rested":0,"item_purchase_floors":[14,14,14],"current_hp_per_floor":[60,60,53,56,52,52,52,62,48,44,26,19,19,27,31,22,70,70,70,29,29,18,32,32,0,0,0],"gold":110,"neow_bonus":"RANDOM_COLORLESS","is_daily":false,"chose_seed":false,"campfire_upgraded":2,"win_rate":0.0,"timestamp":1609992749,"path_taken":["R","?","M","M","?","?","T","R","M","M","E","M","?","$","M","BOSS","R","M","?","?","M","M","T","?"],"items_purchased_type":["Card","Card","Card"],"build_version":"2020-12-22","purchased_purges":0,"victory":false,"max_hp_per_floor":[60,60,60,60,60,60,60,70,70,70,70,70,70,70,70,70,70,70,70,70,70,70,70,70,70,70,70],"card_choices":[{"not_picked":["expansioncontent:Chronoboost","Impatience"],"picked":"Good Instincts","floor":0},{"not_picked":["Slimebound:LeadByExample","Slimebound:SplitBruiser"],"picked":"Slimebound:ProtectTheBoss","floor":3},{"not_picked":["Slimebound:SplitBruiser","Slimebound:LeechingTouch"],"picked":"Slimebound:GoopSpray","floor":4},{"not_picked":["Slimebound:Schlurp","Slimebound:RallyTheTroops"],"picked":"Slimebound:Equalize","floor":5},{"not_picked":["Slimebound:Grow","Slimebound:PressTheAttack"],"picked":"Slimebound:ViciousTackle","floor":9},{"not_picked":["Slimebound:SplitBruiser","Slimebound:GrowthPunch"],"picked":"Slimebound:SamplingLick","floor":10},{"not_picked":["Slimebound:LeadByExample","Slimebound:LeechingTouch"],"picked":"Slimebound:LeechEnergy","floor":11},{"not_picked":["Slimebound:ViciousTackle","Slimebound:SlimeSpikes"],"picked":"Slimebound:GoopTackle","floor":12},{"not_picked":["Slimebound:MinionMaster","Slimebound:Gluttony"],"picked":"Slimebound:SamplingLick","floor":14},{"not_picked":["Slimebound:GrowthPunch","Slimebound:Schlurp"],"picked":"Slimebound:Repurpose","floor":15},{"not_picked":["Slimebound:OozeBath","Slimebound:PrepareCrush"],"picked":"Slimebound:MassRepurpose","floor":16},{"not_picked":["Slimebound:FinishingTackle","Slimebound:SlimeSpikes"],"picked":"Slimebound:ItLooksTasty+1","floor":19},{"not_picked":["Slimebound:ComboTackle+1","Slimebound:FinishingTackle"],"picked":"Slimebound:LeechEnergy","floor":20},{"not_picked":["Slimebound:SamplingLick","Slimebound:ComboTackle"],"picked":"Slimebound:SplitBruiser","floor":22},{"not_picked":["Slimebound:ComboTackle","Slimebound:TongueLash"],"picked":"Slimebound:SplitMire","floor":23}],"player_experience":505040,"relics_obtained":[{"floor":11,"key":"Ginger"},{"floor":20,"key":"Red Mask"},{"floor":24,"key":"Pen Nib"}],"event_choices":[{"damage_healed":0,"gold_gain":0,"player_choice":"Forge","damage_taken":0,"max_hp_gain":0,"max_hp_loss":0,"event_name":"Accursed Blacksmith","floor":2,"gold_loss":0,"cards_upgraded":["Slimebound:Split"]},{"damage_healed":0,"gold_gain":0,"player_choice":"Fought Bandits","damage_taken":0,"max_hp_gain":0,"max_hp_loss":0,"event_name":"Masked Bandits","floor":20,"gold_loss":0},{"damage_healed":0,"gold_gain":0,"player_choice":"Got Potions","damage_taken":0,"max_hp_gain":0,"max_hp_loss":0,"event_name":"Lab","floor":21,"gold_loss":0}],"is_beta":false,"boss_relics":[{"not_picked":["Pandora\u0027s Box","Snecko Eye"],"picked":"Black Star"}],"items_purged_floors":[],"is_endless":false,"potions_floor_spawned":[9,10,15,16,20,23],"killed_by":"Shelled Parasite and Fungi","ascension_level":0}}