{"host":"x7n7968bn9ekn290","time":1609994816,"event":{"mods":["AchievementEnabler","BaseMod","Colored Map","Colored Powertips","Googly Eyes","Highlight Path","Minty Spire (QoL Compilation)","Quick Restart","Rare Cards Sparkle","Relic Stats","ShortenTheSpire","Spire Birthday Party","slay the spire mod where everything is the same but ironclad has a cowboy hat"],"gold_per_floor":[114,131,142,156,170,170,25,53,79,79,95,12,27,45,45,149,149,166,178,189,0,18,18,48,62,62,62,12,12,24,224,224,224,224],"floor_reached":33,"playtime":1525,"items_purged":["Dagger Throw"],"score":273,"play_id":"846be2ce-d8a0-409b-bf0d-710a0dc902d7","local_time":"20210106204656","is_ascension_mode":false,"campfire_choices":[{"data":"Slice","floor":6,"key":"SMITH"},{"floor":10,"key":"REST"},{"floor":15,"key":"REST"},{"floor":23,"key":"REST"},{"floor":27,"key":"REST"},{"floor":32,"key":"REST"}],"circlet_count":0,"master_deck":["Strike_G","Strike_G","Strike_G","Strike_G","Strike_G","Defend_G","Defend_G","Defend_G","Defend_G","Defend_G","Survivor","Neutralize","Sucker Punch","All Out Attack","Slice+1","PiercingWail","Poisoned Stab","Deadly Poison","Accuracy","Blade Dance","Deadly Poison","Venomology","Quick Slash+1","Deadly Poison+1","Accuracy","Deflect","Poisoned Stab","Sucker Punch"],"relics":["Ring of the Snake","Nunchaku","Snake Skull","Tough Bandages","Smiling Mask","Lee\u0027s Waffle","Lantern","Bottled Tornado"],"acts_visited":["Exordium","TheCity"],"potions_floor_usage":[16,16,18,19,19,20,22,24,24,25,33],"damage_taken":[{"damage":1,"enemies":"Cultist","floor":1,"turns":5},{"damage":6,"enemies":"Small Slimes","floor":2,"turns":4},{"damage":1,"enemies":"2 Louse","floor":3,"turns":3},{"damage":0,"enemies":"Lots of Slimes","floor":4,"turns":1},{"damage":3,"enemies":"Large Slime","floor":5,"turns":6},{"damage":25,"enemies":"Gremlin Nob","floor":8,"turns":5},{"damage":0,"enemies":"Looter","floor":11,"turns":3},{"damage":7,"enemies":"Exordium Thugs","floor":13,"turns":4},{"damage":0,"enemies":"Blue Slaver","floor":14,"turns":3},{"damage":21,"enemies":"Hexaghost","floor":16,"turns":7},{"damage":14,"enemies":"2 Thieves","floor":18,"turns":3},{"damage":0,"enemies":"Chosen","floor":19,"turns":5},{"damage":34,"enemies":"Centurion and Healer","floor":20,"turns":9},{"damage":42,"enemies":"Cultist and Chosen","floor":22,"turns":7},{"damage":40,"enemies":"Gremlin Leader","floor":24,"turns":7},{"damage":0,"enemies":"Snake Plant","floor":25,"turns":3},{"damage":0,"enemies":"Snecko","floor":30,"turns":4},{"damage":79,"enemies":"Collector","floor":33,"turns":5}],"seed_played":"-6700033583441864190","potions_obtained":[{"floor":5,"key":"Ancient Potion"},{"floor":8,"key":"PowerPotion"},{"floor":13,"key":"SkillPotion"},{"floor":16,"key":"Weak Potion"},{"floor":18,"key":"DuplicationPotion"},{"floor":22,"key":"Fire Potion"},{"floor":30,"key":"Dexterity Potion"}],"is_trial":false,"path_per_floor":["M","M","M","M","M","R","$","E","T","R","M","$","M","M","R","B",null,"M","M","M","$","M","R","E","M","T","R","$","?","M","?","R","B"],"character_chosen":"THE_SILENT","items_purchased":["Snake Skull","Deadly Poison","Accuracy","Lee\u0027s Waffle","Accuracy"],"campfire_rested":5,"item_purchase_floors":[7,12,12,21,21],"current_hp_per_floor":[69,63,62,62,59,59,59,34,34,55,55,55,48,48,69,48,70,56,56,22,77,35,58,18,18,18,41,41,41,41,41,64,0,0],"gold":224,"neow_bonus":"RANDOM_COMMON_RELIC","is_daily":false,"chose_seed":false,"campfire_upgraded":1,"win_rate":0.0,"timestamp":1609994816,"path_taken":["M","M","M","M","M","R","$","E","T","R","?","$","M","M","R","BOSS","M","M","M","$","M","R","E","M","T","R","?","?","M","?","R","BOSS"],"items_purchased_type":["Relic","Card","Card","Relic","Card"],"build_version":"2020-12-22","purchased_purges":1,"victory":false,"max_hp_per_floor":[70,70,70,70,70,70,70,70,70,70,70,70,70,70,70,70,70,70,70,70,77,77,77,77,77,77,77,77,77,77,77,77,77,77],"relic_stats":{"Nunchaku":[19],"Tough Bandages":[99],"Lee\u0027s Waffle":55,"counters":[18,84],"Snake Skull":[46],"Smiling Mask":25,"obtain_stats":[{"Nunchaku":0,"Tough Bandages":8,"Lee\u0027s Waffle":21,"Lantern":24,"Snake Skull":7,"Bottled Tornado":26,"Smiling Mask":9,"Ring of the Snake":0},{"Nunchaku":0,"Tough Bandages":6,"Lee\u0027s Waffle":13,"Lantern":15,"Snake Skull":5,"Bottled Tornado":16,"Smiling Mask":6,"Ring of the Snake":0},{"Nunchaku":0,"Tough Bandages":24,"Lee\u0027s Waffle":58,"Lantern":72,"Snake Skull":19,"Bottled Tornado":75,"Smiling Mask":24,"Ring of the Snake":0}],"Ring of the Snake":[36]},"card_choices":[{"not_picked":["Quick Slash","Prepared"],"picked":"Sucker Punch","floor":1},{"not_picked":["Well Laid Plans","Eviscerate"],"picked":"All Out Attack","floor":2},{"not_picked":["Accuracy","PiercingWail"],"picked":"Slice","floor":3},{"not_picked":["Burst","Well Laid Plans"],"picked":"PiercingWail","floor":4},{"not_picked":["Noxious Fumes","Heel Hook"],"picked":"Dagger Throw","floor":5},{"not_picked":["Quick Slash","All Out Attack"],"picked":"Poisoned Stab","floor":8},{"not_picked":["Distraction","Flying Knee","Backflip"],"picked":"SKIP","floor":11},{"not_picked":["Glass Knife","Cloak And Dagger"],"picked":"Blade Dance","floor":13},{"not_picked":["Crippling Poison","Acrobatics"],"picked":"Deadly Poison","floor":14},{"not_picked":["Doppelganger","Burst"],"picked":"Venomology","floor":16},{"not_picked":["Masterful Stab","PiercingWail","Calculated Gamble"],"picked":"SKIP","floor":18},{"not_picked":["Underhanded Strike","Acrobatics"],"picked":"Quick Slash+1","floor":19},{"not_picked":["Dagger Throw+1","Tactician"],"picked":"Deadly Poison+1","floor":20},{"not_picked":["Malaise","Flechettes"],"picked":"Deflect","floor":22},{"not_picked":["Dodge and Roll","Noxious Fumes"],"picked":"Poisoned Stab","floor":24},{"not_picked":["Skewer+1","Reflex","Prepared"],"picked":"SKIP","floor":25},{"not_picked":["Underhanded Strike+1","Deflect"],"picked":"Sucker Punch","floor":30}],"player_experience":26089,"relics_obtained":[{"floor":8,"key":"Tough Bandages"},{"floor":9,"key":"Smiling Mask"},{"floor":24,"key":"Lantern"},{"floor":26,"key":"Bottled Tornado"}],"event_choices":[{"damage_healed":0,"gold_gain":0,"player_choice":"Ignored","damage_taken":0,"max_hp_gain":0,"max_hp_loss":0,"event_name":"Ghosts","floor":29,"gold_loss":0},{"damage_healed":0,"gold_gain":200,"player_choice":"Gold","damage_taken":0,"max_hp_gain":0,"max_hp_loss":0,"event_name":"Wheel of Change","floor":31,"gold_loss":0}],"is_beta":false,"boss_relics":[{"not_picked":["Ectoplasm","Fusion Hammer","Coffee Dripper"]}],"items_purged_floors":[28],"is_endless":false,"potions_floor_spawned":[5,8,13,14,16,18,22,30],"killed_by":"Collector","ascension_level":0}}