{"host":"sav7uxregyirlf69","time":1609994204,"event":{"mods":["AchievementEnabler","BaseMod","Colored Map","DeckTracker","Keyboard Shortcuts","Minty Spire (QoL Compilation)","READ ME - Guardian Mod","StSLib","SuperFastMode"],"gold_per_floor":[114,125,125,148,128,128,162,162,162,187,202,202,216,239,239,239,239],"floor_reached":16,"playtime":277,"items_purged":[],"score":208,"play_id":"3ab537c3-e92d-401c-b993-acbd2bb3871b","local_time":"20210107133644","is_ascension_mode":true,"campfire_choices":[{"data":"Deadly Poison","floor":6,"key":"SMITH"},{"floor":8,"key":"REST"},{"floor":12,"key":"REST"},{"data":"Neutralize","floor":15,"key":"SMITH"}],"circlet_count":0,"master_deck":["AscendersBane","Strike_G","Strike_G","Strike_G","Strike_G","Strike_G","Defend_G","Defend_G","Defend_G","Defend_G","Defend_G","Survivor","Neutralize+1","Leg Sweep","Predator","Deadly Poison+1","Backflip+1","Phantasmal Killer+1","Blur+1","Calculated Gamble+1"],"relics":["Ring of the Snake","Ancient Tea Set","Golden Idol","Toxic Egg 2","Ornamental Fan"],"acts_visited":["Exordium"],"potions_floor_usage":[7,16,16],"damage_taken":[{"damage":2,"enemies":"Small Slimes","floor":1,"turns":5},{"damage":3,"enemies":"Cultist","floor":2,"turns":4},{"damage":0,"enemies":"Jaw Worm","floor":4,"turns":6},{"damage":29,"enemies":"Lagavulin","floor":7,"turns":6},{"damage":4,"enemies":"Red Slaver","floor":10,"turns":3},{"damage":4,"enemies":"Exordium Thugs","floor":11,"turns":5},{"damage":0,"enemies":"Large Slime","floor":13,"turns":4},{"damage":0,"enemies":"Exordium Wildlife","floor":14,"turns":4},{"damage":36,"enemies":"Hexaghost","floor":16,"turns":11}],"seed_played":"7224006457294800401","potions_obtained":[{"floor":1,"key":"GhostInAJar"},{"floor":2,"key":"LiquidBronze"},{"floor":4,"key":"Strength Potion"},{"floor":11,"key":"GamblersBrew"}],"is_trial":false,"path_per_floor":["M","M","?","M","?","R","E","R","T","M","M","R","M","M","R","B"],"character_chosen":"THE_SILENT","items_purchased":[],"campfire_rested":2,"item_purchase_floors":[],"current_hp_per_floor":[57,54,31,31,31,31,2,21,21,17,13,32,32,32,32,0,0],"gold":239,"neow_bonus":"RANDOM_COMMON_RELIC","is_daily":false,"chose_seed":false,"campfire_upgraded":2,"win_rate":0.0,"timestamp":1609994204,"path_taken":["M","M","?","M","?","R","E","R","T","?","M","R","M","M","R","BOSS"],"items_purchased_type":[],"build_version":"2020-12-22","purchased_purges":0,"victory":false,"max_hp_per_floor":[66,66,66,66,66,66,66,66,66,66,66,66,66,66,66,66,66],"card_choices":[{"not_picked":["Bane","Expertise"],"picked":"Leg Sweep","floor":1},{"not_picked":["Acrobatics","Backstab"],"picked":"Predator","floor":2},{"not_picked":["Dagger Spray","Infinite Blades"],"picked":"Deadly Poison","floor":4},{"not_picked":["Flying Knee","Endless Agony","Cloak And Dagger+1"],"picked":"SKIP","floor":7},{"not_picked":["Acrobatics+1","Deadly Poison+1"],"picked":"Backflip+1","floor":10},{"not_picked":["Prepared+1","Flying Knee"],"picked":"Phantasmal Killer+1","floor":11},{"not_picked":["Footwork","PiercingWail+1"],"picked":"Blur+1","floor":13},{"not_picked":["Flying Knee","Predator"],"picked":"Calculated Gamble+1","floor":14}],"player_experience":1170638,"relics_obtained":[{"floor":7,"key":"Toxic Egg 2"},{"floor":9,"key":"Ornamental Fan"}],"event_choices":[{"damage_healed":0,"gold_gain":0,"player_choice":"Take Damage","damage_taken":23,"relics_obtained":["Golden Idol"],"max_hp_gain":0,"max_hp_loss":0,"event_name":"Golden Idol","floor":3,"gold_loss":0},{"damage_healed":0,"gold_gain":0,"player_choice":"Bought 1 Potion","damage_taken":0,"max_hp_gain":0,"max_hp_loss":0,"event_name":"The Woman in Blue","floor":5,"gold_loss":0}],"is_beta":false,"boss_relics":[],"items_purged_floors":[],"is_endless":false,"potions_floor_spawned":[1,2,4,11],"killed_by":"Hexaghost","ascension_level":20}}