{"host":"tw8gm4p1o2j6gfl4","time":1609978118,"event":{"mods":["Aspiration","BaseMod","BetterRewards","Colored Map","Colored Powertips","Curses Come First","Downfall","Hermit","Hubris","Infinite Spire","Lobotomy","Luminous","Minty Spire (QoL Compilation)","Quick Restart","Replay The Spire","StSLib","SuperFastMode","The Cursed","The Jungle","The Marked","Trackpad","[IsaacMod]????"],"gold_per_floor":[99,99,274,274,274,0,75,90,190,340,352,372,222,236,252,347,347,347,362,362,379,379,395,418,418,14,26,26,45,45,59,74,170,170,170,186,202,202,221,271,271,305,305,316,333,397,397,55,75,172,172,172,172],"floor_reached":51,"playtime":4375,"items_purged":["Doubt","Slimebound:Icky","hubris:Sloth"],"score":798,"play_id":"3ecaf611-123f-47a5-a96d-c6aba0980b8b","local_time":"20210106160838","is_ascension_mode":false,"campfire_choices":[{"floor":1.0,"key":"RECALL"},{"floor":13.0,"key":"REST"},{"data":"champ:PerfectedStrike","floor":18.0,"key":"SMITH"},{"floor":30.0,"key":"REST"},{"data":"infinitespire:NeuralNetwork","floor":35,"key":"SMITH"},{"floor":43,"key":"REST"},{"data":"champ:SwordThrow","floor":43,"key":"SMITH"}],"circlet_count":0,"master_deck":["champ:Strike","champ:Strike","champ:Strike","champ:Strike","champ:Defend","champ:Defend","champ:Defend","champ:Defend","champ:Execute","champ:Taunt","champ:DefensiveStyle","champ:GladiatorsShout","champ:ShieldThrow","champ:PerfectedStrike","champ:StanceDance","champ:BerserkersShout","champ:ShieldWall","champ:SwordThrow+1","champ:DefensiveShout","champ:RisingSlash","champ:BringItOn","champ:PerfectedStrike+1","champ:SteelEdge","champ:LastStand","champ:Lariat+1","champ:DefensiveShout+1","champ:Circumvent","champ:TornadoPunch+1","champ:Duel+1","infinitespire:NeuralNetwork+1","champ:Haymaker+1","champ:Riposte","champ:HoldFirm","champ:StanceDance+1","champ:TornadoPunch+1","champ:PreciseThrust+1","champ:BladeFlurry+1","champ:CheapShot","champ:IgnorePain","expansioncontent:DashGenerateEvil","champ:Lariat+1","champ:StrikeOfGenius"],"relics":["champ:ChampionCrown","HushsDoor","DeathBook","downfall:HeartsMalice","CloakClasp","downfall:HeartBlessingBlue","downfall:HeartBlessingRed","Replay:Fungal Core","hubris:TenFootPole","Bag of Marbles","BlankCard","hubris:GrandSneckoEye","Strawberry","Ring of Chaos","Ring of Peace","Ring of Greed","infinitespire:Midas Blood","MealTicket","infinitespire:Magic Flask","Smiling Mask","trackpad:Trackpad","Chemical X","Lantern","hubris:Stopwatch"],"acts_visited":["Exordium","TheCity","TheBeyond","Exordium"],"potions_floor_usage":[50,50],"damage_taken":[{"damage":0.0,"enemies":"2 Louse","floor":2.0,"turns":1.0},{"damage":0.0,"enemies":"Jaw Worm","floor":5.0,"turns":1.0},{"damage":0.0,"enemies":"downfall:FleeingMerchant","floor":6.0,"turns":1.0},{"damage":16.0,"enemies":"Small Slimes","floor":8.0,"turns":3.0},{"damage":41.0,"enemies":"Small Slimes","floor":9.0,"turns":7.0},{"damage":33.0,"enemies":"Exordium Wildlife","floor":11.0,"turns":4.0},{"damage":9.0,"enemies":"3 Louse","floor":12.0,"turns":2.0},{"damage":0.0,"enemies":"Blue Slaver","floor":14.0,"turns":2.0},{"damage":0.0,"enemies":"2 Fungi Beasts","floor":15.0,"turns":3.0},{"damage":0.0,"enemies":"downfall:Ironclad","floor":16.0,"turns":3.0},{"damage":21.0,"enemies":"Chosen","floor":19.0,"turns":6.0},{"damage":16.0,"enemies":"Shell Parasite","floor":21.0,"turns":5.0},{"damage":23.0,"enemies":"Sentry and Sphere","floor":23.0,"turns":4.0},{"damage":6.0,"enemies":"downfall:FleeingMerchant","floor":26.0,"turns":4.0},{"damage":33.0,"enemies":"Centurion and Healer","floor":27.0,"turns":6.0},{"damage":11.0,"enemies":"Shelled Parasite and Fungi","floor":29.0,"turns":5.0},{"damage":18.0,"enemies":"Chosen and Byrds","floor":31.0,"turns":5.0},{"damage":6.0,"enemies":"Cultist and Chosen","floor":32.0,"turns":3.0},{"damage":11.0,"enemies":"downfall:Defect","floor":33.0,"turns":7.0},{"damage":20,"enemies":"Orb Walker","floor":36,"turns":3},{"damage":26,"enemies":"3 Darklings","floor":37,"turns":9},{"damage":14,"enemies":"Jaw Worm Horde","floor":39,"turns":4},{"damage":40,"enemies":"Sphere and 2 Shapes","floor":42,"turns":6},{"damage":0,"enemies":"4 Shapes","floor":44,"turns":4},{"damage":3,"enemies":"Jaw Worm Horde","floor":45,"turns":5},{"damage":89,"enemies":"Nightmare","floor":46,"turns":9},{"damage":0,"enemies":"downfall:FleeingMerchant","floor":48,"turns":5},{"damage":10,"enemies":"Maw","floor":49,"turns":8},{"damage":5,"enemies":"downfall:Watcher","floor":50,"turns":7}],"seed_played":"-8678935548781090774","potions_obtained":[{"floor":8.0,"key":"Strength Potion"},{"floor":9.0,"key":"ColorlessPotion"},{"floor":14.0,"key":"FearPotion"},{"floor":16.0,"key":"Weak Potion"},{"floor":21.0,"key":"champ:UltimateStancePotion"},{"floor":29.0,"key":"hexamod:EctoCoolerPotion"},{"floor":31.0,"key":"champ:OpenerPotion"},{"floor":33.0,"key":"FearPotion"},{"floor":44,"key":"Flashbang"},{"floor":46,"key":"ColorlessPotion"}],"is_trial":false,"path_per_floor":["R","M","?","?","M","$","T","M","?","?","M","M","R","M","M","B",null,"R","M","?","M","T","M","T","?","$","M","AVR","M","R","M","M","B",null,"R","M","M","?","M","?","T","M","R","M","M","NM","AVR","$","M","B",null],"character_chosen":"THE_CHAMP","items_purchased":["champ:PerfectedStrike","champ:StanceDance","champ:BerserkersShout","champ:ShieldWall","BlankCard","Lantern","expansioncontent:DashGenerateEvil"],"campfire_rested":3,"item_purchase_floors":[6,6,6,6,26,48,48],"current_hp_per_floor":[90,90,90,90,90,90,90,80,45,45,26,23,63,63,68,71,100,100,82,62,55,55,41,41,41,41,16,23,12,45,39,39,30,112,112,112,91,91,83,83,83,57,90,93,93,27,27,52,57,59,112,112,112],"gold":172,"neow_bonus":"THREE_ENEMY_KILL","is_daily":false,"chose_seed":false,"campfire_upgraded":3,"win_rate":0.0,"timestamp":1609978118,"path_taken":["R","M","?","?","M","$","T","M","?","?","M","M","R","M","M","BOSS","R","M","?","M","?","M","T","?","$","?","AVR","M","R","M","M","BOSS","R","M","M","?","M","?","T","M","R","M","M","NM","AVR","?","M","BOSS"],"items_purchased_type":["Card","Card","Card","Card","Relic","Card","Card"],"build_version":"2020-12-22","purchased_purges":3,"victory":false,"max_hp_per_floor":[90,90,90,90,90,90,90,90,90,90,90,90,100,100,100,100,100,100,100,105,105,105,105,105,105,105,105,112,112,112,112,112,112,112,112,112,112,112,112,112,112,112,112,112,112,112,112,112,112,112,112,112,112],"card_choices":[{"not_picked":["champ:Backstep","champ:Encircle"],"picked":"champ:DefensiveStyle","floor":2.0},{"not_picked":["champ:IronFortress","champ:StanceDance"],"picked":"champ:GladiatorsShout","floor":5.0},{"not_picked":["Bomb","champ:TornadoPunch"],"picked":"champ:ShieldThrow","floor":6.0},{"not_picked":["champ:GladiatorStyle","champ:Encircle"],"picked":"champ:SwordThrow","floor":8.0},{"not_picked":["Bomb","champ:TornadoPunch"],"picked":"champ:DefensiveShout","floor":9.0},{"not_picked":["champ:AdrenalArmor","champ:CalledShot"],"picked":"champ:RisingSlash","floor":11.0},{"not_picked":["champ:EnragedBash","champ:HeartStrike"],"picked":"champ:BringItOn","floor":12.0},{"not_picked":["champ:GutPunch","champ:Shatter"],"picked":"champ:PerfectedStrike","floor":14.0},{"not_picked":["champ:GladiatorStyle","champ:TornadoPunch"],"picked":"champ:SteelEdge","floor":15.0},{"not_picked":["champ:PerfectForm","champ:ShieldSlam"],"picked":"champ:LastStand","floor":16.0},{"not_picked":["champ:BladeFlurry","champ:TornadoPunch"],"picked":"champ:Lariat+1","floor":19.0},{"not_picked":["champ:TornadoPunch","champ:FocusedBerserking"],"picked":"champ:DefensiveShout+1","floor":21.0},{"not_picked":["champ:GladiatorsShout","champ:DefensiveShout"],"picked":"champ:Circumvent","floor":23.0},{"not_picked":["champ:BladeFlurry","champ:PerfectForm"],"picked":"champ:TornadoPunch+1","floor":26.0},{"not_picked":["champ:StanceDance","champ:RapidStrikes+1"],"picked":"champ:Duel+1","floor":27.0},{"not_picked":["champ:TornadoPunch","champ:DeathBlow+1","champ:BerserkersShout"],"picked":"SKIP","floor":29.0},{"not_picked":["champ:AdrenalArmor+1","champ:GladiatorsShout"],"picked":"champ:Haymaker+1","floor":31.0},{"not_picked":["champ:StanceDance","champ:ArenaPreparation"],"picked":"champ:Riposte","floor":32.0},{"not_picked":["champ:IgnorePain","champ:CrownThrow"],"picked":"champ:HoldFirm","floor":33.0},{"not_picked":["champ:CrookedStrike+1","champ:AdrenalArmor"],"picked":"champ:StanceDance+1","floor":36},{"not_picked":["champ:Riposte","champ:StanceDance","champ:EndlessRage"],"picked":"SKIP","floor":37},{"not_picked":["champ:AdrenalArmor","champ:Haymaker+1"],"picked":"champ:TornadoPunch+1","floor":39},{"not_picked":["champ:GladiatorsShout","champ:StanceDance+1","champ:BladeFlurry"],"picked":"SKIP","floor":42},{"not_picked":["champ:Haymaker+1","champ:CrookedStrike"],"picked":"champ:PreciseThrust+1","floor":44},{"not_picked":["champ:IgnorePain","champ:AdrenalArmor"],"picked":"champ:BladeFlurry+1","floor":45},{"not_picked":["champ:FanOfKnives","champ:StanceDance+1"],"picked":"champ:CheapShot","floor":46},{"not_picked":["champ:EnGarde","champ:FocusedGladiator"],"picked":"champ:IgnorePain","floor":48},{"not_picked":["champ:EnGarde","champ:AdrenalArmor"],"picked":"champ:Lariat+1","floor":49},{"not_picked":["champ:IgnorePain","champ:Devastate"],"picked":"champ:StrikeOfGenius","floor":50}],"player_experience":181179,"relics_obtained":[{"floor":9.0,"key":"CloakClasp"},{"floor":22.0,"key":"hubris:TenFootPole"},{"floor":24.0,"key":"Bag of Marbles"},{"floor":40,"key":"Ring of Peace"},{"floor":40,"key":"Ring of Greed"},{"floor":40,"key":"infinitespire:Midas Blood"},{"floor":40,"key":"MealTicket"},{"floor":41,"key":"infinitespire:Magic Flask"},{"floor":46,"key":"Smiling Mask"}],"event_choices":[],"is_beta":false,"boss_relics":[{"not_picked":["trackpad:StolenKidneys","Abe\u0027s Treasure"],"picked":"Replay:Fungal Core"},{"not_picked":[]},{"not_picked":["expansioncontent:StudyCardRelic","ChampionBelt"],"picked":"Ring of Chaos"},{"not_picked":[]},{"not_picked":["ReplayTheSpireMod:SealedPack","aspiration:RitualDagger"],"picked":"hubris:Stopwatch"},{"not_picked":[]}],"items_purged_floors":[6,26,47],"is_endless":true,"potions_floor_spawned":[8,9,14,16,21,29,31,33,37,44,45,46,49],"ascension_level":0}}