{"host":"dnd25fcf5l5puhl9","time":1609987693,"event":{"mods":["AchievementEnabler","Act Like it!","BaseMod","BetterRewards","Colored Map","Colored Powertips","Downfall","Gensokyo","Hubris","Infinite Spire","Lobotomy","Minty Spire (QoL Compilation)","Replay The Spire","Shop Mod","StSLib","SuperFastMode","The Animator"],"gold_per_floor":[114,114,144,144,144,175,135,135,158,158,190,219,219,234,234,338,338,362,313,333,387,413,417,417],"floor_reached":23,"playtime":1767,"items_purged":["animator:Defend"],"score":316,"play_id":"cd12b3f4-7025-4a47-9f65-db0765723472","local_time":"20210107004813","is_ascension_mode":true,"campfire_choices":[{"floor":8,"key":"REST"},{"data":"animator:Ciel","floor":10,"key":"SMITH"},{"floor":13,"key":"REST"},{"data":"animator:Hibiki","floor":15,"key":"SMITH"}],"circlet_count":0,"master_deck":["animator:Strike_Konosuba+1","animator:Defend_Konosuba+1","animator:Strike","animator:Strike","animator:Strike+1","animator:Defend","animator:Defend","animator:Kazuma+1","animator:Aqua+1","animator:Hibiki+1","animator:Hibiki+1","animator:Ciel+1","animator:Eve","animator:Hans","animator:Eris","animator:Chris","animator:Verdia","animator:Darkness"],"relics":["animator:LivingPicture","animator:TheMissingPiece","infinitespire:ShieldingShard","ReplayTheSpireMod:ShopPack","Question Card","Whetstone","War Paint","hubris:Backtick","animator:PurgingStone"],"acts_visited":["Exordium","TheCity"],"potions_floor_usage":[6,12,12,22,23],"damage_taken":[{"damage":3,"enemies":"2 Louse","floor":1,"turns":2},{"damage":1,"enemies":"Cultist","floor":3,"turns":4},{"damage":14,"enemies":"Lagavulin","floor":6,"turns":6},{"damage":2,"enemies":"Small Slimes","floor":11,"turns":4},{"damage":24,"enemies":"Gremlin Nob","floor":12,"turns":5},{"damage":0,"enemies":"Looter","floor":14,"turns":3},{"damage":3,"enemies":"Hexaghost","floor":16,"turns":12},{"damage":16,"enemies":"Shell Parasite","floor":18,"turns":11},{"damage":19,"enemies":"Chosen","floor":20,"turns":8},{"damage":19,"enemies":"Centurion and Healer","floor":21,"turns":8},{"damage":0,"enemies":"Snecko","floor":22,"turns":5},{"damage":44,"enemies":"Slavers","floor":23,"turns":5}],"seed_played":"4664615452493413391","potions_obtained":[{"floor":1,"key":"Cursed Concoction"},{"floor":3,"key":"Slimebound:ThreeZeroPotion"},{"floor":6,"key":"Energy Potion"},{"floor":7,"key":"Weak Potion"},{"floor":18,"key":"LiquidMemories"},{"floor":22,"key":"SteroidPotion"}],"is_trial":false,"path_per_floor":["M","?","M","?","?","E","?","R","T","R","M","E","R","M","R","B",null,"M","$","M","M","M","E"],"character_chosen":"THE_ANIMATOR","items_purchased":["infinitespire:ShieldingShard","ReplayTheSpireMod:ShopPack","ColorlessPotion"],"campfire_rested":2,"item_purchase_floors":[0,0,19],"current_hp_per_floor":[33,33,34,34,21,10,10,30,30,30,30,6,26,29,29,30,68,55,55,43,30,36,0,0],"gold":417,"neow_bonus":"","is_daily":false,"chose_seed":false,"campfire_upgraded":2,"win_rate":0.0,"timestamp":1609987693,"path_taken":["M","?","?","?","?","E","?","R","T","R","M","E","R","M","R","BOSS","M","$","?","M","M","E"],"items_purchased_type":["Relic","Relic","Potion"],"build_version":"2020-12-22","purchased_purges":1,"victory":false,"max_hp_per_floor":[66,66,66,66,66,67,67,67,67,67,67,67,67,67,67,68,68,68,68,69,69,69,69,69],"card_choices":[{"not_picked":["animator:TakanashiRikka","animator:HarukoHaruhara"],"picked":"animator:Hibiki","floor":0},{"not_picked":["animator:MisakiNakahara","animator:MisaKurobane"],"picked":"animator:Hibiki","floor":0},{"not_picked":["animator:Mikaela","animator:Viivi","animator:AcuraTooru"],"picked":"SKIP","floor":1},{"not_picked":["animator:Viivi","animator:Rena"],"picked":"animator:Ciel","floor":3},{"not_picked":["animator:IrohaTamaki","animator:NagisaMomoe","animator:CrowleyEusford"],"picked":"animator:Eve","floor":6},{"not_picked":["animator:Vanir","animator:Aqua","animator:Megumin"],"picked":"animator:Hans","floor":11},{"not_picked":["animator:Guy","animator:Shinoa","animator:Kyubey","animator:Chung"],"picked":"SKIP","floor":12},{"not_picked":["animator:Rider","animator:Ciel","animator:ShinjiMatou","animator:OrikoMikuni"],"picked":"SKIP","floor":14},{"not_picked":["animator:Wiz","animator:HomuraAkemi","animator:ChaikaTrabant"],"picked":"animator:Eris","floor":16},{"not_picked":["animator:Geryuganshoop","animator:Assassin","animator:KyokoSakura"],"picked":"animator:Chris","floor":18},{"not_picked":["animator:Chris","animator:Kazuma","animator:Mitsurugi"],"picked":"animator:Verdia","floor":20},{"not_picked":["animator:Tatsumaki","animator:Kyubey","animator:Layla"],"picked":"animator:Darkness","floor":21},{"not_picked":["animator:Mitsuba","animator:Caster","animator:NagisaMomoe","animator:MamiTomoe+1"],"picked":"SKIP","floor":22}],"player_experience":517751,"relics_obtained":[{"floor":4,"key":"Question Card"},{"floor":6,"key":"Whetstone"},{"floor":12,"key":"War Paint"}],"event_choices":[{"damage_healed":0,"gold_gain":0,"player_choice":"0 cards matched","damage_taken":0,"max_hp_gain":0,"max_hp_loss":0,"event_name":"Match and Keep!","floor":2,"gold_loss":0,"cards_obtained":[]},{"damage_healed":0,"gold_gain":0,"player_choice":"Entered Light","damage_taken":13,"max_hp_gain":0,"max_hp_loss":0,"event_name":"Shining Light","floor":5,"gold_loss":0,"cards_upgraded":["animator:Kazuma","animator:Strike_Konosuba"]},{"damage_healed":0,"gold_gain":0,"player_choice":"Bought 3 Potions","damage_taken":0,"max_hp_gain":0,"max_hp_loss":0,"event_name":"The Woman in Blue","floor":7,"gold_loss":0}],"is_beta":false,"boss_relics":[{"not_picked":["Runic Dome","infinitespire:Cupcake"],"picked":"hubris:Backtick"}],"items_purged_floors":[0],"is_endless":false,"potions_floor_spawned":[1,3,6,18,20,22],"killed_by":"Slavers","ascension_level":1}}