{"host":"sav7uxregyirlf69","time":1609993305,"event":{"mods":["AchievementEnabler","BaseMod","Colored Map","DeckTracker","Keyboard Shortcuts","Minty Spire (QoL Compilation)","READ ME - Guardian Mod","StSLib","SuperFastMode"],"gold_per_floor":[116,116,126,141,41,41,58,58,84,109,121,145,172,213,225,312,324,346,374,386,71,121,121,121],"floor_reached":23,"playtime":376,"items_purged":["Strike_B"],"score":386,"play_id":"d3e6bc57-9616-4d45-90f1-536226403819","local_time":"20210107132145","is_ascension_mode":true,"campfire_choices":[{"data":"Cold Snap","floor":6,"key":"SMITH"},{"data":"Defragment","floor":8,"key":"SMITH"},{"data":"Capacitor","floor":15,"key":"SMITH"}],"circlet_count":0,"master_deck":["AscendersBane","Defend_B","Defend_B","Defend_B","Defend_B","Zap","Dualcast","Go for the Eyes","Defragment+1","Cold Snap+1","Ball Lightning","Capacitor+1","Self Repair","Glacier","Biased Cognition","Turbo+1","Coolheaded","Compile Driver"],"relics":["Cracked Core","NeowsBlessing","MawBank","Potion Belt","Cursed Key","Frozen Egg 2"],"acts_visited":["Exordium","TheCity"],"potions_floor_usage":[14,16],"damage_taken":[{"damage":0,"enemies":"2 Louse","floor":1,"turns":1},{"damage":0,"enemies":"Jaw Worm","floor":3,"turns":1},{"damage":0,"enemies":"Cultist","floor":4,"turns":1},{"damage":2,"enemies":"2 Fungi Beasts","floor":7,"turns":3},{"damage":6,"enemies":"3 Louse","floor":10,"turns":3},{"damage":7,"enemies":"Large Slime","floor":12,"turns":3},{"damage":3,"enemies":"2 Fungi Beasts","floor":13,"turns":3},{"damage":17,"enemies":"3 Sentries","floor":14,"turns":8},{"damage":25,"enemies":"Slime Boss","floor":16,"turns":14},{"damage":15,"enemies":"Shell Parasite","floor":18,"turns":7},{"damage":4,"enemies":"Spheric Guardian","floor":19,"turns":6},{"damage":65,"enemies":"Slavers","floor":23,"turns":6}],"seed_played":"8199973283266719905","potions_obtained":[{"floor":1,"key":"BlessingOfTheForge"},{"floor":3,"key":"Block Potion"},{"floor":18,"key":"GamblersBrew"}],"is_trial":false,"path_per_floor":["M","?","M","M","$","R","M","R","T","M","?","M","M","E","R","B",null,"M","M","?","$","?","E"],"character_chosen":"DEFECT","items_purchased":["Cold Snap","Frozen Egg 2","Compile Driver"],"campfire_rested":0,"item_purchase_floors":[5,21,21],"current_hp_per_floor":[64,57,57,57,57,57,55,55,55,49,49,42,39,29,29,11,56,48,51,51,51,51,0,0],"gold":121,"neow_bonus":"THREE_ENEMY_KILL","is_daily":false,"chose_seed":false,"campfire_upgraded":3,"win_rate":0.0,"timestamp":1609993305,"path_taken":["M","?","M","M","?","R","M","R","T","M","?","M","?","E","R","BOSS","M","M","?","$","?","E"],"items_purchased_type":["Card","Relic","Card"],"build_version":"2020-12-22","purchased_purges":1,"victory":false,"max_hp_per_floor":[71,71,71,71,71,71,71,71,71,71,71,71,71,71,71,71,71,71,71,71,71,71,71,71],"card_choices":[{"not_picked":["Steam","Static Discharge"],"picked":"Go for the Eyes","floor":1},{"not_picked":["Lockon","Self Repair"],"picked":"Defragment","floor":3},{"not_picked":["Barrage","Steam Power","Steam"],"picked":"SKIP","floor":4},{"not_picked":["Redo","Reprogram"],"picked":"Ball Lightning","floor":7},{"not_picked":["Heatsinks","Beam Cell","Redo"],"picked":"SKIP","floor":10},{"not_picked":["Skim","Genetic Algorithm"],"picked":"Capacitor","floor":12},{"not_picked":["Compile Driver","Cold Snap"],"picked":"Self Repair","floor":13},{"not_picked":["Rebound","Turbo"],"picked":"Glacier","floor":14},{"not_picked":["Amplify","Thunder Strike"],"picked":"Biased Cognition","floor":16},{"not_picked":["Streamline","Chaos"],"picked":"Turbo+1","floor":18},{"not_picked":["Redo","Reinforced Body"],"picked":"Coolheaded","floor":19}],"player_experience":1169658,"relics_obtained":[{"floor":9,"key":"MawBank"},{"floor":14,"key":"Potion Belt"}],"event_choices":[{"cards_removed":["Strike_B"],"damage_healed":0,"gold_gain":0,"player_choice":"Card Removal","damage_taken":7,"max_hp_gain":0,"max_hp_loss":0,"event_name":"Golden Wing","floor":2,"gold_loss":0},{"cards_removed":["Strike_B"],"damage_healed":0,"gold_gain":0,"player_choice":"Purged","damage_taken":0,"max_hp_gain":0,"max_hp_loss":0,"event_name":"Purifier","floor":11,"gold_loss":0},{"cards_removed":["Strike_B"],"damage_healed":0,"gold_gain":0,"player_choice":"Elegance","damage_taken":0,"max_hp_gain":0,"max_hp_loss":0,"event_name":"Back to Basics","floor":20,"gold_loss":0},{"damage_healed":0,"gold_gain":50,"player_choice":"Stole From Cult","damage_taken":0,"max_hp_gain":0,"max_hp_loss":0,"event_name":"Nest","floor":22,"gold_loss":0}],"is_beta":false,"boss_relics":[{"not_picked":["Sozu","Calling Bell"],"picked":"Cursed Key"}],"items_purged_floors":[5],"is_endless":false,"potions_floor_spawned":[1,3,4,12,13,18],"killed_by":"Slavers","ascension_level":20}}