{"host":"gx7yyrn1gkym3qpb","time":1609989253,"event":{"mods":["AchievementEnabler","BaseMod","Better Altar","Better Match","Better Note","Better Sensory Stone","Better Skull","Better Third Choice","Highlight Path","Minty Spire (QoL Compilation)","Permanent Neow","Quick Restart","StSLib","Unceasing Turn Reminder"],"gold_per_floor":[115,128,143,162,37,68,68,100,152,152,162,162,162,172,172,249,249,260,102,117,135,135,135,166,166,166,191,208,208,208],"floor_reached":29,"playtime":969,"items_purged":["Strike_R"],"score":509,"play_id":"9efa9b49-d62a-4ec6-b959-a030eb08b476","local_time":"20210106221413","is_ascension_mode":true,"campfire_choices":[{"data":"1","floor":7,"key":"LIFT"},{"data":"2","floor":10,"key":"LIFT"},{"data":"3","floor":12,"key":"LIFT"},{"data":"Demon Form","floor":15,"key":"SMITH"},{"data":"Sword Boomerang","floor":23,"key":"SMITH"},{"floor":25,"key":"REST"}],"circlet_count":0,"master_deck":["AscendersBane","Strike_R","Strike_R","Strike_R","Defend_R","Defend_R","Defend_R","Bash","Rage","Demon Form+1","Seeing Red","Shockwave+1","Flame Barrier","Sword Boomerang+1","Impervious","Limit Break","Shrug It Off","Limit Break"],"relics":["Burning Blood","Girya","Pantograph","Omamori","WarpedTongs","Sozu","Orichalcum","Juzu Bracelet","Potion Belt"],"acts_visited":["Exordium","TheCity"],"potions_floor_usage":[8,29],"damage_taken":[{"damage":2,"enemies":"Cultist","floor":1,"turns":4},{"damage":5,"enemies":"2 Louse","floor":2,"turns":3},{"damage":7,"enemies":"Jaw Worm","floor":3,"turns":3},{"damage":27,"enemies":"Exordium Thugs","floor":4,"turns":5},{"damage":20,"enemies":"Gremlin Nob","floor":6,"turns":4},{"damage":9,"enemies":"Lagavulin","floor":8,"turns":7},{"damage":6,"enemies":"Looter","floor":11,"turns":4},{"damage":12,"enemies":"Exordium Wildlife","floor":14,"turns":4},{"damage":31,"enemies":"Hexaghost","floor":16,"turns":8},{"damage":12,"enemies":"Spheric Guardian","floor":18,"turns":4},{"damage":18,"enemies":"3 Byrds","floor":20,"turns":5},{"damage":0,"enemies":"Snecko","floor":21,"turns":5},{"damage":27,"enemies":"Slavers","floor":24,"turns":5},{"damage":19,"enemies":"Book of Stabbing","floor":27,"turns":6},{"damage":35,"enemies":"Shelled Parasite and Fungi","floor":28,"turns":5},{"damage":28,"enemies":"Slavers","floor":29,"turns":3}],"seed_played":"-8388102973402781771","potions_obtained":[{"floor":2,"key":"SneckoOil"},{"floor":6,"key":"Regen Potion"},{"floor":8,"key":"Dexterity Potion"},{"floor":11,"key":"Strength Potion"}],"is_trial":false,"path_per_floor":["M","M","M","M","?","E","R","E","T","R","M","R","?","M","R","B",null,"M","$","M","M","?","R","E","R","T","E","M","E"],"character_chosen":"IRONCLAD","items_purchased":["Limit Break"],"campfire_rested":1,"item_purchase_floors":[19],"current_hp_per_floor":[54,55,54,33,33,19,19,31,31,31,31,31,31,25,25,25,63,57,57,45,51,51,51,30,52,52,39,10,0,0],"gold":208,"neow_bonus":"REMOVE_TWO","is_daily":false,"chose_seed":false,"campfire_upgraded":2,"win_rate":0.0,"timestamp":1609989253,"path_taken":["M","M","M","M","?","E","R","E","T","R","M","R","?","M","R","BOSS","M","$","?","M","?","R","E","R","T","E","M","E"],"items_purchased_type":["Card"],"build_version":"2020-12-22","purchased_purges":1,"victory":false,"max_hp_per_floor":[75,75,75,75,75,75,75,75,75,75,75,75,75,75,75,75,75,75,75,75,75,75,75,75,75,75,75,75,75,75],"card_choices":[{"not_picked":["Clothesline","Flex"],"picked":"Rage","floor":1},{"not_picked":["Iron Wave","Warcry","Heavy Blade"],"picked":"SKIP","floor":2},{"not_picked":["True Grit","Pummel"],"picked":"Demon Form","floor":3},{"not_picked":["Infernal Blade","Rampage"],"picked":"Seeing Red","floor":4},{"not_picked":["Metallicize+1","Spot Weakness+1"],"picked":"Shockwave+1","floor":5},{"not_picked":["Demon Form","Iron Wave"],"picked":"Flame Barrier","floor":6},{"not_picked":["Havoc","Wild Strike"],"picked":"Sword Boomerang","floor":8},{"not_picked":["Perfected Strike","Dropkick"],"picked":"Impervious","floor":11},{"not_picked":["Twin Strike","Reckless Charge","Clothesline"],"picked":"SKIP","floor":14},{"not_picked":["Corruption","Exhume"],"picked":"Limit Break","floor":16},{"not_picked":["Fire Breathing","Burning Pact"],"picked":"Shrug It Off","floor":18},{"not_picked":["Sword Boomerang","Shrug It Off","Clothesline"],"picked":"SKIP","floor":20},{"not_picked":["Iron Wave","Intimidate","Sword Boomerang"],"picked":"SKIP","floor":21},{"not_picked":["Pommel Strike","Reckless Charge","Juggernaut"],"picked":"SKIP","floor":24},{"not_picked":["Havoc","Shrug It Off","Clash+1"],"picked":"SKIP","floor":27},{"not_picked":["Warcry","Sentinel","Headbutt"],"picked":"SKIP","floor":28}],"player_experience":399803,"relics_obtained":[{"floor":6,"key":"Girya"},{"floor":8,"key":"Pantograph"},{"floor":9,"key":"Omamori"},{"floor":24,"key":"Orichalcum"},{"floor":26,"key":"Juzu Bracelet"},{"floor":27,"key":"Potion Belt"}],"event_choices":[{"damage_healed":0,"gold_gain":0,"player_choice":"2","damage_taken":0,"max_hp_gain":0,"max_hp_loss":0,"event_name":"betterMatch:BetterMatch","floor":5,"gold_loss":0,"cards_obtained":["betterMatch:UncommonCard"]},{"damage_healed":0,"gold_gain":0,"player_choice":"Rummage","damage_taken":0,"relics_obtained":["WarpedTongs"],"max_hp_gain":0,"max_hp_loss":0,"event_name":"Accursed Blacksmith","floor":13,"gold_loss":0,"cards_obtained":["Pain"]},{"cards_removed":["Demon Form"],"damage_healed":0,"gold_gain":0,"player_choice":"Give","damage_taken":0,"max_hp_gain":0,"max_hp_loss":0,"event_name":"betterNote:BetterNote","floor":22,"gold_loss":0,"cards_obtained":["None"]}],"is_beta":false,"boss_relics":[{"not_picked":["Black Star","Tiny House"],"picked":"Sozu"}],"items_purged_floors":[19],"is_endless":false,"potions_floor_spawned":[2,6,8,11,18,20,21,28],"killed_by":"Slavers","ascension_level":17}}