{"host":"x7n7968bn9ekn290","time":1609996508,"event":{"mods":["AchievementEnabler","BaseMod","Colored Map","Colored Powertips","Googly Eyes","Highlight Path","Minty Spire (QoL Compilation)","Quick Restart","Rare Cards Sparkle","Relic Stats","ShortenTheSpire","Spire Birthday Party","slay the spire mod where everything is the same but ironclad has a cowboy hat"],"gold_per_floor":[116,116,135,152,6,18,44,44,71,99,99,111,123,142,142,246,246,261,261,261,261,281,308,308,308,308],"floor_reached":25,"playtime":711,"items_purged":[],"score":248,"play_id":"468829bd-6307-40d2-a3af-57566557018b","local_time":"20210106211508","is_ascension_mode":false,"campfire_choices":[{"data":"Anger","floor":8,"key":"SMITH"},{"data":"Anger","floor":11,"key":"SMITH"},{"data":"Anger","floor":15,"key":"SMITH"},{"floor":24,"key":"REST"}],"circlet_count":0,"master_deck":["Strike_R","Strike_R","Strike_R","Strike_R","Strike_R","Defend_R","Defend_R","Defend_R+1","Defend_R+1","Bash","Cleave","Cleave","Anger+1","Anger+1","Trip","Anger+1","Pommel Strike","Ghostly Armor","Twin Strike","Inflame","Bludgeon+1","Perfected Strike+1","Shrug It Off","Anger+1","Ghostly Armor"],"relics":["Black Blood","Dream Catcher","Regal Pillow","War Paint","MutagenicStrength","Molten Egg 2"],"acts_visited":["Exordium","TheCity"],"potions_floor_usage":[10,16,16,25],"damage_taken":[{"damage":0,"enemies":"Small Slimes","floor":1,"turns":4},{"damage":1,"enemies":"Cultist","floor":3,"turns":4},{"damage":5,"enemies":"Jaw Worm","floor":4,"turns":4},{"damage":8,"enemies":"Red Slaver","floor":6,"turns":2},{"damage":14,"enemies":"Gremlin Nob","floor":10,"turns":3},{"damage":2,"enemies":"Blue Slaver","floor":12,"turns":3},{"damage":0,"enemies":"Large Slime","floor":13,"turns":3},{"damage":12,"enemies":"3 Louse","floor":14,"turns":2},{"damage":54,"enemies":"Hexaghost","floor":16,"turns":8},{"damage":10,"enemies":"Spheric Guardian","floor":18,"turns":3},{"damage":2,"enemies":"Chosen","floor":22,"turns":3},{"damage":69,"enemies":"Book of Stabbing","floor":23,"turns":6},{"damage":77,"enemies":"Gremlin Leader","floor":25,"turns":4}],"seed_played":"7842849043251881423","potions_obtained":[{"floor":6,"key":"Swift Potion"},{"floor":12,"key":"FearPotion"},{"floor":13,"key":"SkillPotion"},{"floor":23,"key":"LiquidBronze"}],"is_trial":false,"path_per_floor":["M","?","M","M","$","M","T","R","T","E","R","M","M","M","R","B",null,"M","?","?","?","M","E","R","E"],"character_chosen":"IRONCLAD","items_purchased":["Anger","Trip"],"campfire_rested":1,"item_purchase_floors":[5,5],"current_hp_per_floor":[88,88,88,88,88,86,86,86,86,78,78,82,88,82,82,34,88,88,88,88,88,88,31,72,0,0],"gold":308,"neow_bonus":"TEN_PERCENT_HP_BONUS","is_daily":false,"chose_seed":false,"campfire_upgraded":3,"win_rate":0.0,"timestamp":1609996508,"path_taken":["M","?","M","M","?","M","?","R","T","E","R","M","?","M","R","BOSS","M","?","?","?","M","E","R","E"],"items_purchased_type":["Card","Card"],"build_version":"2020-12-22","purchased_purges":0,"victory":false,"max_hp_per_floor":[88,88,88,88,88,88,88,88,88,88,88,88,88,88,88,88,88,88,88,88,88,88,88,88,88,88],"relic_stats":{"Dream Catcher":1,"Regal Pillow":15,"counters":[13,49],"Black Blood":66,"War Paint":["Defend_R","Defend_R"],"obtain_stats":[{"Dream Catcher":7,"Regal Pillow":9,"MutagenicStrength":20,"Black Blood":17,"Molten Egg 2":23,"War Paint":10,"Burning Blood":0},{"Dream Catcher":4,"Regal Pillow":4,"MutagenicStrength":10,"Black Blood":9,"Molten Egg 2":12,"War Paint":5,"Burning Blood":0},{"Dream Catcher":14,"Regal Pillow":14,"MutagenicStrength":36,"Black Blood":33,"Molten Egg 2":45,"War Paint":17,"Burning Blood":0}]},"card_choices":[{"not_picked":["Headbutt","Flame Barrier"],"picked":"Cleave","floor":1},{"not_picked":["Thunderclap","Body Slam"],"picked":"Cleave","floor":3},{"not_picked":["Dual Wield","Armaments"],"picked":"Anger","floor":4},{"not_picked":["Armaments","Iron Wave"],"picked":"Anger","floor":6},{"not_picked":["Berserk","Dual Wield"],"picked":"Pommel Strike","floor":10},{"not_picked":["Armaments","Flame Barrier"],"picked":"Ghostly Armor","floor":12},{"not_picked":["Feel No Pain","Clash"],"picked":"Twin Strike","floor":13},{"not_picked":["Sword Boomerang","Pommel Strike"],"picked":"Inflame","floor":14},{"not_picked":["Reaper","Berserk"],"picked":"Bludgeon","floor":16},{"not_picked":["Heavy Blade+1","Headbutt"],"picked":"Perfected Strike+1","floor":18},{"not_picked":["Burning Pact","Pommel Strike","Second Wind"],"picked":"SKIP","floor":22},{"not_picked":["Flame Barrier+1","Reaper+1"],"picked":"Anger+1","floor":23},{"not_picked":["Flex","Dark Embrace"],"picked":"Ghostly Armor","floor":24}],"player_experience":28534,"relics_obtained":[{"floor":7,"key":"Dream Catcher"},{"floor":9,"key":"Regal Pillow"},{"floor":10,"key":"War Paint"},{"floor":23,"key":"Molten Egg 2"}],"event_choices":[{"damage_healed":0,"gold_gain":0,"player_choice":"Ignored","damage_taken":0,"max_hp_gain":0,"max_hp_loss":0,"event_name":"Purifier","floor":2,"gold_loss":0},{"damage_healed":0,"gold_gain":0,"player_choice":"Read","damage_taken":0,"max_hp_gain":0,"max_hp_loss":0,"event_name":"The Library","floor":19,"gold_loss":0,"cards_obtained":["Shrug It Off"]},{"damage_healed":0,"gold_gain":0,"player_choice":"Inject Mutagens","damage_taken":0,"relics_obtained":["MutagenicStrength"],"max_hp_gain":0,"max_hp_loss":0,"event_name":"Drug Dealer","floor":20,"gold_loss":0},{"damage_healed":0,"gold_gain":0,"player_choice":"Forge","damage_taken":0,"max_hp_gain":0,"max_hp_loss":0,"event_name":"Accursed Blacksmith","floor":21,"gold_loss":0,"cards_upgraded":["Bludgeon"]}],"is_beta":false,"boss_relics":[{"not_picked":["Mark of Pain","SlaversCollar"],"picked":"Black Blood"}],"items_purged_floors":[],"is_endless":false,"potions_floor_spawned":[6,12,13,23],"killed_by":"Gremlin Leader","ascension_level":0}}