{"host":"ig7tc0uedzltt2sr","time":1609989372,"event":{"mods":["BaseMod","Better Twitch Integration","Block Reminder","Colored Map","Colored Powertips","Communication Mod","Current Relic Mod","GifTheSpireLib","HexUI Lib","Minty Spire (QoL Compilation)","Quick Restart","Random Character Button","Rare Cards Sparkle","Relic Sorter","Relic Stats","Slay the Relics Exporter","StSLib","SuperFastMode","Synergy Search","Twitch Decklist","Twitch Utils","everything is the same but u backflip on backflip","slay the spire mod where everything is the same but ironclad has a cowboy hat"],"gold_per_floor":[116,116,130,130,143,157,157,172,199,215,231,231,251,266,266,266,266],"floor_reached":16,"playtime":105,"items_purged":[],"score":98,"play_id":"04bbb8e3-2bc0-402c-b56f-bfb3c02e32f2","local_time":"20210106191612","is_ascension_mode":false,"campfire_choices":[{"data":"Defend_R","floor":7,"key":"SMITH"},{"floor":15,"key":"REST"}],"circlet_count":0,"master_deck":["Strike_R+1","Strike_R","Strike_R","Strike_R","Strike_R","Defend_R+1","Defend_R","Defend_R","Defend_R","Bash","Combust","Spot Weakness","Clash+1","Dual Wield","Metallicize","Havoc","Rage","Corruption","Burning Pact"],"relics":["Burning Blood","NeowsBlessing","Whetstone"],"acts_visited":["Exordium"],"potions_floor_usage":[],"damage_taken":[{"damage":0,"enemies":"Cultist","floor":1,"turns":1},{"damage":0,"enemies":"2 Louse","floor":3,"turns":1},{"damage":0,"enemies":"Jaw Worm","floor":5,"turns":1},{"damage":22,"enemies":"Exordium Thugs","floor":6,"turns":5},{"damage":20,"enemies":"Lots of Slimes","floor":8,"turns":4},{"damage":10,"enemies":"3 Louse","floor":10,"turns":4},{"damage":13,"enemies":"Blue Slaver","floor":11,"turns":6},{"damage":20,"enemies":"Exordium Thugs","floor":13,"turns":8},{"damage":13,"enemies":"3 Louse","floor":14,"turns":5},{"damage":42,"enemies":"The Guardian","floor":16,"turns":8}],"seed_played":"-6483931344527213289","potions_obtained":[{"floor":1,"key":"PowerPotion"},{"floor":8,"key":"Strength Potion"},{"floor":10,"key":"Explosive Potion"},{"floor":14,"key":"Ancient Potion"}],"is_trial":false,"path_per_floor":["M","$","M","$","M","M","R","M","T","M","M","?","M","M","R","B"],"character_chosen":"IRONCLAD","items_purchased":[],"campfire_rested":1,"item_purchase_floors":[],"current_hp_per_floor":[80,80,80,80,80,64,64,50,50,46,39,39,25,18,42,0,0],"gold":266,"neow_bonus":"THREE_ENEMY_KILL","is_daily":false,"chose_seed":false,"campfire_upgraded":1,"win_rate":0.0,"timestamp":1609989372,"path_taken":["M","?","M","$","M","M","R","M","T","M","M","?","M","M","R","BOSS"],"items_purchased_type":[],"build_version":"2020-12-22","purchased_purges":0,"victory":false,"max_hp_per_floor":[80,80,80,80,80,80,80,80,80,80,80,80,80,80,80,80,80],"relic_stats":{"counters":[10,43],"Whetstone":["Strike_R","Clash"],"obtain_stats":[{"NeowsBlessing":0,"Whetstone":9,"Burning Blood":0},{"NeowsBlessing":0,"Whetstone":5,"Burning Blood":0},{"NeowsBlessing":0,"Whetstone":12,"Burning Blood":0}],"Burning Blood":36},"card_choices":[{"not_picked":["Anger","Clothesline"],"picked":"Combust","floor":1},{"not_picked":["Sword Boomerang","Thunderclap"],"picked":"Spot Weakness","floor":3},{"not_picked":["Flame Barrier","Thunderclap"],"picked":"Clash","floor":5},{"not_picked":["Shockwave","Rupture"],"picked":"Dual Wield","floor":6},{"not_picked":["Twin Strike","Feel No Pain"],"picked":"Metallicize","floor":8},{"not_picked":["Twin Strike","Pommel Strike"],"picked":"Havoc","floor":10},{"not_picked":["Hemokinesis","Body Slam"],"picked":"Rage","floor":11},{"not_picked":["Hemokinesis","Entrench"],"picked":"Corruption","floor":13},{"not_picked":["Clash","Clothesline"],"picked":"Burning Pact","floor":14}],"player_experience":1442303,"relics_obtained":[{"floor":9,"key":"Whetstone"}],"event_choices":[{"damage_healed":0,"gold_gain":0,"player_choice":"0 cards matched","damage_taken":0,"max_hp_gain":0,"max_hp_loss":0,"event_name":"Match and Keep!","floor":12,"gold_loss":0,"cards_obtained":[]}],"is_beta":false,"boss_relics":[],"items_purged_floors":[],"is_endless":false,"potions_floor_spawned":[1,8,10,14],"killed_by":"The Guardian","ascension_level":0}}