{"host":"i1h39d0gfh5c6uxl","time":1609990480,"event":{"mods":["AchievementEnabler","BaseMod","Colored Map","Colored Powertips","Highlight Path","Minty Spire (QoL Compilation)"],"gold_per_floor":[116,41,54,1,17,17,317,330,330,356,368,402,34,65,65,65,65],"floor_reached":16,"playtime":512,"items_purged":[],"score":240,"play_id":"d9d04dd5-0e49-4862-8301-9852451c4419","local_time":"20210107113440","is_ascension_mode":true,"campfire_choices":[{"data":"Apotheosis","floor":6,"key":"SMITH"},{"floor":15,"key":"REST"}],"circlet_count":0,"master_deck":["AscendersBane","Strike_R","Strike_R","Strike_R","Strike_R","Strike_R","Defend_R","Defend_R","Defend_R","Defend_R","Bash","Apotheosis+1","Rampage","Twin Strike","Shrug It Off","Cleave","Pommel Strike","Shockwave","Shrug It Off"],"relics":["Burning Blood","Old Coin","Kunai","InkBottle","MealTicket","Blood Vial","Sling","Dream Catcher"],"acts_visited":["Exordium"],"potions_floor_usage":[10,10,16,16],"damage_taken":[{"damage":8,"enemies":"Jaw Worm","floor":1,"turns":5},{"damage":16,"enemies":"Small Slimes","floor":3,"turns":4},{"damage":1,"enemies":"Cultist","floor":5,"turns":3},{"damage":18,"enemies":"Looter","floor":8,"turns":4},{"damage":18,"enemies":"Lagavulin","floor":10,"turns":5},{"damage":1,"enemies":"Large Slime","floor":11,"turns":7},{"damage":24,"enemies":"Gremlin Nob","floor":12,"turns":4},{"damage":17,"enemies":"Lagavulin","floor":14,"turns":5},{"damage":82,"enemies":"Hexaghost","floor":16,"turns":11}],"seed_played":"-8879447804880826139","potions_obtained":[{"floor":3,"key":"Regen Potion"},{"floor":5,"key":"PowerPotion"},{"floor":10,"key":"Ancient Potion"},{"floor":11,"key":"BloodPotion"}],"is_trial":false,"path_per_floor":["M","?","M","$","M","R","?","M","T","E","M","E","$","E","R","B"],"character_chosen":"IRONCLAD","items_purchased":["Shrug It Off","Blood Vial","Sling","Shrug It Off"],"campfire_rested":1,"item_purchase_floors":[4,13,13,13],"current_hp_per_floor":[66,66,56,56,61,61,56,44,44,46,51,33,48,39,61,0,0],"gold":65,"neow_bonus":"RANDOM_COLORLESS_2","is_daily":false,"chose_seed":false,"campfire_upgraded":1,"win_rate":0.0,"timestamp":1609990480,"path_taken":["M","?","M","$","M","R","?","M","T","E","M","E","?","E","R","BOSS"],"items_purchased_type":["Card","Relic","Relic","Card"],"build_version":"2020-12-22","purchased_purges":0,"victory":false,"max_hp_per_floor":[75,75,75,75,75,75,75,75,75,75,75,75,75,75,75,75,75],"card_choices":[{"not_picked":["Panache","Magnetism"],"picked":"Apotheosis","floor":0},{"not_picked":["Clash","Havoc"],"picked":"Rampage","floor":1},{"not_picked":["Shrug It Off","Rupture"],"picked":"Twin Strike","floor":3},{"not_picked":["Thunderclap","Sword Boomerang"],"picked":"Cleave","floor":5},{"not_picked":["Twin Strike","Sword Boomerang","Perfected Strike"],"picked":"SKIP","floor":8},{"not_picked":["Body Slam","Armaments"],"picked":"Pommel Strike","floor":10},{"not_picked":["Armaments","Sentinel","Corruption"],"picked":"SKIP","floor":11},{"not_picked":["Twin Strike","Dual Wield"],"picked":"Shockwave","floor":12},{"not_picked":["Sentinel","Dual Wield","Thunderclap"],"picked":"SKIP","floor":14}],"player_experience":1321316,"relics_obtained":[{"floor":9,"key":"Kunai"},{"floor":10,"key":"InkBottle"},{"floor":12,"key":"MealTicket"},{"floor":14,"key":"Dream Catcher"}],"event_choices":[{"cards_removed":["Shame"],"damage_healed":0,"gold_gain":0,"player_choice":"Card Removal","damage_taken":0,"max_hp_gain":0,"max_hp_loss":0,"event_name":"The Cleric","floor":2,"gold_loss":75},{"damage_healed":0,"gold_gain":0,"player_choice":"Success","damage_taken":5,"relics_obtained":["Old Coin"],"max_hp_gain":0,"max_hp_loss":0,"event_name":"Scrap Ooze","floor":7,"gold_loss":0}],"is_beta":false,"boss_relics":[],"items_purged_floors":[],"is_endless":false,"potions_floor_spawned":[3,5,10,11,14],"killed_by":"Hexaghost","ascension_level":20}}