{"host":"5jzx1090woovszu4","time":1609987557,"event":{"mods":["Arknights The Spire","BaseMod","Minty Spire (QoL Compilation)","Robot Space Explorer","Spicy Shops","StSLib","The Dragon Tamer"],"gold_per_floor":[109,109,120,120,70,97,97,131,202,202,229,245,276,17,17,17,17,17],"floor_reached":16,"playtime":861,"items_purged":[],"score":159,"play_id":"904081a1-a339-469d-acf3-07b8da4f4da4","local_time":"20210107034557","is_ascension_mode":true,"metric_token":467,"campfire_choices":[{"floor":7,"key":"REST"},{"floor":15,"key":"REST"}],"dtmod_dragon_data":[46,50,-1,-1,0,0],"circlet_count":0,"master_deck":["DTMod:Strike","DTMod:Strike","DTMod:Strike","DTMod:DoubleHit+1","DTMod:TargetDefense","DTMod:TargetDefense","DTMod:TargetDefense","DTMod:TargetDefense","DTMod:SwitchingTactic","DTMod:Multitask","DTMod:QuickFly","DTMod:BurningEnergy+1","DTMod:Dissolve","DTMod:Weaken","DTMod:BreakAttack","DTMod:DragonDance","DTMod:BurningEnergy","DTMod:HeatWave+1"],"relics":["DTMod:PactStone","Bag of Marbles","Centennial Puzzle","Darkstone Periapt","Strawberry","The Courier","Nunchaku","Molten Egg 2"],"acts_visited":["Exordium"],"potions_floor_usage":[16,16],"damage_taken":[{"damage":0,"enemies":"Small Slimes","floor":1,"turns":3},{"damage":0,"enemies":"Cultist","floor":3,"turns":3},{"damage":0,"enemies":"Gremlin Nob","floor":6,"turns":4},{"damage":16,"enemies":"3 Sentries","floor":8,"turns":12},{"damage":7,"enemies":"Lagavulin","floor":11,"turns":6},{"damage":0,"enemies":"2 Louse","floor":12,"turns":1},{"damage":11,"enemies":"Gremlin Nob","floor":13,"turns":4},{"damage":23,"enemies":"Hexaghost","floor":16,"turns":10}],"seed_played":"7774286772660059843","potions_obtained":[{"floor":12,"key":"FearPotion"},{"floor":13,"key":"Dexterity Potion"}],"is_trial":false,"path_per_floor":["M","?","M","?","?","E","R","E","T","?","E","M","E","$","R","B"],"character_chosen":"THE_DT","items_purchased":["Molten Egg 2","DTMod:BurningEnergy","DTMod:HeatWave+1"],"campfire_rested":2,"item_purchase_floors":[14,14,14],"current_hp_per_floor":[41,41,41,41,41,41,41,25,25,25,18,18,7,7,21,0,0,0],"gold":17,"neow_bonus":"THREE_RARE_CARDS","is_daily":false,"chose_seed":false,"campfire_upgraded":0,"win_rate":0.0,"timestamp":1609987557,"path_taken":["M","?","?","?","?","E","R","E","T","?","E","?","E","?","R","BOSS"],"items_purchased_type":["Relic","Card","Card"],"build_version":"2020-12-22","purchased_purges":0,"victory":false,"max_hp_per_floor":[41,41,41,41,41,41,41,41,41,48,48,48,48,48,48,48,48,48],"card_choices":[{"not_picked":["DTMod:Outburst","DTMod:GearUp"],"picked":"DTMod:Multitask","floor":0},{"not_picked":["DTMod:Feint","DTMod:Threaten"],"picked":"DTMod:QuickFly","floor":1},{"not_picked":["DTMod:Observe","DTMod:BlazingStrike"],"picked":"DTMod:BurningEnergy","floor":3},{"not_picked":["DTMod:Training","DTMod:StunTrap"],"picked":"DTMod:Dissolve","floor":6},{"not_picked":["DTMod:CalculatedDefense","DTMod:ForkedFire"],"picked":"DTMod:Weaken","floor":8},{"not_picked":["DTMod:TauntingStrike","DTMod:GhostSkin"],"picked":"DTMod:BreakAttack","floor":11},{"not_picked":["DTMod:Training","DTMod:CrossStep"],"picked":"DTMod:DragonDance","floor":12},{"not_picked":["DTMod:InvisibleFlame","DTMod:QuickFly","DTMod:Cover"],"picked":"SKIP","floor":13}],"player_experience":605647,"relics_obtained":[{"floor":6,"key":"Bag of Marbles"},{"floor":8,"key":"Centennial Puzzle"},{"floor":9,"key":"Darkstone Periapt"},{"floor":11,"key":"The Courier"},{"floor":13,"key":"Nunchaku"}],"event_choices":[{"damage_healed":0,"gold_gain":0,"player_choice":"Upgraded","damage_taken":0,"max_hp_gain":0,"max_hp_loss":0,"event_name":"Upgrade Shrine","floor":2,"gold_loss":0,"cards_upgraded":["DTMod:DoubleHit"]},{"damage_healed":0,"gold_gain":0,"player_choice":"Grow","damage_taken":0,"max_hp_gain":0,"max_hp_loss":0,"event_name":"Living Wall","floor":4,"gold_loss":0,"cards_upgraded":["DTMod:BurningEnergy"]},{"cards_removed":["DTMod:Strike"],"damage_healed":0,"gold_gain":0,"player_choice":"Card Removal","damage_taken":0,"max_hp_gain":0,"max_hp_loss":0,"event_name":"The Cleric","floor":5,"gold_loss":50},{"damage_healed":0,"gold_gain":0,"player_choice":"Success","damage_taken":7,"relics_obtained":["Strawberry"],"max_hp_gain":0,"max_hp_loss":0,"event_name":"Scrap Ooze","floor":10,"gold_loss":0}],"is_beta":false,"boss_relics":[],"items_purged_floors":[],"is_endless":false,"potions_floor_spawned":[12,13],"killed_by":"Hexaghost","ascension_level":1}}