{"host":"bf9sa99gaumonoeu","time":1609985492,"event":{"mods":["AchievementEnabler","Act Like it!","BaseMod","Better Sensory Stone","Colored Map","Colored Powertips","Downfall","Friendly Minions","Gensokyo","GifTheSpireLib","Hallownest","Hermit","Hubris","Jorbs\u0027s Wanderer Trilogy","KinomotoSakuraMod(????)","Koishi","Lobotomy","Marisa????????","Minty Spire (QoL Compilation)","Rare Cards Sparkle","Reimu??????","Remilia??????","Replay The Spire","Shop Mod","StSLib","The Administrix","The Animator","The Blue Laboratory","The Bug Knight","The Construct","The Cursed","The Disciple","The Hierophant","The Mystic","The Necromancer","The Poker Player","The Runesmith","The Senshi","The Servant 0.9.4"],"gold_per_floor":[112,112,112,148,165,165,179,219,246,259,279,279,310,71,71,173,173,204,204,29,44,114,114,140,140,140,140,165,165,190,210,210,210,210],"floor_reached":33,"playtime":3300,"items_purged":["animator:Strike","animator:Defend"],"score":435,"play_id":"4fae3060-910b-4180-8fd5-a1a5ed135ab4","local_time":"20210107001132","is_ascension_mode":true,"campfire_choices":[{"data":"animator:Nanami","floor":6,"key":"SMITH"},{"floor":12,"key":"REST"},{"floor":15,"key":"REST"},{"data":"animator:MamiTomoe","floor":23,"key":"SMITH"},{"data":"animator:MadokaKaname","floor":25,"key":"SMITH"},{"data":"animator:Bozes","floor":29,"key":"SMITH"},{"floor":32,"key":"REST"}],"circlet_count":0,"master_deck":["animator:Defend_MadokaMagica","animator:Strike+1","animator:Defend+1","animator:Defend","animator:IrohaTamaki","animator:YuiTsuruno","animator:Strike_GATE","animator:Strike_Fate","animator:Nanami+1","animator:Hitei","animator:LizardPriest","animator:MamiTomoe+1","animator:HigakiRinne","animator:Bozes+1","animator:Shalltear","animator:YachiyoNanami","animator:MamizouFutatsuiwa","animator:MadokaKaname+1","animator:SuzuneAmano","animator:MamiTomoe","animator:Arpeggio+1","animator:OrikoMikuni","animator:MamiTomoe"],"relics":["animator:VividPicture","animator:TheMissingPiece","Bottled Lightning","Tiny Chest","Replay:Grab Bag","Painkiller Herb","ChewingGum","Replay:Bottled Snecko","Pear","hubris:PeanutButter","Blood Vial","Akabeko"],"acts_visited":["Exordium","TheCity"],"potions_floor_usage":[11,24,30,33,33],"damage_taken":[{"damage":7,"enemies":"Small Slimes","floor":1,"turns":5},{"damage":0,"enemies":"2 Louse","floor":5,"turns":2},{"damage":0,"enemies":"Jaw Worm","floor":7,"turns":3},{"damage":19,"enemies":"Lagavulin","floor":8,"turns":8},{"damage":7,"enemies":"Exordium Thugs","floor":10,"turns":5},{"damage":6,"enemies":"Large Slime","floor":11,"turns":5},{"damage":0,"enemies":"3 Louse","floor":13,"turns":4},{"damage":24,"enemies":"The Guardian","floor":16,"turns":12},{"damage":0,"enemies":"Chosen","floor":18,"turns":4},{"damage":1,"enemies":"Shell Parasite","floor":21,"turns":4},{"damage":40,"enemies":"animator:HornedBat","floor":24,"turns":8},{"damage":28,"enemies":"Slavers","floor":30,"turns":8},{"damage":6,"enemies":"Centurion and Healer","floor":31,"turns":4},{"damage":71,"enemies":"Automaton","floor":33,"turns":8}],"seed_played":"-548877982049736646","potions_obtained":[{"floor":1,"key":"Reflective Coating"},{"floor":7,"key":"Block Potion"},{"floor":16,"key":"blueLaboratory:BottledHope"},{"floor":24,"key":"blueLaboratory:FruitPunch"},{"floor":30,"key":"EssenceOfSteel"}],"is_trial":false,"path_per_floor":["M","?","?","?","M","R","M","E","T","M","M","R","M","$","R","B",null,"?","?","T","?","T","T","E","T","T","?","T","T","E","?","T","B"],"character_chosen":"THE_ANIMATOR","items_purchased":["animator:YachiyoNanami","animator:MamizouFutatsuiwa","DuplicationPotion"],"campfire_rested":3,"item_purchase_floors":[14,14,20],"current_hp_per_floor":[64,48,41,41,41,41,41,22,22,15,9,32,32,32,55,32,67,67,67,67,75,75,75,49,49,49,49,49,49,38,37,64,0,0],"gold":210,"neow_bonus":"TWENTY_PERCENT_HP_BONUS","is_daily":false,"chose_seed":false,"campfire_upgraded":4,"win_rate":0.0,"timestamp":1609985492,"path_taken":["M","?","?","?","M","R","M","E","T","M","M","R","M","$","R","BOSS","?","?","T","?","?","T","E","T","T","?","?","T","E","?","T","BOSS"],"items_purchased_type":["Card","Card","Potion"],"build_version":"2020-12-22","purchased_purges":2,"victory":false,"max_hp_per_floor":[78,78,78,78,78,78,78,78,78,78,78,78,78,78,78,79,79,79,79,79,79,79,79,89,89,89,89,89,89,92,92,92,92,92],"card_choices":[{"not_picked":["animator:NarberalGamma","animator:RoyMustang"],"picked":"animator:Nanami","floor":1},{"not_picked":["animator:Konayuki","animator:Yoichi"],"picked":"animator:Hitei","floor":5},{"not_picked":["animator:Witch","animator:ElricEdward"],"picked":"animator:LizardPriest","floor":7},{"not_picked":["animator:SayakaMiki","animator:NagisaMomoe"],"picked":"animator:MamiTomoe","floor":8},{"not_picked":["animator:TukaLunaMarceau","animator:Priestess"],"picked":"animator:HigakiRinne","floor":10},{"not_picked":["animator:TukaLunaMarceau","animator:ElricEdward"],"picked":"animator:Bozes","floor":11},{"not_picked":["animator:LeleiLaLalena","animator:ElricAlphonse"],"picked":"animator:Shalltear","floor":13},{"not_picked":["animator:Envy","animator:Albedo"],"picked":"animator:MadokaKaname","floor":16},{"not_picked":["animator:SayakaMiki","animator:OrikoMikuni"],"picked":"animator:SuzuneAmano","floor":18},{"not_picked":["animator:Witch","animator:KrulTepes+1"],"picked":"animator:MamiTomoe","floor":21},{"not_picked":["animator:YachiyoNanami","animator:TukaLunaMarceau"],"picked":"animator:Arpeggio+1","floor":24},{"not_picked":["animator:Demiurge+1","animator:YachiyoNanami"],"picked":"animator:OrikoMikuni","floor":30},{"not_picked":["animator:YuiTsuruno","animator:SuzuneAmano"],"picked":"animator:MamiTomoe","floor":31}],"player_experience":826859,"relics_obtained":[{"floor":8,"key":"Bottled Lightning"},{"floor":9,"key":"Tiny Chest"},{"floor":22,"key":"Replay:Bottled Snecko"},{"floor":24,"key":"Pear"},{"floor":26,"key":"hubris:PeanutButter"},{"floor":28,"key":"Blood Vial"},{"floor":30,"key":"Akabeko"}],"event_choices":[{"damage_healed":0,"gold_gain":0,"player_choice":"Entered Light","damage_taken":16,"max_hp_gain":0,"max_hp_loss":0,"event_name":"Shining Light","floor":2,"gold_loss":0,"cards_upgraded":["animator:Strike","animator:Defend"]},{"cards_removed":["animator:Strike"],"damage_healed":0,"gold_gain":0,"player_choice":"Card Removal","damage_taken":7,"max_hp_gain":0,"max_hp_loss":0,"event_name":"Golden Wing","floor":3,"gold_loss":0},{"damage_healed":0,"gold_gain":0,"player_choice":"Ignored","damage_taken":0,"max_hp_gain":0,"max_hp_loss":0,"event_name":"Vampires","floor":19,"gold_loss":0}],"is_beta":false,"boss_relics":[{"not_picked":["hubris:GrandSneckoEye","animator:HolyGrailRelic"],"picked":"Replay:Grab Bag"},{"not_picked":["Mark of Pain","ReplayTheSpireMod:DimensionalGlitch"],"picked":"Painkiller Herb"},{"not_picked":["hubris:RunicObelisk","Velvet Choker"],"picked":"ChewingGum"},{"not_picked":["hubris:HollowSoul","SacredBark"],"picked":"animator:VividPicture"}],"items_purged_floors":[14,20],"is_endless":false,"potions_floor_spawned":[1,7,16,24,30],"killed_by":"Automaton","ascension_level":9}}