{"host":"0v07cr0k93jhgkpm","time":1609990326,"event":{"mods":["BaseMod","Colored Map","DeckTracker","Minty Spire (QoL Compilation)","Quick Restart","SuperFastMode"],"gold_per_floor":[112,130,130,31,31,75,90,165,165,125,125,125,125],"floor_reached":12,"playtime":178,"items_purged":[],"score":202,"play_id":"2952cf06-3d7a-4a87-b1c9-f5a63c29b261","local_time":"20210107123206","is_ascension_mode":true,"campfire_choices":[{"floor":11,"key":"REST"}],"circlet_count":0,"master_deck":["AscendersBane","Strike_G","Strike_G","Strike_G","Strike_G","Strike_G","Defend_G","Defend_G","Defend_G","Defend_G","Defend_G","Survivor","Neutralize","Cloak And Dagger","Footwork","Dagger Spray","PiercingWail","Catalyst","Catalyst"],"relics":["Ring of the Snake","NeowsBlessing","FaceOfCleric","Golden Idol","Bottled Flame","Frozen Egg 2"],"acts_visited":["Exordium"],"potions_floor_usage":[],"damage_taken":[{"damage":0.0,"enemies":"2 Louse","floor":1.0,"turns":1.0},{"damage":0.0,"enemies":"Cultist","floor":2.0,"turns":1.0},{"damage":0.0,"enemies":"Lagavulin","floor":6.0,"turns":1.0},{"damage":4.0,"enemies":"Small Slimes","floor":7.0,"turns":3.0},{"damage":6,"enemies":"Looter","floor":10,"turns":4},{"damage":39,"enemies":"3 Sentries","floor":12,"turns":6}],"seed_played":"1963411003110776982","potions_obtained":[],"is_trial":false,"path_per_floor":["M","M","?","$","?","E","M","?","T","M","R","E"],"character_chosen":"THE_SILENT","items_purchased":["Footwork","Dagger Spray"],"campfire_rested":1,"item_purchase_floors":[4,4],"current_hp_per_floor":[59,59,59,59,36,37,34,23,23,18,38,0,0],"gold":125,"neow_bonus":"THREE_ENEMY_KILL","is_daily":false,"chose_seed":false,"campfire_upgraded":0,"win_rate":0.0,"timestamp":1609990326,"path_taken":["M","M","?","?","?","E","M","?","T","M","R","E"],"items_purchased_type":["Card","Card"],"build_version":"2020-12-22","purchased_purges":0,"victory":false,"max_hp_per_floor":[66,66,66,66,66,67,68,68,68,69,69,69,69],"card_choices":[{"not_picked":["Quick Slash","Sucker Punch"],"picked":"Cloak And Dagger","floor":1.0},{"not_picked":["Prepared","Deflect","Eviscerate"],"picked":"SKIP","floor":2.0},{"not_picked":["Bullet Time","Bane"],"picked":"PiercingWail","floor":6.0},{"not_picked":["Underhanded Strike","Poisoned Stab"],"picked":"Catalyst","floor":7.0},{"not_picked":["Dodge and Roll","Calculated Gamble"],"picked":"Catalyst","floor":10}],"player_experience":2482275,"relics_obtained":[{"floor":6.0,"key":"Bottled Flame"},{"floor":9.0,"key":"Frozen Egg 2"}],"event_choices":[{"damage_healed":0.0,"max_hp_gain":0.0,"max_hp_loss":0.0,"gold_gain":0.0,"event_name":"FaceTrader","player_choice":"Trade","floor":3.0,"gold_loss":0.0,"damage_taken":0.0,"relics_obtained":["FaceOfCleric"]},{"damage_healed":0.0,"max_hp_gain":0.0,"max_hp_loss":0.0,"gold_gain":0.0,"event_name":"Golden Idol","player_choice":"Take Damage","floor":5.0,"gold_loss":0.0,"damage_taken":23.0,"relics_obtained":["Golden Idol"]},{"damage_healed":0.0,"max_hp_gain":0.0,"max_hp_loss":0.0,"gold_gain":75.0,"event_name":"World of Goop","player_choice":"Gather Gold","floor":8.0,"gold_loss":0.0,"damage_taken":11.0}],"is_beta":false,"boss_relics":[],"items_purged_floors":[],"is_endless":false,"potions_floor_spawned":[],"killed_by":"3 Sentries","ascension_level":20}}