{"host":"2gugywxuw0nvjb3h","time":1609981360,"event":{"mods":["AchievementEnabler","BaseMod","Better Altar","Better Match","Better Note","Better Sensory Stone","Better Skull","Better Third Choice","BetterRewards","Colored Map","Colored Powertips","Curses Come First","Evolution","GifTheSpireLib","Hermit","Key Reminder","Marisa????????","Minty Spire (QoL Compilation)","Rare Cards Sparkle","Relic Sorter","Replay The Spire","Shade Mod","Spicy Shops","StSLib","The Cursed","The Disciple","The Marked","The Senshi","The Servant 0.9.4"],"gold_per_floor":[116,116,116,129,54,81,128,154,228,228,242,261,55,67,67,168,168,182,182,281,296,5,37,37,51,51,51,79,96,122,136,136,235,235,247,247,44,63,0,31,31,83,83,111,122,154,154,182,182,182],"floor_reached":51,"playtime":5052,"items_purged":["Regret"],"score":1541,"play_id":"f673d6fc-2601-4bb7-9ff8-3b2405226cf3","local_time":"20210106180240","is_ascension_mode":true,"campfire_choices":[{"data":"Shade:UnbarTheGrave","floor":10.0,"key":"SMITH"},{"data":"Shade:FingerOfDeath","floor":15.0,"key":"SMITH"},{"data":"Shade:Putrefaction","floor":24.0,"key":"SMITH"},{"data":"Shade:Carnophage","floor":27.0,"key":"SMITH"},{"data":"Shade:SensePrey","floor":32,"key":"SMITH"},{"data":"Shade:TouchOfTheGrave","floor":41,"key":"SMITH"},{"data":"Shade:Awaken","floor":49,"key":"SMITH"}],"circlet_count":0,"master_deck":["Shade:Strike_Shade+1","Shade:Strike_Shade","Shade:Strike_Shade","Shade:Strike_Shade","Shade:Defend_Shade+1","Shade:Defend_Shade","Shade:Defend_Shade","Shade:AnimateDead","Shade:CarefulCut","Shade:FuneraryJewels","Shade:FuneraryJewels","Shade:UnbarTheGrave+1","Shade:Frenzy","Shade:Frenzy","Shade:FleshToFlesh+1","Shade:Bonestorm","Shade:Brains","Shade:CommandSoldier+1","Shade:Trample","Shade:SensePrey+1","Shade:Premonition","Shade:FingerOfDeath","Shade:FingerOfDeath+1","Shade:Carnophage+1","Shade:Putrefaction+1","Shade:Awaken+1","Shade:ExtraLimbs+1","Shade:Brains+1","Shade:StitchTogether+1","Shade:ScuttlingHand","Shade:GraveStillness+1","Shade:TouchOfTheGrave+1","Shade:OpenGraves+1","Shade:Brains+1","Shade:UnbarTheGrave+1","AbeCurse","Shade:FreshBones+1","Trip+1","Deep Breath+1","Shade:Premonition+1","Shade:Trample+1","Shade:OpenGraves","Shade:GoDigging+1","Shade:Bonestorm","Shade:CallOfTheGrave+1"],"relics":["Shade:YorickSkull","EVO:Axolotl","Matryoshka","Replay:Ringing Soul","ReplayTheSpireMod:TigerMarble","Pet Ghost","Pen Nib","Blood Vial","Strawberry","Lantern","Bag of Preparation","Orichalcum","Eternal Feather","Juzu Bracelet","Coffee Dripper","Toxic Egg 2","Sundial","Replay:Accelerometer","White Beast Statue","Bag of Marbles","Abe\u0027s Treasure","Replay:Wax Seal","Happy Flower","Red Mask","Thread and Needle","War Paint","Golden Egg","Gremlin Food","ReplayTheSpireMod:Shallot","Bottled Lightning"],"acts_visited":["Exordium","TheCity","TheBeyond"],"potions_floor_usage":[33,40,44,44],"damage_taken":[{"damage":0.0,"enemies":"Jaw Worm","floor":1.0,"turns":3.0},{"damage":0.0,"enemies":"Cultist","floor":4.0,"turns":3.0},{"damage":4.0,"enemies":"Gremlin Nob","floor":6.0,"turns":4.0},{"damage":0.0,"enemies":"Replay:BlueRogue","floor":8.0,"turns":5.0},{"damage":0.0,"enemies":"2 Louse","floor":11.0,"turns":2.0},{"damage":0.0,"enemies":"Exordium Thugs","floor":12.0,"turns":3.0},{"damage":0.0,"enemies":"Looter","floor":14.0,"turns":2.0},{"damage":6.0,"enemies":"Fading Forest","floor":16.0,"turns":11.0},{"damage":0.0,"enemies":"2 Thieves","floor":18.0,"turns":3.0},{"damage":0.0,"enemies":"Shell Parasite","floor":21.0,"turns":4.0},{"damage":5.0,"enemies":"Replay:Snechameleon","floor":23.0,"turns":4.0},{"damage":0.0,"enemies":"Centurion and Healer","floor":25.0,"turns":4.0},{"damage":0.0,"enemies":"Gremlin Leader","floor":28.0,"turns":4.0},{"damage":0,"enemies":"Sentry and Sphere","floor":29,"turns":2},{"damage":8,"enemies":"Replay:Snechameleon","floor":30,"turns":5},{"damage":0,"enemies":"Shelled Parasite and Fungi","floor":31,"turns":4},{"damage":26,"enemies":"Automaton","floor":33,"turns":8},{"damage":0,"enemies":"3 Darklings","floor":35,"turns":3},{"damage":0,"enemies":"3 Shapes","floor":38,"turns":2},{"damage":0,"enemies":"R_Hoarder","floor":40,"turns":5},{"damage":13,"enemies":"Nemesis","floor":44,"turns":7},{"damage":0,"enemies":"Sphere and 2 Shapes","floor":45,"turns":2},{"damage":0,"enemies":"Giant Head","floor":46,"turns":5},{"damage":0,"enemies":"Nemesis","floor":48,"turns":5},{"damage":0,"enemies":"Awakened One","floor":50,"turns":9}],"seed_played":"-9027568371728644858","potions_obtained":[{"floor":1.0,"key":"Weak Potion"},{"floor":4.0,"key":"Fire Potion"},{"floor":6.0,"key":"Weak Potion"},{"floor":12.0,"key":"Languid Potion"},{"floor":29,"key":"Energy Potion"},{"floor":31,"key":"ColorlessPotion"},{"floor":33,"key":"EntropicBrew"},{"floor":40,"key":"PowerPotion"},{"floor":46,"key":"ColorlessPotion"}],"is_trial":false,"path_per_floor":["M","?","?","M","$","E","T","E","T","R","M","M","$","M","R_BF","B",null,"M","?","?","M","$","E","R","M","T","R","E","M","E","M","R","B",null,"M","?","$","M","?","E","R","T","T","E","M","E","?","E","R","B",null],"character_chosen":"SHADE","items_purchased":["Shade:FuneraryJewels","Shade:UnbarTheGrave","Matryoshka","Replay:Ringing Soul","Shade:Frenzy","ReplayTheSpireMod:TigerMarble","Pet Ghost","Shade:FleshToFlesh","Shade:FingerOfDeath","Juzu Bracelet","Toxic Egg 2","Shade:Brains+1","Replay:Wax Seal","Happy Flower"],"campfire_rested":0,"item_purchase_floors":[0,0,0,0,0,0,0,0,13,13,22,22,37,37],"current_hp_per_floor":[71,57,60,63,63,62,69,74,74,86,91,96,99,102,102,99,105,108,108,108,111,114,112,117,120,120,120,123,126,121,126,132,119,138,141,144,144,147,147,150,150,150,150,140,145,150,150,162,162,162],"gold":182,"neow_bonus":"","is_daily":false,"chose_seed":false,"campfire_upgraded":7,"win_rate":0.0,"timestamp":1609981360,"path_taken":["M","?","?","M","$","E","?","E","T","R","?","M","$","M","R_BF","BOSS","M","?","?","M","$","E","R","M","T","R","E","M","E","M","R","BOSS","M","?","$","M","?","E","R","?","T","E","M","E","?","E","R","BOSS"],"items_purchased_type":["Card","Card","Relic","Relic","Card","Relic","Relic","Card","Card","Relic","Relic","Card","Relic","Relic"],"build_version":"2020-12-22","purchased_purges":1,"victory":true,"max_hp_per_floor":[71,71,74,77,77,80,87,90,90,90,93,96,99,102,102,105,105,108,108,108,111,114,117,117,120,120,120,123,126,129,132,132,135,138,141,144,144,147,147,150,150,150,150,153,156,159,159,162,162,162],"card_choices":[{"not_picked":["Shade:CoffinDance","Shade:SkeletonHug"],"picked":"Shade:Bonestorm","floor":1.0},{"not_picked":["Shade:SelfBurial","Shade:SpontaneousRitual"],"picked":"Shade:Brains","floor":4.0},{"not_picked":["Shade:GoDigging","Shade:LyeBath"],"picked":"Shade:CommandSoldier","floor":6.0},{"not_picked":["Shade:CoffinDance","Shade:SkeletonHug"],"picked":"Shade:Trample","floor":8.0},{"not_picked":["Shade:TouchOfTheGrave","Shade:ClawBack"],"picked":"Shade:SensePrey","floor":11.0},{"not_picked":["Shade:PoundOfFlesh","Shade:CommandSoldier"],"picked":"Shade:Premonition","floor":12.0},{"not_picked":["Shade:FleshLikeOak","Shade:Frenzy"],"picked":"Shade:Carnophage","floor":14.0},{"not_picked":["Shade:SoulPierce","Shade:MadHubris"],"picked":"Shade:Putrefaction","floor":16.0},{"not_picked":["Shade:RavenousHorde+1","Shade:CommandSoldier"],"picked":"Shade:Awaken","floor":18.0},{"not_picked":["Shade:SoulToxin","Shade:Awaken"],"picked":"Shade:ExtraLimbs+1","floor":21.0},{"not_picked":["Shade:FuneraryArmor+1","Shade:Doomsay"],"picked":"Shade:StitchTogether+1","floor":23.0},{"not_picked":["Shade:AncientSpear","Shade:BoneShards"],"picked":"Shade:ScuttlingHand","floor":25.0},{"not_picked":["Shade:Bonestorm","Shade:FuneraryArmor+1"],"picked":"Shade:GraveStillness+1","floor":28},{"not_picked":["Shade:SkeletonHug","Shade:RavenousHorde+1"],"picked":"Shade:TouchOfTheGrave","floor":29},{"not_picked":["Shade:OminousRitual","Shade:WallOfFlesh+1"],"picked":"Shade:OpenGraves+1","floor":30},{"not_picked":["Shade:CommandSoldier+1","Shade:Premonition+1"],"picked":"Shade:Brains+1","floor":31},{"not_picked":["Shade:OfferingToTheBeyond","Shade:LastGasp+1"],"picked":"Shade:UnbarTheGrave+1","floor":33},{"not_picked":["Shade:Asphyxiate","Shade:FleshToFlesh+1"],"picked":"Shade:FreshBones+1","floor":35},{"not_picked":["Replay:Sssssssssstrike","Poisoned Strike"],"picked":"Trip+1","floor":36},{"not_picked":["Magnetism","Mind Blast"],"picked":"Deep Breath+1","floor":36},{"not_picked":["Shade:BoneShards+1","Shade:ExtraLimbs+1"],"picked":"Shade:Premonition+1","floor":38},{"not_picked":["Shade:SpontaneousRitual","Shade:BoneShards"],"picked":"Shade:Trample+1","floor":40},{"not_picked":["Shade:ExtraLimbs+1","Shade:GraveStillness+1"],"picked":"Shade:OpenGraves","floor":44},{"not_picked":["Shade:SkeletonHug","Shade:Doomsay+1"],"picked":"Shade:GoDigging+1","floor":45},{"not_picked":["Shade:OneIsEnough","Shade:RitualOffering+1"],"picked":"Shade:Bonestorm","floor":46},{"not_picked":["Shade:PoundOfFlesh","Shade:Trample+1"],"picked":"Shade:CallOfTheGrave+1","floor":48}],"player_experience":277644,"relics_obtained":[{"floor":6.0,"key":"Blood Vial"},{"floor":7.0,"key":"Strawberry"},{"floor":7.0,"key":"Lantern"},{"floor":8.0,"key":"Bag of Preparation"},{"floor":9.0,"key":"Orichalcum"},{"floor":9.0,"key":"Eternal Feather"},{"floor":23.0,"key":"Sundial"},{"floor":26.0,"key":"Replay:Accelerometer"},{"floor":28,"key":"White Beast Statue"},{"floor":30,"key":"Bag of Marbles"},{"floor":40,"key":"Thread and Needle"},{"floor":42,"key":"War Paint"},{"floor":43,"key":"Golden Egg"},{"floor":44,"key":"Gremlin Food"},{"floor":46,"key":"ReplayTheSpireMod:Shallot"},{"floor":48,"key":"Bottled Lightning"}],"event_choices":[{"damage_healed":71.0,"max_hp_gain":0.0,"max_hp_loss":71.0,"gold_gain":0.0,"event_name":"betterThird:BetterShining","player_choice":"Upgrade","floor":2.0,"gold_loss":0.0,"damage_taken":14.0,"cards_upgraded":["Shade:Defend_Shade","Shade:Strike_Shade"]},{"damage_healed":0.0,"max_hp_gain":0.0,"max_hp_loss":0.0,"gold_gain":0.0,"event_name":"Big Fish","player_choice":"Box","floor":3.0,"gold_loss":0.0,"damage_taken":0.0,"relics_obtained":["Pen Nib"],"cards_obtained":["Regret"]},{"damage_healed":0.0,"max_hp_gain":0.0,"max_hp_loss":0.0,"gold_gain":0.0,"event_name":"betterNote:BetterNote","player_choice":"Ignored","floor":19.0,"gold_loss":0.0,"damage_taken":0.0,"cards_obtained":["Strike_MRS"]},{"damage_healed":0.0,"max_hp_gain":0.0,"max_hp_loss":0.0,"gold_gain":99.0,"event_name":"betterThird:BetterNest","player_choice":"Steal","floor":20.0,"gold_loss":0.0,"damage_taken":0.0},{"damage_healed":0,"gold_gain":3,"player_choice":"1","damage_taken":0,"max_hp_gain":0,"max_hp_loss":0,"event_name":"betterStone:BetterStone","floor":36,"gold_loss":0},{"damage_healed":0,"gold_gain":0,"player_choice":"Paid","damage_taken":0,"relics_obtained":["Red Mask"],"max_hp_gain":0,"max_hp_loss":0,"event_name":"Tomb of Lord Red Mask","floor":39,"gold_loss":63},{"cards_removed":["Shade:Defend_Shade"],"damage_healed":0,"gold_gain":0,"player_choice":"Removed Skill","damage_taken":0,"max_hp_gain":0,"max_hp_loss":0,"event_name":"Falling","floor":47,"gold_loss":0}],"is_beta":false,"boss_relics":[{"not_picked":["Velvet Choker","Honey Jar"],"picked":"Coffee Dripper"},{"not_picked":["Fusion Hammer","Busted Crown"],"picked":"Abe\u0027s Treasure"}],"items_purged_floors":[5],"is_endless":false,"potions_floor_spawned":[1,4,6,12,14,23,25,29,30,31,33,35,38,40,44,45,46,48],"ascension_level":3}}