{"host":"erxdo5czqejbiu49","time":1609986592,"event":{"mods":["Act Like it!","Aspiration","BaseMod","Better Third Choice","Conspire","Downfall-Rebalance","Elementarium","Hermit","Hubris","Minty Spire (QoL Compilation)","Replay The Spire","Shop Mod","StSLib","The Disciple","The Hierophant"],"gold_per_floor":[119,146,158,172,191,191,204,219,243,243,254,254,285,298,298,393,393,409,428,12,26,41,67,79,90,115,115,128,138,168,181,181,283,283,299,315,0,15,15,15,96,109,109,109,159,191,211,211,211,211],"floor_reached":51,"playtime":4624,"items_purged":[],"score":729,"play_id":"a3667146-303f-40f5-8da9-c3bc5885f27d","local_time":"20210106212952","is_ascension_mode":false,"campfire_choices":[{"data":"Crippling Poison","floor":6.0,"key":"SMITH"},{"data":"Draining Mist","floor":12.0,"key":"SMITH"},{"floor":15.0,"key":"REST"},{"floor":27.0,"key":"REST"},{"data":"expansioncontent:StudyTheSpire","floor":32.0,"key":"SMITH"},{"floor":40,"key":"REST"},{"data":"Noxious Fumes","floor":44,"key":"SMITH"},{"floor":49,"key":"REST"}],"circlet_count":0,"master_deck":["Strike_G","Strike_G","Strike_G","Strike_G","Strike_G","Defend_G","Defend_G","Defend_G","Defend_G","Defend_G","Survivor","Neutralize","Bane","PiercingWail","Crippling Poison+1","Cloak And Dagger","Masterful Stab","Draining Mist+1","PiercingWail","Predator","Malaise","Neutralize","Deadly Poison","Dodge and Roll","PiercingWail","ReplayTheSpireMod:Necrosis","Deadly Poison+1","Deflect+1","expansioncontent:StudyTheSpire+1","Footwork","Dagger Spray+1","Blur+1","Caltrops+1","After Image","Deflect","Crippling Poison","Fluid Movement+1","Flying Knee+1","Noxious Fumes+1","Deadly Poison","Replay:Bag of Tricks","Replay:Bag of Tricks","Quick Slash+1","Poisoned Strike","Poisoned Stab+1","ReplayTheSpireMod:Tripwire","Cloak And Dagger+1","Toxin Wave+1","Hidden Blade+1","Sneak Up+1","Parasite","Poisoned Stab+1","Noxious Fumes"],"relics":["Ring of the Serpent","NeowsBlessing","hubris:Reverence","Snake Skull","Question Card","ChewingGum","MerchantsRug","Strawberry","Dream Catcher","ReplayTheSpireMod:Shallot","Elementarium:ElementariumTrophy","PreservedInsect","Mirror","TungstenRod","Mummified Hand","hubris:TenFootPole"],"acts_visited":["Exordium","Elementarium:Elementarium","TheBeyond"],"potions_floor_usage":[36,47,50,50,50],"damage_taken":[{"damage":0.0,"enemies":"conspire:RoseBush","floor":1.0,"turns":1.0},{"damage":0.0,"enemies":"conspire:MimicChest","floor":2.0,"turns":1.0},{"damage":0.0,"enemies":"2 Louse","floor":3.0,"turns":1.0},{"damage":1.0,"enemies":"Cultist","floor":4.0,"turns":4.0},{"damage":8.0,"enemies":"Looter","floor":5.0,"turns":3.0},{"damage":8.0,"enemies":"Exordium Wildlife","floor":7.0,"turns":3.0},{"damage":3.0,"enemies":"2 Fungi Beasts","floor":8.0,"turns":3.0},{"damage":0.0,"enemies":"Blue Slaver","floor":11.0,"turns":3.0},{"damage":6.0,"enemies":"3 Sentries","floor":13.0,"turns":3.0},{"damage":13.0,"enemies":"Exordium Thugs","floor":14.0,"turns":5.0},{"damage":47.0,"enemies":"Fading Forest","floor":16.0,"turns":11.0},{"damage":0.0,"enemies":"Elementarium:VoidCorruption","floor":18.0,"turns":4.0},{"damage":0.0,"enemies":"Elementarium:2_ELEMENTALS","floor":19.0,"turns":3.0},{"damage":12.0,"enemies":"Elementarium:VOID_CORRUPTION_AND_TAR_GOLEM","floor":21.0,"turns":9.0},{"damage":7.0,"enemies":"Elementarium:Hydrostalker","floor":22.0,"turns":7.0},{"damage":16.0,"enemies":"Elementarium:FIRE_NOBILITY","floor":23.0,"turns":10.0},{"damage":4.0,"enemies":"Elementarium:STONE_GOLEMS","floor":24.0,"turns":4.0},{"damage":15.0,"enemies":"Elementarium:VoidBeast","floor":25.0,"turns":5.0},{"damage":4.0,"enemies":"Elementarium:Hydrostalker","floor":28.0,"turns":6.0},{"damage":0.0,"enemies":"Elementarium:VOID_CORRUPTION_AND_TAR_GOLEM","floor":29.0,"turns":9.0},{"damage":8.0,"enemies":"Elementarium:WarGolem","floor":30.0,"turns":5.0},{"damage":1.0,"enemies":"Elementarium:RubyGolem","floor":31.0,"turns":4.0},{"damage":9.0,"enemies":"Elementarium:PHOENIXES","floor":33.0,"turns":12.0},{"damage":1,"enemies":"3 Shapes","floor":35,"turns":4},{"damage":0,"enemies":"Orb Walker","floor":36,"turns":4},{"damage":58,"enemies":"4 Shapes","floor":38,"turns":4},{"damage":0,"enemies":"Sphere and 2 Shapes","floor":42,"turns":6},{"damage":0,"enemies":"Mind Bloom Boss Battle","floor":45,"turns":7},{"damage":4,"enemies":"Giant Head","floor":46,"turns":8},{"damage":2,"enemies":"Writhing Mass","floor":47,"turns":5},{"damage":10,"enemies":"Donu and Deca","floor":50,"turns":9}],"seed_played":"-8039914849747632686","potions_obtained":[{"floor":2.0,"key":"EntropicBrew"},{"floor":4.0,"key":"BlessingOfTheForge"},{"floor":7.0,"key":"EssenceOfSteel"},{"floor":11.0,"key":"Energy Potion"},{"floor":13.0,"key":"BlessingOfTheForge"},{"floor":19.0,"key":"Fire Potion"},{"floor":24.0,"key":"sneckomod:MuddlingPotion"},{"floor":25.0,"key":"EntropicBrew"},{"floor":30.0,"key":"Block Potion"},{"floor":33.0,"key":"GamblersBrew"},{"floor":36,"key":"ColorlessPotion"},{"floor":42,"key":"Poison Potion"},{"floor":47,"key":"LiquidBronze"}],"is_trial":false,"path_per_floor":["M","?","M","M","M","R","M","M","T","?","M","R","E","M","R","B",null,"M","M","$","M","M","E","M","M","T","R","M","M","E","M","R","B",null,"M","M","$","M","?","R","T","M","T","R","?","E","M","T","R","B",null],"character_chosen":"THE_SILENT","items_purchased":["MerchantsRug","expansioncontent:StudyTheSpire","Footwork","PreservedInsect","Poisoned Strike"],"campfire_rested":4,"item_purchase_floors":[20,20,20,37,37],"current_hp_per_floor":[70,70,70,69,61,61,53,50,50,50,50,50,44,31,52,5,70,70,70,70,58,51,42,38,23,23,46,42,42,34,33,33,24,77,76,76,76,18,18,41,41,41,41,41,41,37,35,35,58,48],"gold":211,"neow_bonus":"THREE_ENEMY_KILL","is_daily":false,"chose_seed":false,"campfire_upgraded":4,"win_rate":0.0,"timestamp":1609986592,"path_taken":["M","?","M","M","M","R","M","M","T","?","M","R","E","M","R","BOSS","M","M","$","M","?","E","M","M","T","R","M","M","E","M","R","BOSS","M","M","$","M","?","R","?","M","T","R","?","E","M","?","R","BOSS"],"items_purchased_type":["Relic","Card","Card","Relic","Card"],"build_version":"2020-12-22","purchased_purges":0,"victory":true,"max_hp_per_floor":[70,70,70,70,70,70,70,70,70,70,70,70,70,70,70,70,70,70,70,70,70,70,77,77,77,77,77,77,77,77,77,77,77,77,77,77,77,77,77,77,77,77,77,77,77,77,77,77,77,77],"card_choices":[{"not_picked":["Acrobatics","Deflect"],"picked":"Bane","floor":1.0},{"not_picked":["Acrobatics","Quick Slash"],"picked":"PiercingWail","floor":2.0},{"not_picked":["Deadly Poison","Catalyst"],"picked":"Crippling Poison","floor":3.0},{"not_picked":["Choke","Sucker Punch"],"picked":"Cloak And Dagger","floor":4.0},{"not_picked":["Calculated Gamble","Quick Slash"],"picked":"Masterful Stab","floor":5.0},{"not_picked":["Sucker Punch","Bane"],"picked":"Draining Mist","floor":7.0},{"not_picked":["Quick Slash","conspire:DoublingDagger"],"picked":"PiercingWail","floor":8.0},{"not_picked":["Backflip","Infinite Blades"],"picked":"Deadly Poison","floor":11.0},{"not_picked":["Distraction","Prepared"],"picked":"Dodge and Roll","floor":13.0},{"not_picked":["Choke","Dagger Spray","Acrobatics"],"picked":"PiercingWail","floor":14.0},{"not_picked":["Bullet Time","Grand Finale","A Thousand Cuts"],"picked":"ReplayTheSpireMod:Necrosis","floor":16.0},{"not_picked":["Dagger Throw","Bane","Deflect+1"],"picked":"Deadly Poison+1","floor":18.0},{"not_picked":["Hidden Blade","Slice+1","Grand Finale"],"picked":"Deflect+1","floor":19.0},{"not_picked":["ReplayTheSpireMod:Tripwire+1","Hidden Blade","Well Laid Plans"],"picked":"Dagger Spray+1","floor":21.0},{"not_picked":["Quick Slash","Setup","Prepared"],"picked":"Blur+1","floor":22.0},{"not_picked":["Slice","Deadly Poison+1","Dagger Spray"],"picked":"Caltrops+1","floor":23.0},{"not_picked":["Bane+1","Outmaneuver","Dodge and Roll"],"picked":"After Image","floor":24.0},{"not_picked":["Acrobatics","Quick Slash+1","conspire:DoublingDagger"],"picked":"Deflect","floor":25.0},{"not_picked":["Expertise","Outmaneuver","Dash"],"picked":"Crippling Poison","floor":27.0},{"not_picked":["Prepared","Choke","Acrobatics"],"picked":"Fluid Movement+1","floor":28.0},{"not_picked":["Cloak And Dagger","Terror","Deflect+1"],"picked":"Flying Knee+1","floor":29.0},{"not_picked":["Sucker Punch","Underhanded Strike","Footwork+1"],"picked":"Noxious Fumes","floor":30.0},{"not_picked":["Choke","Hidden Blade","Bane"],"picked":"Deadly Poison","floor":31.0},{"not_picked":["ReplayTheSpireMod:From All Sides","Bullet Time","ReplayTheSpireMod:Necrosis"],"picked":"Replay:Bag of Tricks","floor":33.0},{"not_picked":["hubris:SlightOfHand","Deflect+1","Dodge and Roll"],"picked":"Replay:Bag of Tricks","floor":35},{"not_picked":["Well Laid Plans+1","Prepared+1","Underhanded Strike"],"picked":"Quick Slash+1","floor":36},{"not_picked":["Tactician","PiercingWail","Quick Slash"],"picked":"Poisoned Stab+1","floor":38},{"not_picked":["Dagger Throw+1","Predator","hubris:SlightOfHand+1"],"picked":"Cloak And Dagger+1","floor":40},{"not_picked":["Deflect","Slice","Finisher+1"],"picked":"Toxin Wave+1","floor":42},{"not_picked":["Dagger Throw+1","Endless Agony","Flying Knee"],"picked":"Hidden Blade+1","floor":45},{"not_picked":["Finisher+1","Deadly Poison","Replay:Bag of Tricks"],"picked":"Sneak Up+1","floor":46},{"not_picked":["PiercingWail","Sucker Punch+1","Underhanded Strike"],"picked":"Poisoned Stab+1","floor":47},{"not_picked":["Bane","Deadly Poison","ReplayTheSpireMod:Scrap Shanks"],"picked":"Noxious Fumes","floor":49}],"player_experience":412320,"relics_obtained":[{"floor":2.0,"key":"hubris:Reverence"},{"floor":9.0,"key":"Snake Skull"},{"floor":13.0,"key":"Question Card"},{"floor":23.0,"key":"Strawberry"},{"floor":26.0,"key":"Dream Catcher"},{"floor":30.0,"key":"ReplayTheSpireMod:Shallot"},{"floor":41,"key":"Mirror"},{"floor":45,"key":"TungstenRod"},{"floor":46,"key":"Mummified Hand"},{"floor":48,"key":"hubris:TenFootPole"}],"event_choices":[{"damage_healed":0.0,"max_hp_gain":0.0,"max_hp_loss":0.0,"gold_gain":0.0,"event_name":"Match and Keep!","player_choice":"3 cards matched","floor":10.0,"gold_loss":0.0,"damage_taken":0.0,"cards_obtained":["Predator","Malaise","Neutralize"]},{"damage_healed":0,"gold_gain":0,"player_choice":"Fight","damage_taken":0,"max_hp_gain":0,"max_hp_loss":0,"event_name":"MindBloom","floor":45,"gold_loss":0}],"is_beta":false,"boss_relics":[{"not_picked":["Ectoplasm","Cursed Key"],"picked":"ChewingGum"},{"not_picked":["Coffee Dripper","Fusion Hammer"],"picked":"Ring of the Serpent"}],"items_purged_floors":[],"is_endless":false,"potions_floor_spawned":[2,4,7,11,13,19,24,25,30,33,36,42,47],"ascension_level":0}}