{"host":"gx7yyrn1gkym3qpb","time":1609988224,"event":{"mods":["AchievementEnabler","BaseMod","Better Altar","Better Match","Better Note","Better Sensory Stone","Better Skull","Better Third Choice","Highlight Path","Minty Spire (QoL Compilation)","Permanent Neow","Quick Restart","StSLib","Unceasing Turn Reminder"],"gold_per_floor":[12,26,26,44,58,89,89,119,119,119,119],"floor_reached":10,"playtime":383,"items_purged":[],"score":144,"play_id":"b3d34848-9e12-46cb-98b8-e773efe981fd","local_time":"20210106215704","is_ascension_mode":true,"campfire_choices":[{"data":"Bash","floor":7,"key":"SMITH"}],"circlet_count":0,"master_deck":["AscendersBane","Strike_R","Strike_R","Strike_R","Strike_R","Strike_R","Defend_R","Defend_R","Defend_R","Defend_R","Bash+1","Violence","Pommel Strike","Reaper+1","Carnage"],"relics":["Burning Blood","Paper Frog","Blue Candle","The Courier"],"acts_visited":["Exordium"],"potions_floor_usage":[8],"damage_taken":[{"damage":10.0,"enemies":"Small Slimes","floor":1.0,"turns":4.0},{"damage":19.0,"enemies":"Jaw Worm","floor":2.0,"turns":4.0},{"damage":7,"enemies":"Cultist","floor":4,"turns":4},{"damage":28,"enemies":"Lots of Slimes","floor":5,"turns":5},{"damage":45,"enemies":"3 Sentries","floor":6,"turns":10},{"damage":52,"enemies":"Lagavulin","floor":8,"turns":8},{"damage":28,"enemies":"Gremlin Nob","floor":10,"turns":3}],"seed_played":"5173311955804469740","potions_obtained":[{"floor":1.0,"key":"FairyPotion"},{"floor":5,"key":"Weak Potion"}],"is_trial":false,"path_per_floor":["M","M","?","M","M","E","R","E","T","E"],"character_chosen":"IRONCLAD","items_purchased":[],"campfire_rested":0,"item_purchase_floors":[],"current_hp_per_floor":[64,51,51,55,45,21,21,16,16,0,0],"gold":119,"neow_bonus":"RANDOM_COLORLESS_2","is_daily":false,"chose_seed":false,"campfire_upgraded":1,"win_rate":0.0,"timestamp":1609988224,"path_taken":["M","M","?","M","M","E","R","E","T","E"],"items_purchased_type":[],"build_version":"2020-12-22","purchased_purges":0,"victory":false,"max_hp_per_floor":[75,75,75,75,75,75,75,75,75,75,75],"card_choices":[{"not_picked":["Magnetism","Sadistic Nature"],"picked":"Violence","floor":0.0},{"not_picked":["Warcry","Wild Strike"],"picked":"Pommel Strike","floor":1.0},{"not_picked":["Sentinel","Clothesline","Flex"],"picked":"SKIP","floor":2.0},{"not_picked":["Sword Boomerang","Rampage"],"picked":"Carnage","floor":4},{"not_picked":["Pommel Strike","Armaments","Ghostly Armor"],"picked":"SKIP","floor":5},{"not_picked":["Perfected Strike","Dropkick","Havoc"],"picked":"SKIP","floor":6},{"not_picked":["Clash","Infernal Blade","Burning Pact"],"picked":"SKIP","floor":8}],"player_experience":399420,"relics_obtained":[{"floor":6,"key":"Paper Frog"},{"floor":8,"key":"Blue Candle"},{"floor":9,"key":"The Courier"}],"event_choices":[{"damage_healed":0,"gold_gain":1,"player_choice":"4","damage_taken":0,"max_hp_gain":0,"max_hp_loss":0,"event_name":"betterStone:BetterStone","floor":3,"gold_loss":0,"cards_obtained":["Reaper"]}],"is_beta":false,"boss_relics":[],"items_purged_floors":[],"is_endless":false,"potions_floor_spawned":[1,5],"killed_by":"Gremlin Nob","ascension_level":17}}