{"host":"d4km6p8r92tm3vpl","time":1609994525,"event":{"mods":["AchievementEnabler","BaseMod","Colored Map","Colored Powertips","DeckTracker","Minty Spire (QoL Compilation)","Relic Stats","StSLib"],"gold_per_floor":[112,132,57,19,94,125,125,125,125,136,193,209,209,243,243,243,243],"floor_reached":16,"playtime":415,"items_purged":[],"score":233,"play_id":"24562d6e-497d-42fe-af11-4bcc3d28bec3","local_time":"20210106234205","is_ascension_mode":true,"campfire_choices":[{"data":"Bash","floor":7,"key":"SMITH"},{"data":"Carnage","floor":13,"key":"SMITH"},{"data":"Combust","floor":15,"key":"SMITH"}],"circlet_count":0,"master_deck":["AscendersBane","Strike_R","Strike_R","Strike_R","Strike_R","Defend_R","Defend_R","Defend_R","Defend_R","Bash+1","Wild Strike","Heavy Blade","Carnage+1","Wild Strike+1","Combust+1","Clothesline+1","Spot Weakness"],"relics":["Burning Blood","NeowsBlessing","Molten Egg 2","Meat on the Bone","Gremlin Horn","Happy Flower"],"acts_visited":["Exordium"],"potions_floor_usage":[11],"damage_taken":[{"damage":0,"enemies":"2 Louse","floor":1,"turns":1},{"damage":0,"enemies":"Small Slimes","floor":2,"turns":1},{"damage":0,"enemies":"Gremlin Nob","floor":6,"turns":1},{"damage":0,"enemies":"Cultist","floor":10,"turns":2},{"damage":25,"enemies":"3 Sentries","floor":11,"turns":8},{"damage":16,"enemies":"Large Slime","floor":12,"turns":3},{"damage":39,"enemies":"3 Sentries","floor":14,"turns":7},{"damage":33,"enemies":"Slime Boss","floor":16,"turns":3}],"seed_played":"5969660019440424258","potions_obtained":[{"floor":1,"key":"LiquidMemories"},{"floor":6,"key":"FearPotion"},{"floor":14,"key":"Dexterity Potion"}],"is_trial":false,"path_per_floor":["M","M","?","$","?","E","R","?","T","M","?","M","R","E","R","B"],"character_chosen":"IRONCLAD","items_purchased":["Carnage"],"campfire_rested":0,"item_purchase_floors":[4],"current_hp_per_floor":[74,75,75,75,64,70,70,75,75,80,61,51,51,30,30,0,0],"gold":243,"neow_bonus":"THREE_ENEMY_KILL","is_daily":false,"chose_seed":false,"campfire_upgraded":3,"win_rate":0.0,"timestamp":1609994525,"path_taken":["M","M","?","$","?","E","R","?","T","M","?","M","R","E","R","BOSS"],"items_purchased_type":["Card"],"build_version":"2020-12-22","purchased_purges":0,"victory":false,"max_hp_per_floor":[75,75,75,75,75,75,75,80,80,80,80,80,80,80,80,80,80],"relic_stats":{"Gremlin Horn":[2,2],"Happy Flower":[1],"counters":[8,26],"obtain_stats":[{"NeowsBlessing":0,"Gremlin Horn":11,"Happy Flower":14,"Molten Egg 2":6,"Burning Blood":0,"Meat on the Bone":9},{"NeowsBlessing":0,"Gremlin Horn":5,"Happy Flower":7,"Molten Egg 2":3,"Burning Blood":0,"Meat on the Bone":3},{"NeowsBlessing":0,"Gremlin Horn":13,"Happy Flower":23,"Molten Egg 2":3,"Burning Blood":0,"Meat on the Bone":3}],"Burning Blood":36,"Meat on the Bone":12},"card_choices":[{"not_picked":["Rupture","Sword Boomerang"],"picked":"Wild Strike","floor":1},{"not_picked":["Shrug It Off","Headbutt"],"picked":"Heavy Blade","floor":2},{"not_picked":["Flex","Limit Break"],"picked":"Wild Strike+1","floor":6},{"not_picked":["Warcry","Rampage+1","Wild Strike+1"],"picked":"SKIP","floor":10},{"not_picked":["Infernal Blade","Headbutt+1"],"picked":"Combust","floor":11},{"not_picked":["Rampage+1","Body Slam+1"],"picked":"Clothesline+1","floor":12},{"not_picked":["Rupture","Feel No Pain"],"picked":"Spot Weakness","floor":14}],"player_experience":812516,"relics_obtained":[{"floor":6,"key":"Molten Egg 2"},{"floor":9,"key":"Meat on the Bone"},{"floor":11,"key":"Gremlin Horn"},{"floor":14,"key":"Happy Flower"}],"event_choices":[{"cards_removed":["Strike_R"],"damage_healed":0,"gold_gain":0,"player_choice":"Card Removal","damage_taken":0,"max_hp_gain":0,"max_hp_loss":0,"event_name":"The Cleric","floor":3,"gold_loss":75},{"damage_healed":0,"gold_gain":75,"player_choice":"Gather Gold","damage_taken":11,"max_hp_gain":0,"max_hp_loss":0,"event_name":"World of Goop","floor":5,"gold_loss":0},{"damage_healed":0,"gold_gain":0,"player_choice":"Donut","damage_taken":0,"max_hp_gain":5,"max_hp_loss":0,"event_name":"Big Fish","floor":8,"gold_loss":0},{"damage_healed":0,"gold_gain":0,"player_choice":"Searched \u00272\u0027 times","damage_taken":0,"max_hp_gain":0,"max_hp_loss":0,"event_name":"Dead Adventurer","floor":11,"gold_loss":0}],"is_beta":false,"boss_relics":[],"items_purged_floors":[],"is_endless":false,"potions_floor_spawned":[1,6,14],"killed_by":"Slime Boss","ascension_level":15}}