{"host":"19tvufa8xx4wr4o1","time":1609980688,"event":{"mods":["AchievementEnabler","BaseMod","Better Sensory Stone","Better Third Choice","Highlight Path","Minty Spire (QoL Compilation)","Relic Stats","StSLib"],"gold_per_floor":[119,4,4,18,18,46,114,114,114,126,126,91,35,60,60,131,131,147,147,162,14,31,31,50,50,77,77,36,48,48,67,67,67,67],"floor_reached":33,"playtime":1071,"items_purged":["Defend_G"],"score":487,"play_id":"30eac5b0-7ac9-4878-85a0-ad5d3e77c0c2","local_time":"20210106185128","is_ascension_mode":true,"campfire_choices":[{"floor":8,"key":"REST"},{"data":"Neutralize","floor":11,"key":"SMITH"},{"data":"A Thousand Cuts","floor":15,"key":"SMITH"},{"floor":23,"key":"REST"},{"floor":30,"key":"REST"},{"floor":32,"key":"REST"}],"circlet_count":0,"master_deck":["AscendersBane","Strike_G","Strike_G","Strike_G","Defend_G","Defend_G","Defend_G","Defend_G","Survivor","Neutralize+1","Blade Dance","Footwork","ReachHeaven","Infinite Blades","Riddle With Holes","Backstab","A Thousand Cuts+1","Adrenaline+1","Terror","Backflip","Phantasmal Killer","Cloak And Dagger","Venomology","Accuracy","Predator","Decay","Leg Sweep","Caltrops"],"relics":["Ring of the Snake","NeowsBlessing","Happy Flower","Pocketwatch","Calipers","Bag of Preparation","Empty Cage","Orrery","Ancient Tea Set"],"acts_visited":["Exordium","TheCity"],"potions_floor_usage":[22,24,31,33,33,33],"damage_taken":[{"damage":0,"enemies":"Jaw Worm","floor":1,"turns":1},{"damage":0,"enemies":"Small Slimes","floor":4,"turns":1},{"damage":0,"enemies":"Gremlin Nob","floor":6,"turns":1},{"damage":0,"enemies":"2 Louse","floor":10,"turns":2},{"damage":17,"enemies":"3 Sentries","floor":14,"turns":7},{"damage":14,"enemies":"The Guardian","floor":16,"turns":12},{"damage":20,"enemies":"2 Thieves","floor":18,"turns":3},{"damage":0,"enemies":"Chosen","floor":20,"turns":3},{"damage":5,"enemies":"Centurion and Healer","floor":22,"turns":5},{"damage":26,"enemies":"Shelled Parasite and Fungi","floor":24,"turns":5},{"damage":4,"enemies":"Snake Plant","floor":29,"turns":3},{"damage":14,"enemies":"Sentry and Sphere","floor":31,"turns":5},{"damage":81,"enemies":"Champ","floor":33,"turns":9}],"seed_played":"-2107867099701827857","potions_obtained":[{"floor":1,"key":"DistilledChaos"},{"floor":16,"key":"LiquidBronze"},{"floor":29,"key":"AttackPotion"},{"floor":31,"key":"Regen Potion"}],"is_trial":false,"path_per_floor":["M","$","?","M","?","E","?","R","T","M","R","$","?","E","R","B",null,"M","?","M","$","M","R","M","?","T","?","$","M","R","M","R","B"],"character_chosen":"THE_SILENT","items_purchased":["Footwork","Backstab","Orrery","Leg Sweep"],"campfire_rested":4,"item_purchase_floors":[2,12,21,28],"current_hp_per_floor":[59,59,59,59,34,34,34,53,53,53,53,53,53,36,36,22,55,35,35,35,35,30,49,23,36,36,36,36,32,51,37,56,0,0],"gold":67,"neow_bonus":"THREE_ENEMY_KILL","is_daily":false,"chose_seed":false,"campfire_upgraded":2,"win_rate":0.0,"timestamp":1609980688,"path_taken":["M","$","?","M","?","E","?","R","T","M","R","$","?","E","R","BOSS","M","?","?","$","M","R","M","?","T","?","?","M","R","M","R","BOSS"],"items_purchased_type":["Card","Card","Relic","Card"],"build_version":"2020-12-22","purchased_purges":1,"victory":false,"max_hp_per_floor":[66,66,66,66,66,66,66,66,66,66,66,66,66,66,66,66,66,66,66,66,66,66,66,66,66,66,66,66,66,66,66,66,66,66],"relic_stats":{"Happy Flower":[18],"counters":[13,57],"Bag of Preparation":[16],"obtain_stats":[{"Calipers":9,"NeowsBlessing":0,"Happy Flower":5,"Orrery":21,"Bag of Preparation":14,"Empty Cage":17,"Ancient Tea Set":26,"Ring of the Snake":0,"Pocketwatch":6},{"Calipers":3,"NeowsBlessing":0,"Happy Flower":2,"Orrery":8,"Bag of Preparation":5,"Empty Cage":6,"Ancient Tea Set":10,"Ring of the Snake":0,"Pocketwatch":3},{"Calipers":3,"NeowsBlessing":0,"Happy Flower":2,"Orrery":30,"Bag of Preparation":12,"Empty Cage":24,"Ancient Tea Set":40,"Ring of the Snake":0,"Pocketwatch":3}],"Ring of the Snake":[26],"Pocketwatch":[30]},"card_choices":[{"not_picked":["Well Laid Plans","Deadly Poison"],"picked":"Blade Dance","floor":1},{"not_picked":["Flying Knee","Infinite Blades","Outmaneuver"],"picked":"SKIP","floor":4},{"not_picked":["Eviscerate","Acrobatics"],"picked":"Infinite Blades","floor":6},{"not_picked":["All Out Attack","Dagger Spray"],"picked":"Riddle With Holes","floor":10},{"not_picked":["Finisher","Slice"],"picked":"A Thousand Cuts","floor":14},{"not_picked":["Grand Finale","Corpse Explosion"],"picked":"Adrenaline","floor":16},{"not_picked":["Backstab+1","Expertise"],"picked":"Terror","floor":18},{"not_picked":["Endless Agony","Deflect"],"picked":"Backflip","floor":20},{"not_picked":["Cloak And Dagger","Backstab"],"picked":"Phantasmal Killer","floor":21},{"not_picked":["Dodge and Roll","Unload"],"picked":"Cloak And Dagger","floor":21},{"not_picked":["Deadly Poison","Doppelganger"],"picked":"Venomology","floor":21},{"not_picked":["Backstab","PiercingWail"],"picked":"Accuracy","floor":21},{"not_picked":["Sucker Punch","Flechettes"],"picked":"Predator","floor":22},{"not_picked":["Deflect","Flying Knee","Predator"],"picked":"SKIP","floor":24},{"not_picked":["Sucker Punch","All Out Attack"],"picked":"Caltrops","floor":29},{"not_picked":["Quick Slash","Masterful Stab","Heel Hook"],"picked":"SKIP","floor":31}],"player_experience":557940,"relics_obtained":[{"floor":6,"key":"Pocketwatch"},{"floor":9,"key":"Calipers"},{"floor":14,"key":"Bag of Preparation"},{"floor":26,"key":"Ancient Tea Set"}],"event_choices":[{"damage_healed":0,"gold_gain":0,"player_choice":"Ignored","damage_taken":4,"max_hp_gain":0,"max_hp_loss":0,"event_name":"betterThird:BetterSerpent","floor":3,"gold_loss":0},{"damage_healed":0,"gold_gain":68,"player_choice":"Gained Gold","damage_taken":0,"max_hp_gain":0,"max_hp_loss":0,"event_name":"Golden Wing","floor":7,"gold_loss":0},{"damage_healed":0,"gold_gain":0,"player_choice":"Left","damage_taken":0,"max_hp_gain":0,"max_hp_loss":0,"event_name":"betterThird:BetterGoop","floor":13,"gold_loss":56},{"damage_healed":0,"gold_gain":0,"player_choice":"Upgraded","damage_taken":0,"max_hp_gain":0,"max_hp_loss":0,"event_name":"Upgrade Shrine","floor":19,"gold_loss":0,"cards_upgraded":["Adrenaline"]},{"damage_healed":13,"gold_gain":0,"player_choice":"Heal","damage_taken":0,"max_hp_gain":0,"max_hp_loss":0,"event_name":"The Library","floor":25,"gold_loss":0},{"damage_healed":0,"gold_gain":0,"player_choice":"Smashed Altar","damage_taken":0,"max_hp_gain":0,"max_hp_loss":0,"event_name":"Forgotten Altar","floor":27,"gold_loss":0,"cards_obtained":["Decay"]}],"is_beta":false,"boss_relics":[{"not_picked":["HoveringKite","Tiny House"],"picked":"Empty Cage"}],"items_purged_floors":[2],"is_endless":false,"potions_floor_spawned":[1,16,20,29,31],"killed_by":"Champ","ascension_level":15}}