{"host":"5x08nt64u3vxxcfi","time":1609991607,"event":{"mods":["BaseMod","Minty Spire (QoL Compilation)","StSLib","SuperFastMode"],"gold_per_floor":[15,32,42,58,58,85,52,52,78,78,105,25,25,40,40,138,138,157,157,182,196,196,196],"floor_reached":22,"playtime":520,"items_purged":[],"score":233,"play_id":"0cce81fb-355c-4a55-b79f-6924df3068b4","local_time":"20210107125327","is_ascension_mode":true,"campfire_choices":[{"data":"Aggregate","floor":10.0,"key":"SMITH"},{"data":"Go for the Eyes","floor":13.0,"key":"SMITH"},{"data":"Stack","floor":15.0,"key":"SMITH"}],"circlet_count":0,"master_deck":["Strike_B+1","Strike_B","Strike_B","Strike_B","Defend_B","Defend_B","Defend_B","Defend_B","Zap","Dualcast","Aggregate+1","Go for the Eyes+1","Sweeping Beam","White Noise+1","Reprogram+1","FTL","Self Repair","Hologram","Sweeping Beam","Stack+1","All For One","Gash+1","Heatsinks+1","Streamline"],"relics":["Cracked Core","Turnip","Boot","Vajra","Art of War","SlaversCollar","Ancient Tea Set","Red Mask"],"acts_visited":["Exordium","TheCity"],"potions_floor_usage":[18,20,20,20],"damage_taken":[{"damage":0.0,"enemies":"Cultist","floor":1.0,"turns":3.0},{"damage":6.0,"enemies":"2 Louse","floor":2.0,"turns":2.0},{"damage":1.0,"enemies":"Small Slimes","floor":3.0,"turns":3.0},{"damage":9.0,"enemies":"Blue Slaver","floor":4.0,"turns":3.0},{"damage":16.0,"enemies":"3 Sentries","floor":6.0,"turns":4.0},{"damage":13.0,"enemies":"Lagavulin","floor":11.0,"turns":6.0},{"damage":4.0,"enemies":"Looter","floor":14.0,"turns":3.0},{"damage":11.0,"enemies":"The Guardian","floor":16.0,"turns":11.0},{"damage":9,"enemies":"3 Byrds","floor":18,"turns":4},{"damage":8,"enemies":"Masked Bandits","floor":20,"turns":3},{"damage":27,"enemies":"Chosen","floor":21,"turns":5},{"damage":61,"enemies":"Centurion and Healer","floor":22,"turns":6}],"seed_played":"-686429803705226959","potions_obtained":[{"floor":3.0,"key":"SkillPotion"},{"floor":4.0,"key":"Fire Potion"},{"floor":6.0,"key":"Swift Potion"},{"floor":16.0,"key":"SkillPotion"},{"floor":18,"key":"PowerPotion"},{"floor":20,"key":"BlessingOfTheForge"}],"is_trial":false,"path_per_floor":["M","M","M","M","?","E","$","?","T","R","E","$","R","M","R","B",null,"M","?","?","M","M"],"character_chosen":"DEFECT","items_purchased":["FTL","Hologram","Sweeping Beam"],"campfire_rested":0,"item_purchase_floors":[7,12,12],"current_hp_per_floor":[75,69,68,59,44,28,28,28,28,28,15,15,15,18,18,14,75,73,73,72,52,0,0],"gold":196,"neow_bonus":"ONE_RARE_RELIC","is_daily":false,"chose_seed":false,"campfire_upgraded":3,"win_rate":0.0,"timestamp":1609991607,"path_taken":["M","?","M","M","?","E","$","?","T","R","E","?","R","M","R","BOSS","M","?","?","M","?"],"items_purchased_type":["Card","Card","Card"],"build_version":"2020-12-22","purchased_purges":0,"victory":false,"max_hp_per_floor":[75,75,75,75,75,75,75,75,75,75,75,75,75,75,75,75,75,75,75,75,75,75,75],"card_choices":[{"not_picked":["Rebound","Defragment"],"picked":"Aggregate","floor":1.0},{"not_picked":["Sunder","Compile Driver"],"picked":"Go for the Eyes","floor":2.0},{"not_picked":["Rebound","Turbo"],"picked":"Sweeping Beam","floor":3.0},{"not_picked":["Turbo","Tempest"],"picked":"White Noise","floor":4.0},{"not_picked":["Blizzard","Consume"],"picked":"Reprogram","floor":6.0},{"not_picked":["Ball Lightning","Steam"],"picked":"Self Repair","floor":11.0},{"not_picked":["Redo","Hologram"],"picked":"Stack","floor":14.0},{"not_picked":["Fission","Electrodynamics"],"picked":"All For One","floor":16.0},{"not_picked":["Rebound","Chill"],"picked":"Gash+1","floor":18},{"not_picked":["Glacier","Chill"],"picked":"Heatsinks+1","floor":20},{"not_picked":["Coolheaded+1","Lockon"],"picked":"Streamline","floor":21}],"player_experience":58454,"relics_obtained":[{"floor":6.0,"key":"Boot"},{"floor":9.0,"key":"Vajra"},{"floor":11.0,"key":"Art of War"},{"floor":20,"key":"Red Mask"}],"event_choices":[{"damage_healed":0.0,"max_hp_gain":0.0,"max_hp_loss":0.0,"gold_gain":0.0,"event_name":"Shining Light","player_choice":"Entered Light","floor":5.0,"gold_loss":0.0,"damage_taken":15.0,"cards_upgraded":["White Noise","Strike_B"]},{"damage_healed":0.0,"max_hp_gain":0.0,"max_hp_loss":0.0,"gold_gain":0.0,"event_name":"Living Wall","player_choice":"Grow","floor":8.0,"gold_loss":0.0,"damage_taken":0.0,"cards_upgraded":["Reprogram"]},{"damage_healed":0,"gold_gain":0,"player_choice":"Opened","damage_taken":0,"relics_obtained":["Ancient Tea Set"],"max_hp_gain":0,"max_hp_loss":0,"event_name":"The Mausoleum","floor":19,"gold_loss":0},{"damage_healed":0,"gold_gain":0,"player_choice":"Fought Bandits","damage_taken":0,"max_hp_gain":0,"max_hp_loss":0,"event_name":"Masked Bandits","floor":20,"gold_loss":0}],"is_beta":false,"boss_relics":[{"not_picked":["Astrolabe","Coffee Dripper"],"picked":"SlaversCollar"}],"items_purged_floors":[],"is_endless":false,"potions_floor_spawned":[3,4,6,16,18,20],"killed_by":"Centurion and Healer","ascension_level":4}}