{"host":"e87rn453naquue3h","time":1609978442,"event":{"mods":["AchievementEnabler","BaseMod","Downfall","Minty Spire (QoL Compilation)","StSLib"],"gold_per_floor":[99,115,135,135,148,148,174,208,208,208,358,268,268,282,293,293,293,293],"floor_reached":16,"playtime":944,"items_purged":["Guardian:Defend_Guardian"],"score":115,"play_id":"7dd26a9e-e6be-45bb-871d-487bd1d648bd","local_time":"20210106191402","is_ascension_mode":true,"campfire_choices":[{"data":"Guardian:TwinSlam","floor":1,"key":"SMITH"},{"data":"Guardian:StasisField","floor":6,"key":"SMITH"},{"data":"Guardian:EvasiveProtocol","floor":13,"key":"SMITH"}],"circlet_count":0,"master_deck":["Guardian:Strike_Guardian","Guardian:Strike_Guardian","Guardian:Strike_Guardian","Guardian:Defend_Guardian","Guardian:Defend_Guardian","Guardian:CurlUp","Guardian:TwinSlam+1","Guardian:GuardianWhirl","Guardian:CrystalBeam","Guardian:StasisField+1","Guardian:Gem_Red","Guardian:EvasiveProtocol+1","Guardian:RollAttack"],"relics":["Velvet Choker","Toy Ornithopter"],"acts_visited":["Exordium"],"potions_floor_usage":[16,16,16],"damage_taken":[{"damage":0,"enemies":"Jaw Worm","floor":2,"turns":3},{"damage":0,"enemies":"2 Louse","floor":3,"turns":3},{"damage":0,"enemies":"Cultist","floor":5,"turns":3},{"damage":41,"enemies":"Gremlin Nob","floor":8,"turns":5},{"damage":5,"enemies":"downfall:FleeingMerchant","floor":12,"turns":4},{"damage":0,"enemies":"Lots of Slimes","floor":14,"turns":1},{"damage":13,"enemies":"Large Slime","floor":15,"turns":5},{"damage":29,"enemies":"downfall:Silent","floor":16,"turns":11}],"seed_played":"-2008860445603380710","potions_obtained":[{"floor":3,"key":"Swift Potion"},{"floor":14,"key":"Swift Potion"},{"floor":15,"key":"Block Potion"}],"is_trial":false,"path_per_floor":["R","M","M","?","M","R","T","E","?","R","?","$","R","M","M","B"],"character_chosen":"GUARDIAN","items_purchased":[],"campfire_rested":0,"item_purchase_floors":[],"current_hp_per_floor":[80,80,80,80,80,80,80,39,39,39,39,34,34,34,21,7,7,7],"gold":293,"neow_bonus":"BOSS_RELIC","is_daily":false,"chose_seed":false,"campfire_upgraded":3,"win_rate":0.0,"timestamp":1609978442,"path_taken":["R","M","M","?","M","R","T","E","?","R","?","$","R","M","M","BOSS"],"items_purchased_type":[],"build_version":"2020-12-22","purchased_purges":1,"victory":false,"max_hp_per_floor":[80,80,80,80,80,80,80,80,80,80,80,80,80,80,80,80,80,80],"card_choices":[{"not_picked":["Guardian:TemporalStrike","Guardian:Gem_Purple"],"picked":"Guardian:GuardianWhirl","floor":2},{"not_picked":["Guardian:VentSteam","Guardian:WalkerClaw"],"picked":"Guardian:CrystalBeam","floor":3},{"not_picked":["Guardian:RollAttack","Guardian:Gem_Lightblue"],"picked":"Guardian:StasisField","floor":5},{"not_picked":["Guardian:GuardianWhirl","Guardian:Gem_Green"],"picked":"Guardian:Gem_Red","floor":8},{"not_picked":["Guardian:StasisEngine","Guardian:Gem_Green"],"picked":"Guardian:EvasiveProtocol","floor":12},{"not_picked":["Guardian:ChargeCore","Guardian:Gem_Red","Guardian:TemporalStrike"],"picked":"SKIP","floor":14},{"not_picked":["Guardian:Preprogram","Guardian:CrystalBeam"],"picked":"Guardian:RollAttack","floor":15}],"player_experience":2467666,"relics_obtained":[{"floor":7,"key":"Guardian:PickAxe"},{"floor":8,"key":"Toy Ornithopter"}],"event_choices":[],"is_beta":false,"boss_relics":[],"items_purged_floors":[12],"is_endless":false,"potions_floor_spawned":[3,14,15],"killed_by":"downfall:Silent","ascension_level":3}}