{"host":"ye7mfqqt9ljtnqit","time":1609995868,"event":{"mods":["BaseMod","Colored Map","Downfall","Marisa£®ÏF”Í°°ƒß¿Ì…≥£©","Minty Spire (QoL Compilation)","StSLib","SuperFastMode","The Servant 0.9.4"],"gold_per_floor":[118,30,30,49,68,68,96,96,96,126,126,126,76,76,76,202,202,218,202,225,245,245,245,281,281,281,312,312,124,124,138,138,257,257,278,278,296,296,316,316,316],"floor_reached":40,"playtime":3103,"items_purged":["Regret","Strike_S"],"score":532,"play_id":"b83b6274-a0de-47d3-beea-71c613a4040a","local_time":"20210107130428","is_ascension_mode":false,"campfire_choices":[{"data":"MoonPhase","floor":6.0,"key":"SMITH"},{"floor":8.0,"key":"REST"},{"floor":12.0,"key":"REST"},{"floor":15.0,"key":"REST"},{"data":"Defy","floor":23.0,"key":"SMITH"},{"floor":25.0,"key":"REST"},{"floor":28.0,"key":"DIG"},{"floor":32.0,"key":"RECALL"}],"circlet_count":0,"master_deck":["Defend_S","Defend_S","KidneyShot+1","Exchange","Contraction","MoonPhase+1","Defy+1","Hightail","GearUp","Luminosity","LightFlow","Duplication","CurseOfTheBell","Rearm+1","DoubleEdge+1","Spin","Defy","Reset","SoulSculpture","TheWorld","MoonPhase+1","BottledTime+1","FloweringNight","Unruled+1","WasteNot+1","DoubleEdge+1","Luminosity","Luminosity+1","DualDimension+1"],"relics":["Uniform","NeowsBlessing","Turnip","Boot","WingedGreaves","Smiling Mask","Golden Idol","Calling Bell","Centennial Puzzle","Shuriken","Thread and Needle","Whetstone","Shovel","White Beast Statue","FossilizedHelix","Astrolabe"],"acts_visited":["Exordium","TheCity","TheBeyond"],"potions_floor_usage":[40],"damage_taken":[{"damage":0.0,"enemies":"Cultist","floor":1.0,"turns":1.0},{"damage":0.0,"enemies":"Jaw Worm","floor":4.0,"turns":1.0},{"damage":0.0,"enemies":"Small Slimes","floor":5.0,"turns":2.0},{"damage":52.0,"enemies":"Gremlin Nob","floor":7.0,"turns":8.0},{"damage":20.0,"enemies":"3 Sentries","floor":10.0,"turns":23.0},{"damage":0.0,"enemies":"The Guardian","floor":16.0,"turns":19.0},{"damage":4.0,"enemies":"Spheric Guardian","floor":18.0,"turns":10.0},{"damage":7.0,"enemies":"2 Thieves","floor":19.0,"turns":4.0},{"damage":0.0,"enemies":"Snake Plant","floor":20.0,"turns":7.0},{"damage":16.0,"enemies":"Centurion and Healer","floor":21.0,"turns":9.0},{"damage":2.0,"enemies":"Gremlin Leader","floor":24.0,"turns":9.0},{"damage":9.0,"enemies":"Slavers","floor":27.0,"turns":5.0},{"damage":0.0,"enemies":"Sentry and Sphere","floor":31.0,"turns":6.0},{"damage":0.0,"enemies":"Champ","floor":33.0,"turns":20.0},{"damage":15.0,"enemies":"3 Darklings","floor":35.0,"turns":7.0},{"damage":0.0,"enemies":"3 Shapes","floor":37.0,"turns":4.0},{"damage":15,"enemies":"Spire Growth","floor":39,"turns":6},{"damage":32,"enemies":"Reptomancer","floor":40,"turns":4}],"seed_played":"-7997444913384853942","potions_obtained":[{"floor":1.0,"key":"DistilledChaos"},{"floor":5.0,"key":"Guardian:BlockOnCardUsePotion"},{"floor":7.0,"key":"ColorlessPotion"},{"floor":27.0,"key":"BlessingOfTheForge"},{"floor":31.0,"key":"SteroidPotion"},{"floor":35.0,"key":"PowerPotion"}],"is_trial":false,"path_per_floor":["M","$","?","M","M","R","E","R","T","E","?","R","$","?","R","B",null,"M","M","M","M","?","R","E","R","T","E","R","$","?","M","R","B",null,"M","T","M","?","M","E"],"character_chosen":"THE_SERVANT","items_purchased":["MoonPhase","Defy","TheWorld"],"campfire_rested":4,"item_purchase_floors":[2,2,29],"current_hp_per_floor":[65,65,65,65,65,65,13,32,32,12,12,30,30,30,48,48,60,56,49,49,33,33,33,31,49,49,40,40,40,40,40,40,40,60,45,45,45,45,30,0,0],"gold":316,"neow_bonus":"THREE_ENEMY_KILL","is_daily":false,"chose_seed":false,"campfire_upgraded":2,"win_rate":0.0,"timestamp":1609995868,"path_taken":["M","?","?","M","M","R","E","R","T","E","?","R","$","?","R","BOSS","M","M","M","M","?","R","E","R","T","E","R","$","?","M","R","BOSS","M","?","?","?","M","E"],"items_purchased_type":["Card","Card","Card"],"build_version":"2020-12-22","purchased_purges":2,"victory":false,"max_hp_per_floor":[65,65,65,65,65,65,65,65,65,65,60,60,60,60,60,60,60,60,60,60,60,60,60,60,60,60,60,60,60,60,60,60,60,60,60,60,60,60,60,60,60],"card_choices":[{"not_picked":["SpecialFormula","Potential"],"picked":"Contraction","floor":1.0},{"not_picked":["Rearm","ReturningBlade"],"picked":"Hightail","floor":4.0},{"not_picked":["Rewind","Barrier"],"picked":"GearUp","floor":5.0},{"not_picked":["DoubleEdge","Gouge"],"picked":"Luminosity","floor":7.0},{"not_picked":["Potential","Moonlight"],"picked":"LightFlow","floor":10.0},{"not_picked":["Dilation","Deny"],"picked":"Duplication","floor":16.0},{"not_picked":["SilverBlades+1","InstantArmor"],"picked":"Rearm+1","floor":18.0},{"not_picked":["Desolation","TimeWarp"],"picked":"DoubleEdge+1","floor":19.0},{"not_picked":["Ricochet","Revamp"],"picked":"Spin","floor":20.0},{"not_picked":["ShatteredReality","Revamp"],"picked":"Defy","floor":21.0},{"not_picked":["Starlight+1","Replace"],"picked":"Reset","floor":24.0},{"not_picked":["DualDimension+1","Rewind+1"],"picked":"SoulSculpture","floor":27.0},{"not_picked":["TimeWarp","Starlight"],"picked":"BottledTime+1","floor":31.0},{"not_picked":["KillingDoll","PendulumOfEternity"],"picked":"FloweringNight","floor":33.0},{"not_picked":["DoubleEdge+1","Potential+1"],"picked":"Luminosity","floor":35.0},{"not_picked":["Revamp","Spin"],"picked":"Luminosity+1","floor":37.0},{"not_picked":["Comet+1","Revamp+1"],"picked":"DualDimension+1","floor":39}],"player_experience":136655,"relics_obtained":[{"floor":7.0,"key":"Boot"},{"floor":9.0,"key":"WingedGreaves"},{"floor":10.0,"key":"Smiling Mask"},{"floor":17.0,"key":"Centennial Puzzle"},{"floor":17.0,"key":"Shuriken"},{"floor":17.0,"key":"Thread and Needle"},{"floor":24.0,"key":"Whetstone"},{"floor":26.0,"key":"Shovel"},{"floor":27.0,"key":"White Beast Statue"},{"floor":28.0,"key":"FossilizedHelix"}],"event_choices":[{"damage_healed":0.0,"max_hp_gain":0.0,"max_hp_loss":0.0,"gold_gain":0.0,"event_name":"Big Fish","player_choice":"Box","floor":3.0,"gold_loss":0.0,"damage_taken":0.0,"relics_obtained":["Turnip"],"cards_obtained":["Regret"]},{"damage_healed":0.0,"max_hp_gain":0.0,"max_hp_loss":5.0,"gold_gain":0.0,"event_name":"Golden Idol","player_choice":"Lose Max HP","floor":11.0,"gold_loss":0.0,"damage_taken":0.0,"relics_obtained":["Golden Idol"]},{"cards_removed":["Strike_S"],"damage_healed":0.0,"max_hp_gain":0.0,"max_hp_loss":0.0,"gold_gain":0.0,"event_name":"Purifier","player_choice":"Purged","floor":14.0,"gold_loss":0.0,"damage_taken":0.0},{"cards_removed":["Strike_S"],"damage_healed":0.0,"max_hp_gain":0.0,"max_hp_loss":0.0,"gold_gain":0.0,"event_name":"Back to Basics","player_choice":"Elegance","floor":22.0,"gold_loss":0.0,"damage_taken":0.0},{"damage_healed":0.0,"max_hp_gain":0.0,"max_hp_loss":0.0,"gold_gain":0.0,"event_name":"Duplicator","player_choice":"Copied","floor":30.0,"gold_loss":0.0,"damage_taken":0.0,"cards_obtained":["MoonPhase"]},{"damage_healed":0.0,"max_hp_gain":0.0,"max_hp_loss":0.0,"gold_gain":0.0,"event_name":"Tomb of Lord Red Mask","player_choice":"Ignored","floor":38.0,"gold_loss":0.0,"damage_taken":0.0}],"is_beta":false,"boss_relics":[{"not_picked":["Fusion Hammer","Coffee Dripper"],"picked":"Calling Bell"},{"not_picked":["Busted Crown","Sozu"],"picked":"Astrolabe"}],"items_purged_floors":[13,29],"is_endless":false,"potions_floor_spawned":[1,5,7,16,18,19,20,21,27,31,33,35,37,39],"killed_by":"Reptomancer","ascension_level":0}}