{"host":"kh6fvhxn285ncg0o","time":1609997959,"event":{"mods":["Act Like it!","BaseMod","Colored Map","Friendly Minions","Keyboard Shortcuts","Minty Spire (QoL Compilation)","Quick Restart","Relic Stats","StSLib","SuperFastMode"],"gold_per_floor":[112,37,37,48,63,94,112,141,141,141,141],"floor_reached":10,"playtime":140,"items_purged":["Strike_R"],"score":156,"play_id":"5a84dfb9-5f34-476e-97b5-45d206087a52","local_time":"20210107143919","is_ascension_mode":true,"campfire_choices":[],"circlet_count":0,"master_deck":["AscendersBane","Strike_R","Strike_R","Strike_R","Strike_R","Defend_R","Defend_R","Defend_R","Defend_R","Bash","Hemokinesis","Armaments","Second Wind"],"relics":["Burning Blood","NeowsBlessing","Champion Belt","Oddly Smooth Stone","Meat on the Bone"],"acts_visited":["Exordium"],"potions_floor_usage":[10],"damage_taken":[{"damage":0,"enemies":"Small Slimes","floor":1,"turns":1},{"damage":0,"enemies":"Cultist","floor":4,"turns":1},{"damage":0,"enemies":"Jaw Worm","floor":5,"turns":1},{"damage":38,"enemies":"Lagavulin","floor":6,"turns":6},{"damage":2,"enemies":"2 Fungi Beasts","floor":7,"turns":5},{"damage":35,"enemies":"Gremlin Nob","floor":8,"turns":4},{"damage":23,"enemies":"Lagavulin","floor":10,"turns":5}],"seed_played":"2132508177154061936","potions_obtained":[{"floor":5,"key":"Explosive Potion"},{"floor":6,"key":"EssenceOfSteel"}],"is_trial":false,"path_per_floor":["M","$","?","M","M","E","M","E","T","E"],"character_chosen":"IRONCLAD","items_purchased":[],"campfire_rested":0,"item_purchase_floors":[],"current_hp_per_floor":[74,74,63,69,75,43,47,18,18,0,0],"gold":141,"neow_bonus":"THREE_ENEMY_KILL","is_daily":false,"chose_seed":false,"campfire_upgraded":0,"win_rate":0.0,"timestamp":1609997959,"path_taken":["M","$","?","?","M","E","M","E","T","E"],"items_purchased_type":[],"build_version":"2020-12-22","purchased_purges":1,"victory":false,"max_hp_per_floor":[75,75,75,75,75,75,75,75,75,75,75],"relic_stats":{"counters":[7,23],"Champion Belt":[5],"obtain_stats":[{"NeowsBlessing":0,"Oddly Smooth Stone":8,"Champion Belt":6,"Burning Blood":0,"Meat on the Bone":9},{"NeowsBlessing":0,"Oddly Smooth Stone":6,"Champion Belt":4,"Burning Blood":0,"Meat on the Bone":6},{"NeowsBlessing":0,"Oddly Smooth Stone":18,"Champion Belt":9,"Burning Blood":0,"Meat on the Bone":18}],"Burning Blood":36,"Meat on the Bone":0},"card_choices":[{"not_picked":["Havoc","Headbutt"],"picked":"Hemokinesis","floor":1},{"not_picked":["Warcry","Inflame"],"picked":"Armaments","floor":5},{"not_picked":["Wild Strike","Iron Wave"],"picked":"Second Wind","floor":7},{"not_picked":["Inflame","Warcry","Heavy Blade"],"picked":"SKIP","floor":8}],"player_experience":3385408,"relics_obtained":[{"floor":6,"key":"Champion Belt"},{"floor":8,"key":"Oddly Smooth Stone"},{"floor":9,"key":"Meat on the Bone"}],"event_choices":[{"damage_healed":0,"gold_gain":0,"player_choice":"Damaged","damage_taken":11,"max_hp_gain":0,"max_hp_loss":0,"event_name":"Wheel of Change","floor":3,"gold_loss":0}],"is_beta":false,"boss_relics":[],"items_purged_floors":[2],"is_endless":false,"potions_floor_spawned":[5,6],"killed_by":"Lagavulin","ascension_level":20}}