{"host":"2jhbwynnnm7tuht1","time":1609995036,"event":{"mods":["AchievementEnabler","BaseMod","Bestiary","Colored Powertips","Highlight Path","Minty Spire (QoL Compilation)"],"gold_per_floor":[114,114,133,152,152,190,190,265,290,309,309,328,347,366,366,491,491,510,610,629,648,667,667,705,705,705,705,724,743,781,0,0,125,125,144,163,4,23,42,42,42,42,42,361,387,406,406,425,434,434],"floor_reached":51,"playtime":485,"items_purged":[],"score":1215,"play_id":"f219b69d-393b-40e6-a4c9-1c5c17cb29b3","local_time":"20210106215036","daily_mods":["SealedDeck","Vintage","Lethality"],"is_ascension_mode":false,"campfire_choices":[{"data":"Halt","floor":7,"key":"SMITH"},{"data":"Adaptation","floor":15,"key":"SMITH"},{"data":"LessonLearned","floor":23,"key":"SMITH"},{"data":"Crescendo","floor":25,"key":"SMITH"},{"data":"SashWhip","floor":32,"key":"SMITH"},{"data":"EmptyFist","floor":40,"key":"SMITH"},{"data":"Consecrate","floor":42,"key":"SMITH"},{"data":"1","floor":49,"key":"LIFT"}],"circlet_count":0,"master_deck":["A Thousand Cuts+1"],"relics":["PureWater","TeardropLocket","Golden Idol","Shuriken","Bronze Scales","Matryoshka","Mercury Hourglass","Vajra","Toxic Egg 2","Meat on the Bone","Mummified Hand","Question Card","Incense Burner","Busted Crown","MealTicket","The Courier","Potion Belt","Happy Flower","HornCleat","Anchor","Blood Vial","Bottled Tornado","Lizard Tail","Smiling Mask","VioletLotus","Pear","Frozen Egg 2","Yang","Bottled Lightning","Letter Opener","Old Coin","Girya","CeramicFish","Bottled Flame"],"acts_visited":["Exordium","TheCity","TheBeyond"],"potions_floor_usage":[],"damage_taken":[{"damage":0,"enemies":"Jaw Worm","floor":1,"turns":1},{"damage":0,"enemies":"2 Louse","floor":3,"turns":1},{"damage":0,"enemies":"Cultist","floor":4,"turns":1},{"damage":0,"enemies":"Gremlin Nob","floor":6,"turns":1},{"damage":0,"enemies":"Looter","floor":10,"turns":1},{"damage":0,"enemies":"Large Slime","floor":12,"turns":1},{"damage":0,"enemies":"Gremlin Gang","floor":13,"turns":1},{"damage":0,"enemies":"3 Louse","floor":14,"turns":1},{"damage":0,"enemies":"Hexaghost","floor":16,"turns":1},{"damage":0,"enemies":"Chosen","floor":18,"turns":1},{"damage":0,"enemies":"Spheric Guardian","floor":20,"turns":1},{"damage":0,"enemies":"Centurion and Healer","floor":21,"turns":1},{"damage":0,"enemies":"Snecko","floor":22,"turns":1},{"damage":0,"enemies":"Gremlin Leader","floor":24,"turns":1},{"damage":0,"enemies":"Slavers","floor":27,"turns":1},{"damage":0,"enemies":"Sentry and Sphere","floor":28,"turns":1},{"damage":0,"enemies":"Centurion and Healer","floor":29,"turns":1},{"damage":0,"enemies":"Book of Stabbing","floor":30,"turns":1},{"damage":0,"enemies":"Automaton","floor":33,"turns":1},{"damage":0,"enemies":"Orb Walker","floor":35,"turns":1},{"damage":0,"enemies":"3 Darklings","floor":36,"turns":1},{"damage":0,"enemies":"Maw","floor":38,"turns":1},{"damage":0,"enemies":"4 Shapes","floor":39,"turns":1},{"damage":0,"enemies":"Sphere and 2 Shapes","floor":44,"turns":1},{"damage":0,"enemies":"2 Orb Walkers","floor":45,"turns":1},{"damage":0,"enemies":"3 Darklings","floor":46,"turns":1},{"damage":0,"enemies":"Jaw Worm Horde","floor":48,"turns":1},{"damage":0,"enemies":"Time Eater","floor":50,"turns":1}],"seed_played":"8350349167999303424","potions_obtained":[{"floor":3,"key":"BlessingOfTheForge"},{"floor":12,"key":"FearPotion"},{"floor":14,"key":"FairyPotion"},{"floor":21,"key":"StancePotion"},{"floor":22,"key":"LiquidMemories"}],"is_trial":false,"path_per_floor":["M","?","M","M","?","E","R","?","T","M","?","M","M","M","R","B",null,"M","?","M","M","M","R","E","R","T","E","M","M","E","?","R","B",null,"M","M","$","M","M","R","?","R","T","M","?","M","?","M","R","B",null],"character_chosen":"WATCHER","items_purchased":["Prostrate+1","MentalFortress+1","Adaptation+1"],"campfire_rested":0,"item_purchase_floors":[37,37,37],"current_hp_per_floor":[72,72,72,72,47,47,47,36,36,36,29,41,41,41,41,41,72,72,72,72,72,72,72,72,72,72,72,72,72,72,72,72,72,72,82,82,82,82,82,82,82,82,82,82,82,82,82,82,82,82],"gold":434,"neow_bonus":"","is_daily":true,"chose_seed":false,"campfire_upgraded":7,"win_rate":0.0,"timestamp":1609995036,"path_taken":["M","?","M","M","?","E","R","?","T","M","?","?","M","M","R","BOSS","M","?","?","M","M","R","E","R","T","E","M","M","E","?","R","BOSS","M","M","$","M","M","R","?","R","T","?","?","M","?","M","R","BOSS"],"items_purchased_type":["Card","Card","Card"],"build_version":"2020-12-22","purchased_purges":0,"victory":true,"max_hp_per_floor":[72,72,72,72,72,72,72,72,72,72,72,72,72,72,72,72,72,72,72,72,72,72,72,72,72,72,72,72,72,72,72,72,72,72,82,82,82,82,82,82,82,82,82,82,82,82,82,82,82,82],"card_choices":[{"not_picked":["CutThroughFate","Adaptation"],"picked":"EmptyFist","floor":6},{"not_picked":["Judgement+1","Omniscience+1","DeusExMachina+1"],"picked":"LessonLearned","floor":16},{"not_picked":["InnerPeace+1"],"picked":"Halt+1","floor":24},{"not_picked":["CarveReality","FollowUp+1"],"picked":"SKIP","floor":27},{"not_picked":["Blasphemy+1"],"picked":"PathToVictory+1","floor":30},{"not_picked":["Brilliance"],"picked":"DeusExMachina+1","floor":33},{"not_picked":["Protect+1"],"picked":"WaveOfTheHand+1","floor":45}],"player_experience":88793,"relics_obtained":[{"floor":1,"key":"TeardropLocket"},{"floor":3,"key":"Shuriken"},{"floor":4,"key":"Bronze Scales"},{"floor":6,"key":"Mercury Hourglass"},{"floor":9,"key":"Vajra"},{"floor":9,"key":"Toxic Egg 2"},{"floor":10,"key":"Meat on the Bone"},{"floor":12,"key":"Mummified Hand"},{"floor":13,"key":"Question Card"},{"floor":14,"key":"Incense Burner"},{"floor":18,"key":"MealTicket"},{"floor":20,"key":"The Courier"},{"floor":21,"key":"Potion Belt"},{"floor":22,"key":"Happy Flower"},{"floor":24,"key":"HornCleat"},{"floor":26,"key":"Anchor"},{"floor":26,"key":"Blood Vial"},{"floor":28,"key":"Bottled Tornado"},{"floor":29,"key":"Lizard Tail"},{"floor":30,"key":"Smiling Mask"},{"floor":35,"key":"Pear"},{"floor":36,"key":"Frozen Egg 2"},{"floor":38,"key":"Yang"},{"floor":39,"key":"Bottled Lightning"},{"floor":43,"key":"Letter Opener"},{"floor":44,"key":"Old Coin"},{"floor":45,"key":"Girya"},{"floor":46,"key":"CeramicFish"},{"floor":48,"key":"Bottled Flame"}],"event_choices":[{"damage_healed":0,"gold_gain":0,"player_choice":"Take Wound","damage_taken":0,"relics_obtained":["Golden Idol"],"max_hp_gain":0,"max_hp_loss":0,"event_name":"Golden Idol","floor":2,"gold_loss":0,"cards_obtained":["Injury"]},{"damage_healed":0,"gold_gain":0,"player_choice":"Success","damage_taken":25,"relics_obtained":["Matryoshka"],"max_hp_gain":0,"max_hp_loss":0,"event_name":"Scrap Ooze","floor":5,"gold_loss":0},{"damage_healed":0,"gold_gain":75,"player_choice":"Gather Gold","damage_taken":11,"max_hp_gain":0,"max_hp_loss":0,"event_name":"World of Goop","floor":8,"gold_loss":0},{"cards_removed":["EmptyFist"],"damage_healed":0,"gold_gain":0,"player_choice":"Card Removal","damage_taken":7,"max_hp_gain":0,"max_hp_loss":0,"event_name":"Golden Wing","floor":11,"gold_loss":0},{"damage_healed":0,"gold_gain":100,"player_choice":"Pray","damage_taken":0,"max_hp_gain":0,"max_hp_loss":0,"event_name":"Golden Shrine","floor":19,"gold_loss":0},{"damage_healed":0,"gold_gain":0,"player_choice":"Paid Fearfully","damage_taken":0,"max_hp_gain":0,"max_hp_loss":0,"event_name":"Masked Bandits","floor":31,"gold_loss":781},{"damage_healed":0,"gold_gain":0,"player_choice":"2 cards matched","damage_taken":0,"max_hp_gain":0,"max_hp_loss":0,"event_name":"Match and Keep!","floor":41,"gold_loss":0,"cards_obtained":["MentalFortress","Flash of Steel"]},{"damage_healed":0,"gold_gain":0,"player_choice":"Fight","damage_taken":0,"max_hp_gain":0,"max_hp_loss":0,"event_name":"Mysterious Sphere","floor":45,"gold_loss":0},{"damage_healed":0,"gold_gain":0,"player_choice":"Got Potions","damage_taken":0,"max_hp_gain":0,"max_hp_loss":0,"event_name":"Lab","floor":47,"gold_loss":0}],"is_beta":false,"boss_relics":[{"not_picked":["Philosopher\u0027s Stone","Sozu"],"picked":"Busted Crown"},{"not_picked":["SlaversCollar","Velvet Choker"],"picked":"VioletLotus"}],"items_purged_floors":[],"is_endless":false,"potions_floor_spawned":[3,12,14,18,21,22,28,33,35,38,46],"ascension_level":0}}