{"host":"awdxtfsmljuu2ylb","time":1609989970,"event":{"mods":["AchievementEnabler","BaseMod","Better Third Choice","Downfall","Hermit","Marisa????????","Minty Spire (QoL Compilation)","Replay The Spire","StSLib","The Cursed","The Disciple","The Necromancer"],"gold_per_floor":[114,114,129,144,144,144,219,261,286,301,316,331,346,361,361,461,461,476,426,441,456,456,456,456],"floor_reached":22,"playtime":10480,"items_purged":[],"score":232,"play_id":"96f92c57-cbe4-4f42-a2ea-963dd82fc3f3","local_time":"20210106222610","daily_mods":["SealedDeck","Blue Cards","Lethality"],"is_ascension_mode":false,"campfire_choices":[{"data":"hexamod:GhostLash","floor":6,"key":"SMITH"},{"floor":15,"key":"REST"}],"circlet_count":0,"master_deck":["Auto Shields","White Noise","FTL","Coolheaded","Rip and Tear","hexamod:NightmareStrike+1","Ball Lightning","Double Energy","hexamod:GhostLash","hexamod:GhostLash+1","hexamod:Incineration","Genetic Algorithm","hexamod:GhostShield","hexamod:Firestarter","ReplayRNGCard","Conserve Battery","Chaos","hexamod:InspiringFlames","Chill","hexamod:WildfireWeapon","hexamod:Firestarter","hexamod:RecurringNightmare","hexamod:HeatCrush"],"relics":["m_DevilBlood","Shuriken","Potion Belt","Black Star"],"acts_visited":["Exordium","TheCity"],"potions_floor_usage":[12,16,16,16,21],"damage_taken":[{"damage":0,"enemies":"Jaw Worm","floor":1,"turns":1},{"damage":0,"enemies":"2 Louse","floor":3,"turns":1},{"damage":0,"enemies":"Cultist","floor":4,"turns":2},{"damage":18,"enemies":"Lagavulin Event","floor":8,"turns":4},{"damage":0,"enemies":"Looter","floor":10,"turns":1},{"damage":0,"enemies":"Large Slime","floor":11,"turns":2},{"damage":21,"enemies":"Gremlin Gang","floor":12,"turns":3},{"damage":0,"enemies":"3 Louse","floor":13,"turns":2},{"damage":3,"enemies":"Blue Slaver","floor":14,"turns":2},{"damage":0,"enemies":"Slime Boss","floor":16,"turns":5},{"damage":5,"enemies":"Chosen","floor":18,"turns":3},{"damage":24,"enemies":"2 Thieves","floor":20,"turns":3},{"damage":46,"enemies":"Sentry and Sphere","floor":21,"turns":5},{"damage":25,"enemies":"Shelled Parasite and Fungi","floor":22,"turns":1}],"seed_played":"8350349167999303424","potions_obtained":[{"floor":3,"key":"Block Potion"},{"floor":8,"key":"SteroidPotion"},{"floor":11,"key":"Fire Potion"},{"floor":12,"key":"Milkshake"},{"floor":16,"key":"Regen Potion"}],"is_trial":false,"path_per_floor":["M","?","M","M","?","R","?","?","T","M","M","M","M","M","R","B",null,"M","?","M","M","M"],"character_chosen":"THE_SPIRIT","items_purchased":[],"campfire_rested":1,"item_purchase_floors":[],"current_hp_per_floor":[70,70,70,70,70,70,59,43,43,45,47,28,30,29,50,56,70,70,70,50,22,0,0,0],"gold":456,"neow_bonus":"","is_daily":true,"chose_seed":false,"campfire_upgraded":1,"win_rate":0.0,"timestamp":1609989970,"path_taken":["M","?","M","M","?","R","?","?","T","?","M","M","M","M","R","BOSS","M","?","?","M","M"],"items_purchased_type":[],"build_version":"2020-12-22","purchased_purges":0,"victory":false,"max_hp_per_floor":[70,70,70,70,70,70,70,70,70,70,70,70,70,70,70,70,70,70,70,70,70,70,70,70],"card_choices":[{"not_picked":["hexamod:BurningTouch","Leap"],"picked":"hexamod:Incineration","floor":1},{"not_picked":["Streamline","Rip and Tear"],"picked":"Genetic Algorithm","floor":3},{"not_picked":["Reprogram","hexamod:HauntingEcho"],"picked":"hexamod:GhostShield","floor":4},{"not_picked":["Ball Lightning","hexamod:BurningTouch"],"picked":"hexamod:Firestarter","floor":8},{"not_picked":["FIFO Queue","BasicCrystalCard"],"picked":"ReplayRNGCard","floor":10},{"not_picked":["hexamod:SkipABeat","Leap"],"picked":"Conserve Battery","floor":11},{"not_picked":["hexamod:SkipABeat","BootSequence"],"picked":"Chaos","floor":12},{"not_picked":["Go for the Eyes","hexamod:SwordOfDarkness"],"picked":"hexamod:InspiringFlames","floor":13},{"not_picked":["Gash","hexamod:ThermalTransfer"],"picked":"Chill","floor":14},{"not_picked":["Fission","Mirror Shield"],"picked":"hexamod:WildfireWeapon","floor":16},{"not_picked":["hexamod:Incineration","hexamod:ExtraCrispy"],"picked":"hexamod:Firestarter","floor":18},{"not_picked":["Tempest+1","hexamod:SkipABeat"],"picked":"hexamod:RecurringNightmare","floor":20},{"not_picked":["Storm","Coolheaded"],"picked":"hexamod:HeatCrush","floor":21}],"player_experience":75418,"relics_obtained":[{"floor":8,"key":"Shuriken"},{"floor":9,"key":"Potion Belt"}],"event_choices":[{"damage_healed":0,"gold_gain":0,"player_choice":"Grow","damage_taken":0,"max_hp_gain":0,"max_hp_loss":0,"event_name":"Living Wall","floor":2,"gold_loss":0,"cards_upgraded":["hexamod:NightmareStrike"]},{"damage_healed":0,"gold_gain":75,"player_choice":"Gold","damage_taken":11,"max_hp_gain":0,"max_hp_loss":0,"event_name":"betterThird:BetterGoop","floor":7,"gold_loss":0},{"damage_healed":0,"gold_gain":0,"player_choice":"Searched \u00272\u0027 times","damage_taken":0,"max_hp_gain":0,"max_hp_loss":0,"event_name":"Dead Adventurer","floor":8,"gold_loss":0},{"damage_healed":0,"gold_gain":0,"player_choice":"Bet on Murderer","damage_taken":0,"max_hp_gain":0,"max_hp_loss":0,"event_name":"The Joust","floor":19,"gold_loss":50}],"is_beta":false,"boss_relics":[{"not_picked":["Runic Pyramid","Snecko Eye"],"picked":"Black Star"}],"items_purged_floors":[],"is_endless":false,"potions_floor_spawned":[3,8,11,12,16],"killed_by":"Shelled Parasite and Fungi","ascension_level":0}}