{"host":"g3bty4prdobmknyh","time":1609993291,"event":{"mods":["Act Like it!","Aspiration","BaseMod","Hermit","Minty Spire (QoL Compilation)","Pale of the Ancients","Replay The Spire","StSLib","The Blackbeard","The Hierophant","The Jungle"],"gold_per_floor":[117,117,135,196,214,237,237,255,280,280,258,258,276,309,309,402,402,400,400,433,481,499,499,499,499,499,571,598,646,703,703,703,765,765,763,731,249,215,240,240,316,316,316,316,66,50,50,50],"floor_reached":47,"playtime":3973,"items_purged":[],"score":469,"play_id":"21109bb2-8ba2-4e1d-b108-f7e7f91f5d2d","local_time":"20210106232131","daily_mods":["SealedDeck","Green Cards","Lethality"],"is_ascension_mode":false,"campfire_choices":[{"data":"hierophant:RepressedViolence","floor":15,"key":"SMITH"},{"floor":23,"key":"REST"},{"floor":25,"key":"REST"},{"floor":32,"key":"REST"},{"floor":40,"key":"REST"},{"floor":42,"key":"REST"},{"data":"Specialist","floor":44,"key":"SMITH"}],"circlet_count":0,"master_deck":["hierophant:Zeal","hierophant:DisplayOfPower","hierophant:Exaltation","hierophant:PassingBell+1","hierophant:OrnateBuckler","hierophant:Empathy","hierophant:ThreeLashes","hierophant:Glossolalia","hierophant:Sermon","hierophant:Purify","hierophant:FlamingChariot","hierophant:Kindle+1","hierophant:ThreeLashes","hierophant:WrathOfGod","hierophant:RepressedViolence+1","hierophant:HolyVerse","hierophant:LocustPlague","hierophant:SecretStash+1","hierophant:SolarFlare","hierophant:ThreeLashes+1","Necronomicurse","hierophant:Anathema","hierophant:Rebuild","hierophant:FlamingChariot+1","hierophant:Levitation","Sadistic Nature","Specialist+1","hierophant:Doubloon","hierophant:Remorse+1","hierophant:HolyVerse+1","hierophant:FieryStrike+1","hierophant:Sermon+1"],"relics":["hierophant:PropheticMaskRelic","Replay:Bottled Snecko","Eternal Feather","Potion Belt","Lantern","aspiration:SeaSaltIceCream","Damaru","Philosopher\u0027s Stone","Necronomicon","Replay:Bottled Flurry","CeramicFish","aspiration:RunicSpoon","aspiration:FetidBarrel","Blue Candle","InkBottle","Mirror","ReplayTheSpireMod:Ninjato"],"acts_visited":["Exordium","TheCity","TheBeyond"],"potions_floor_usage":[28,29,33,39],"damage_taken":[{"damage":10,"enemies":"Jaw Worm","floor":1,"turns":2},{"damage":0,"enemies":"2 Louse","floor":3,"turns":1},{"damage":0,"enemies":"Cultist","floor":5,"turns":2},{"damage":1,"enemies":"Replay:BlueRogue","floor":6,"turns":2},{"damage":5,"enemies":"Looter","floor":8,"turns":2},{"damage":10,"enemies":"Large Slime","floor":11,"turns":1},{"damage":7,"enemies":"Gremlin Gang","floor":13,"turns":3},{"damage":13,"enemies":"Lagavulin","floor":14,"turns":4},{"damage":0,"enemies":"Slime Boss","floor":16,"turns":3},{"damage":28,"enemies":"Chosen","floor":18,"turns":2},{"damage":10,"enemies":"2 Thieves","floor":20,"turns":2},{"damage":6,"enemies":"Sentry and Sphere","floor":21,"turns":3},{"damage":30,"enemies":"Shelled Parasite and Fungi","floor":22,"turns":2},{"damage":7,"enemies":"Replay:Snechameleon","floor":27,"turns":3},{"damage":40,"enemies":"Cultist and Chosen","floor":28,"turns":3},{"damage":0,"enemies":"Centurion and Healer","floor":29,"turns":1},{"damage":0,"enemies":"Snecko","floor":30,"turns":2},{"damage":12,"enemies":"Champ","floor":33,"turns":3},{"damage":20,"enemies":"3 Shapes","floor":35,"turns":3},{"damage":14,"enemies":"Orb Walker","floor":36,"turns":2},{"damage":9,"enemies":"4 Shapes","floor":38,"turns":2},{"damage":9,"enemies":"Maw","floor":39,"turns":3},{"damage":58,"enemies":"Reptomancer","floor":41,"turns":4},{"damage":58,"enemies":"Nemesis","floor":46,"turns":3},{"damage":7,"enemies":"Sphere and 2 Shapes","floor":47,"turns":2}],"seed_played":"8350349167999303424","potions_obtained":[{"floor":3,"key":"SteroidPotion"},{"floor":5,"key":"LiquidMemories"},{"floor":13,"key":"Dexterity Potion"},{"floor":16,"key":"BlessingOfTheForge"},{"floor":22,"key":"SteroidPotion"},{"floor":27,"key":"AttackPotion"},{"floor":28,"key":"BlessingOfTheForge"},{"floor":29,"key":"Swift Potion"},{"floor":36,"key":"SkillPotion"},{"floor":41,"key":"DuplicationPotion"}],"is_trial":false,"path_per_floor":["M","?","M","?","M","E","?","M","T","T","M","?","M","E","R","B",null,"M","?","M","M","M","R","?","R","T","E","M","M","M","?","R","B",null,"M","M","$","M","M","R","E","R","T","R","$","E","M"],"character_chosen":"HIEROPHANT","items_purchased":["Sadistic Nature","Specialist","aspiration:FetidBarrel","Mirror"],"campfire_rested":5,"item_purchase_floors":[37,37,37,45],"current_hp_per_floor":[65,65,65,65,65,64,64,59,59,59,49,57,50,37,46,46,75,47,47,37,31,1,35,19,53,53,46,6,6,6,6,40,28,75,55,41,41,32,23,63,5,45,45,63,63,5,0,0],"gold":50,"neow_bonus":"","is_daily":true,"chose_seed":false,"campfire_upgraded":2,"win_rate":0.0,"timestamp":1609993291,"path_taken":["M","?","M","?","M","E","?","?","T","?","?","?","M","E","R","BOSS","M","?","?","M","M","R","?","R","T","E","M","M","M","?","R","BOSS","M","M","$","M","M","R","E","R","T","R","$","E","M"],"items_purchased_type":["Card","Card","Relic","Relic"],"build_version":"2020-12-22","purchased_purges":0,"victory":false,"max_hp_per_floor":[75,75,75,75,75,75,75,75,75,75,75,75,75,75,75,75,75,75,75,75,75,75,75,75,75,75,75,75,75,75,75,75,75,75,75,75,75,75,75,75,75,75,75,75,75,75,75,75],"card_choices":[{"not_picked":["hierophant:Shelter","hierophant:Flagellation"],"picked":"hierophant:Bribe","floor":1},{"not_picked":["hierophant:HammerAndAnvil","hierophant:Encroach"],"picked":"hierophant:FlamingChariot","floor":3},{"not_picked":["hierophant:Alms","hierophant:OrnateBuckler"],"picked":"hierophant:Kindle","floor":4},{"not_picked":["hierophant:FlamingChariot","hierophant:Remorse"],"picked":"hierophant:ThreeLashes","floor":5},{"not_picked":["hierophant:HammerAndAnvil","hierophant:Shelter"],"picked":"hierophant:WrathOfGod","floor":6},{"not_picked":["hierophant:Doubloon","hierophant:Remorse","hierophant:SealAway"],"picked":"SKIP","floor":8},{"not_picked":["hierophant:Doubloon","hierophant:Zeal"],"picked":"hierophant:RepressedViolence","floor":11},{"not_picked":["hierophant:AuricBeam","hierophant:FaithHealing"],"picked":"hierophant:HolyVerse","floor":13},{"not_picked":["hierophant:Martyrdom","hierophant:MintersHammer","hierophant:OrnateBuckler"],"picked":"SKIP","floor":14},{"not_picked":["hierophant:BulkyChest","hierophant:Kindle"],"picked":"hierophant:LocustPlague","floor":16},{"not_picked":["hierophant:RecallFunds","hierophant:EyeForCoin"],"picked":"hierophant:SecretStash+1","floor":18},{"not_picked":["hierophant:PassingBell+1","hierophant:Zeal"],"picked":"hierophant:SolarFlare","floor":20},{"not_picked":["hierophant:Encroach+1","hierophant:Glossolalia"],"picked":"hierophant:ThreeLashes+1","floor":21},{"not_picked":["hierophant:Encroach","hierophant:Embezzle","hierophant:PassingBell"],"picked":"SKIP","floor":22},{"not_picked":["hierophant:AuricShield","hierophant:LocustPlague"],"picked":"hierophant:Anathema","floor":27},{"not_picked":["hierophant:RepressedViolence","hierophant:HolyVerse"],"picked":"hierophant:Rebuild","floor":28},{"not_picked":["hierophant:SecretStash","hierophant:PassingBell","hierophant:Purify"],"picked":"SKIP","floor":29},{"not_picked":["hierophant:MorningPrayer","hierophant:Mercenaries"],"picked":"hierophant:FlamingChariot+1","floor":30},{"not_picked":["hierophant:Generosity","hierophant:Determination"],"picked":"hierophant:Levitation","floor":33},{"not_picked":["hierophant:FlamingChariot","hierophant:Doubloon","hierophant:Flagellation"],"picked":"SKIP","floor":35},{"not_picked":["hierophant:HolyVerse","hierophant:Exaltation","hierophant:Remorse+1"],"picked":"SKIP","floor":36},{"not_picked":["hierophant:ThreeLashes","hierophant:FlamingChariot"],"picked":"hierophant:Remorse+1","floor":38},{"not_picked":["hierophant:ThreeLashes+1","hierophant:Mercenaries"],"picked":"hierophant:HolyVerse+1","floor":39},{"not_picked":["hierophant:Refuge+1","hierophant:DisplayOfPower"],"picked":"hierophant:FieryStrike+1","floor":41},{"not_picked":["hierophant:Flagellation","hierophant:Smite"],"picked":"hierophant:Sermon+1","floor":46}],"player_experience":935448,"relics_obtained":[{"floor":4,"key":"Replay:Bottled Snecko"},{"floor":6,"key":"Eternal Feather"},{"floor":9,"key":"Potion Belt"},{"floor":10,"key":"Lantern"},{"floor":14,"key":"aspiration:SeaSaltIceCream"},{"floor":24,"key":"Necronomicon"},{"floor":26,"key":"Replay:Bottled Flurry"},{"floor":27,"key":"CeramicFish"},{"floor":41,"key":"Blue Candle"},{"floor":43,"key":"InkBottle"},{"floor":46,"key":"ReplayTheSpireMod:Ninjato"}],"event_choices":[{"damage_healed":0,"gold_gain":0,"player_choice":"Grow","damage_taken":0,"max_hp_gain":0,"max_hp_loss":0,"event_name":"Living Wall","floor":7,"gold_loss":0,"cards_upgraded":["hierophant:Kindle"]},{"damage_healed":0,"gold_gain":0,"player_choice":"0 cards matched","damage_taken":0,"max_hp_gain":0,"max_hp_loss":0,"event_name":"Match and Keep!","floor":19,"gold_loss":0,"cards_obtained":[]},{"damage_healed":0,"gold_gain":0,"player_choice":"Obtained Book","damage_taken":16,"max_hp_gain":0,"max_hp_loss":0,"event_name":"Cursed Tome","floor":24,"gold_loss":0},{"cards_removed":["hierophant:Bribe"],"damage_healed":0,"gold_gain":0,"player_choice":"Purged","damage_taken":0,"max_hp_gain":0,"max_hp_loss":0,"event_name":"Purifier","floor":31,"gold_loss":0}],"is_beta":false,"boss_relics":[{"not_picked":["aspiration:PoetsPen_weak","aspiration:FutureDiary"],"picked":"Philosopher\u0027s Stone"},{"not_picked":["Ring of Chaos","Kintsugi"],"picked":"aspiration:RunicSpoon"}],"items_purged_floors":[],"is_endless":false,"potions_floor_spawned":[3,5,13,16,22,27,28,29,36,38,41],"killed_by":"Sphere and 2 Shapes","ascension_level":0}}