{"host":"ueaobptuyu87ouwy","time":1609989521,"event":{"mods":["Aspiration","Bard","BaseMod","Better Altar","Better Match","Better Note","Better Sensory Stone","Better Skull","Better Third Choice","BetterRewards","CCEM","Colored Map","Conspire","Downfall","GifTheSpireLib","Googly Eyes","Halation","Hermit","Highlight Path","Hubris","Infinite Spire","Jedi Mod","Jorbs\u0027s Wanderer Trilogy","Marisa????????","Mimic Mod","Minty Spire (QoL Compilation)","Permanent Neow","Replay The Spire","StSLib","Stuff the Spire","The Runesmith","Unceasing Turn Reminder","everything is the same but u backflip on backflip","slay the spire mod where everything is the same but ironclad has a cowboy hat"],"gold_per_floor":[117,117,67,92,92,92,118,154,180,180,180,36,36,54,54,154,154,166,166,166,188,188,215,215,248,272,272,272,272,272,290,290,398,398,414,473,489,516,540,540],"floor_reached":39,"playtime":2038,"items_purged":["hermit:Defend_Hermit"],"score":447,"play_id":"93ac1fc3-3da8-4881-8ad4-f220db789248","local_time":"20210107111841","is_ascension_mode":false,"campfire_choices":[{"data":"hermit:Deadeye","floor":6,"key":"SMITH"},{"data":"ReplayTheSpireMod:Private Reserves","floor":10,"key":"SMITH"},{"data":"hermit:Snipe","floor":13,"key":"SMITH"},{"data":"hermit:SprayPray","floor":15,"key":"SMITH"},{"floor":24,"key":"REST"},{"data":"hermit:RoundhouseKick","floor":27,"key":"SMITH"},{"floor":30,"key":"REST"},{"floor":32,"key":"REST"}],"circlet_count":0,"master_deck":["hermit:Strike_Hermit+1","hermit:Strike_Hermit+1","hermit:Strike_Hermit+1","hermit:Strike_Hermit+1","hermit:Defend_Hermit","hermit:Defend_Hermit","hermit:Defend_Hermit","hermit:Snapshot","hermit:Covet","hermit:Deadeye+1","ReplayTheSpireMod:Private Reserves+1","conspire:SpireCoStock","hermit:Feint+1","hermit:Brawl","hermit:Snipe+1","hermit:SprayPray+1","hermit:Gambit","CurseOfTheBell","Pot Of Greed+1","Pot Of Greed","hermit:WideOpen","hermit:EyeOfTheStorm","hermit:Shortfuse","hermit:RoundhouseKick+1","infinitespire:Fortify","Pot Of Greed","hermit:WideOpen","hermit:Vantage+1","hermit:Ricochet+1","hermit:Glare+1"],"relics":["hermit:Momento","aspiration:Nostalgia","Runesmith:BrokenRuby","Replay:Bottled Eggs","Boot","halation:StarCompass","jedi:crownofsimplicity","Calling Bell","Grinning Jar","StuffTheSpire:Wildfire","hubris:Metronome","Nunchaku","halation:IllGainedPizza","GremlinMask","Quantum Egg","infinitespire:PuzzleCube","CCEMRelics:SpiritsEdge","Bottled Lightning","PreservedInsect","conspire:SpecialSausage","hubris:Spice"],"acts_visited":["Exordium","TheCity","TheBeyond"],"potions_floor_usage":[16,36,36,39,39],"damage_taken":[{"damage":4,"enemies":"Jaw Worm","floor":1,"turns":5},{"damage":2,"enemies":"Small Slimes","floor":4,"turns":4},{"damage":22,"enemies":"Lagavulin","floor":7,"turns":8},{"damage":7,"enemies":"2 Louse","floor":8,"turns":2},{"damage":0,"enemies":"Blue Slaver","floor":14,"turns":3},{"damage":0,"enemies":"Slime Boss","floor":16,"turns":6},{"damage":20,"enemies":"2 Thieves","floor":18,"turns":3},{"damage":0,"enemies":"Chosen","floor":21,"turns":2},{"damage":1,"enemies":"Book of Stabbing","floor":23,"turns":2},{"damage":0,"enemies":"Sentry and Sphere","floor":25,"turns":2},{"damage":2,"enemies":"Snecko","floor":31,"turns":4},{"damage":35,"enemies":"Collector","floor":33,"turns":6},{"damage":15,"enemies":"Orb Walker","floor":35,"turns":2},{"damage":21,"enemies":"2 Orb Walkers","floor":36,"turns":4},{"damage":8,"enemies":"3 Darklings","floor":37,"turns":2},{"damage":4,"enemies":"Spire Growth","floor":38,"turns":5},{"damage":45,"enemies":"Orin","floor":39,"turns":5}],"seed_played":"-1191803056117574214","potions_obtained":[{"floor":4,"key":"Regen Potion"},{"floor":7,"key":"sneckomod:MuddlingPotion"},{"floor":8,"key":"Swift Potion"},{"floor":21,"key":"LiquidMemories"},{"floor":31,"key":"Energy Potion"},{"floor":37,"key":"CultistPotion"}],"is_trial":false,"path_per_floor":["M","?","?","M","?","R","E","M","T","R","?","$","R","M","R","B",null,"M","?","?","M","?","E","R","M","T","R","$","AVR","R","M","R","B",null,"M","?","M","M","?"],"character_chosen":"HERMIT","items_purchased":["jedi:crownofsimplicity","CCEMRelics:SpiritsEdge","Bottled Lightning"],"campfire_rested":3,"item_purchase_floors":[12,28,28],"current_hp_per_floor":[71,71,71,69,69,69,47,40,40,40,40,40,40,40,40,40,75,55,13,13,13,13,12,34,34,34,34,9,9,31,29,51,16,75,60,47,39,35,0,0],"gold":540,"neow_bonus":"NOSTALGIA","is_daily":false,"chose_seed":false,"campfire_upgraded":5,"win_rate":0.0,"timestamp":1609989521,"path_taken":["M","?","?","M","?","R","E","?","T","R","?","$","R","M","R","BOSS","M","?","?","M","?","E","R","?","T","R","?","AVR","R","?","R","BOSS","M","?","M","M","?"],"items_purchased_type":["Relic","Relic","Relic"],"build_version":"2020-12-13","purchased_purges":1,"victory":false,"max_hp_per_floor":[75,75,75,75,75,75,75,75,75,75,75,75,75,75,75,75,75,75,75,75,75,75,75,75,75,75,75,75,75,75,75,75,75,75,75,83,83,83,83,83],"card_choices":[{"not_picked":["hermit:LuckOfTheDraw","hermit:Midnight"],"picked":"hermit:Deadeye","floor":1},{"not_picked":["expansioncontent:Flail","Midas Touch"],"picked":"ReplayTheSpireMod:Private Reserves","floor":2},{"not_picked":["hermit:ItchyTrigger","hermit:LuckOfTheDraw"],"picked":"hermit:Feint","floor":4},{"not_picked":["hermit:HoleUp","hermit:Grudge"],"picked":"hermit:Brawl","floor":7},{"not_picked":["hermit:Headshot","hermit:Coalescence"],"picked":"hermit:Snipe","floor":8},{"not_picked":["hermit:HoleUp","hermit:Malice"],"picked":"hermit:SprayPray","floor":14},{"not_picked":["hermit:Dissolve","hermit:Magnum"],"picked":"hermit:Gambit","floor":16},{"not_picked":["hermit:NoHoldsBarred","hermit:SprayPray"],"picked":"hermit:WideOpen","floor":18},{"not_picked":["hermit:Horror+1","hermit:Misfire+1"],"picked":"hermit:EyeOfTheStorm","floor":21},{"not_picked":["hermit:Dive","hermit:CalledShot"],"picked":"hermit:Shortfuse","floor":23},{"not_picked":["hermit:Roulette","hermit:Snipe+1"],"picked":"hermit:RoundhouseKick","floor":25},{"not_picked":["hermit:Feint","hermit:Horror"],"picked":"hermit:WideOpen","floor":31},{"not_picked":["hermit:Combo","hermit:LoneWolf"],"picked":"hermit:Vantage+1","floor":35},{"not_picked":["hermit:EyeOfTheStorm+1","hermit:Brawl"],"picked":"hermit:Ricochet+1","floor":36},{"not_picked":["hermit:Misfire","hermit:TrackingShot+1","hermit:SprayPray"],"picked":"SKIP","floor":37},{"not_picked":["hermit:BodyArmor","hermit:Desperado+1"],"picked":"hermit:Glare+1","floor":38}],"player_experience":47645,"relics_obtained":[{"floor":7,"key":"Replay:Bottled Eggs"},{"floor":9,"key":"Boot"},{"floor":17,"key":"Grinning Jar"},{"floor":17,"key":"StuffTheSpire:Wildfire"},{"floor":17,"key":"hubris:Metronome"},{"floor":23,"key":"Quantum Egg"},{"floor":26,"key":"infinitespire:PuzzleCube"},{"floor":36,"key":"hubris:Spice"}],"event_choices":[{"damage_healed":0,"gold_gain":1,"player_choice":"1","damage_taken":0,"max_hp_gain":0,"max_hp_loss":0,"event_name":"betterStone:BetterStone","floor":2,"gold_loss":0},{"damage_healed":0,"gold_gain":0,"player_choice":"Invest 1","damage_taken":0,"max_hp_gain":0,"max_hp_loss":0,"event_name":"conspire:Investor","floor":3,"gold_loss":0},{"damage_healed":0,"gold_gain":0,"player_choice":"RE UP RE ","damage_taken":48,"relics_obtained":["Nunchaku","halation:IllGainedPizza"],"max_hp_gain":0,"max_hp_loss":0,"event_name":"betterSkull:BetterSkull","floor":19,"gold_loss":0,"cards_upgraded":["Pot Of Greed"]},{"cards_removed":["hermit:Defend_Hermit"],"damage_healed":0,"gold_gain":0,"player_choice":"Give","damage_taken":0,"max_hp_gain":0,"max_hp_loss":0,"event_name":"betterNote:BetterNote","floor":20,"gold_loss":0,"cards_obtained":["Injury"]},{"damage_healed":0,"gold_gain":0,"player_choice":"Trade","damage_taken":0,"relics_obtained":["GremlinMask"],"max_hp_gain":0,"max_hp_loss":0,"event_name":"FaceTrader","floor":22,"gold_loss":0},{"damage_healed":0,"gold_gain":0,"player_choice":"Fight","damage_taken":0,"max_hp_gain":0,"max_hp_loss":0,"event_name":"Mysterious Sphere","floor":36,"gold_loss":0},{"damage_healed":0,"gold_gain":0,"player_choice":"Fight","damage_taken":0,"max_hp_gain":0,"max_hp_loss":0,"event_name":"OrinTheCat","floor":39,"gold_loss":0}],"is_beta":false,"boss_relics":[{"not_picked":["Replay:Wanted Poster","Busted Crown"],"picked":"Calling Bell"},{"not_picked":["hubris:GrandSneckoEye","conspire:SeveredTorchhead"],"picked":"conspire:SpecialSausage"}],"items_purged_floors":[29],"is_endless":false,"potions_floor_spawned":[4,7,8,21,31,33,35,37],"killed_by":"Orin","ascension_level":0}}