{"host":"qxfsqqkvz99y95yf","time":1609990011,"event":{"mods":["BaseMod","Infinite Spire","Minty Spire (QoL Compilation)","Replay The Spire","StSLib"],"gold_per_floor":[111,111,36,211,64,64,84,112,112,131,146,156,185,185,185,280,280,291,311,327,327,338,366,366,366,366],"floor_reached":25,"playtime":3016,"items_purged":["Strike_R","Doubt","Strike_R"],"score":233,"play_id":"7a6dff80-bb38-4416-bd0d-e948706797ee","local_time":"20210106222651","is_ascension_mode":false,"campfire_choices":[{"data":"Flex","floor":6,"key":"SMITH"},{"floor":15,"key":"DIG"},{"data":"infinitespire:Oblivion","floor":24,"key":"SMITH"}],"circlet_count":0,"master_deck":["Strike_R","Strike_R","Strike_R","Defend_R","Defend_R","Defend_R","Defend_R","Bash","Pommel Strike","Flex+1","Heavy Blade","True Grit+1","Warcry+1","Intimidate+1","Flex+1","Rage+1","Languid","Demon Form","Run Through","Warcry+1","Reckless Charge","infinitespire:Oblivion+1"],"relics":["Burning Blood","Toxic Egg 2","Replay:Wax Seal","HornCleat","Ring of Hypnosis","Ring of Panic","infinitespire:Eraser","Busted Crown","Ice Cream","Pen Nib"],"acts_visited":["Exordium","TheCity"],"potions_floor_usage":[16,16,16,22,23],"damage_taken":[{"damage":11,"enemies":"2 Louse","floor":1,"turns":4},{"damage":0,"enemies":"Cultist","floor":7,"turns":2},{"damage":6,"enemies":"Gremlin Nob","floor":8,"turns":3},{"damage":1,"enemies":"Jaw Worm","floor":10,"turns":3},{"damage":8,"enemies":"Red Slaver","floor":11,"turns":4},{"damage":10,"enemies":"Large Slime","floor":12,"turns":4},{"damage":19,"enemies":"Replay:BlueRogue","floor":13,"turns":4},{"damage":59,"enemies":"Slime Boss","floor":16,"turns":15},{"damage":11,"enemies":"Chosen","floor":18,"turns":5},{"damage":2,"enemies":"Shell Parasite","floor":19,"turns":6},{"damage":5,"enemies":"Centurion and Healer","floor":20,"turns":7},{"damage":29,"enemies":"Chosen and Byrds","floor":22,"turns":6},{"damage":31,"enemies":"Nightmare","floor":23,"turns":7},{"damage":56,"enemies":"Gremlin Leader","floor":25,"turns":4}],"seed_played":"5752209195626395289","potions_obtained":[{"floor":1,"key":"Explosive Potion"},{"floor":7,"key":"Block Potion"},{"floor":11,"key":"Ancient Potion"},{"floor":12,"key":"BlessingOfTheForge"},{"floor":19,"key":"Regen Potion"},{"floor":20,"key":"AttackPotion"},{"floor":22,"key":"Energy Potion"}],"is_trial":false,"path_per_floor":["M","?","$","?","$","R","M","E","T","M","M","M","E","?","R","B",null,"M","M","M","AVR","M","NM","R","E"],"character_chosen":"IRONCLAD","items_purchased":["Flex"],"campfire_rested":0,"item_purchase_floors":[5],"current_hp_per_floor":[83,83,83,83,83,83,88,88,88,88,86,82,69,69,69,16,88,83,87,88,88,65,45,45,0,0],"gold":366,"neow_bonus":"TEN_PERCENT_HP_BONUS","is_daily":false,"chose_seed":false,"campfire_upgraded":2,"win_rate":0.0,"timestamp":1609990011,"path_taken":["M","?","$","?","?","R","?","E","T","M","M","M","E","?","R","BOSS","M","M","M","AVR","M","NM","R","E"],"items_purchased_type":["Card"],"build_version":"2020-12-22","purchased_purges":3,"victory":false,"max_hp_per_floor":[88,88,88,88,88,88,88,88,88,88,88,88,88,88,88,88,88,88,88,88,88,88,88,88,88,88],"card_choices":[{"not_picked":["ReplayTheSpireMod:Muscle Training","ReplayTheSpireMod:Strike From Hell"],"picked":"Pommel Strike","floor":1},{"not_picked":["ReplayTheSpireMod:Corrosion Curse","Sever Soul"],"picked":"Heavy Blade","floor":7},{"not_picked":["Evolve","Anger"],"picked":"True Grit+1","floor":8},{"not_picked":["Anger","True Grit+1"],"picked":"Warcry+1","floor":10},{"not_picked":["Dropkick","Warcry+1"],"picked":"Intimidate+1","floor":11},{"not_picked":["Second Wind+1","Clash"],"picked":"Flex+1","floor":12},{"not_picked":["Corruption","Headbutt"],"picked":"Rage+1","floor":13},{"not_picked":["Corruption","Double Tap+1"],"picked":"Demon Form","floor":16},{"not_picked":[],"picked":"Run Through","floor":18},{"not_picked":[],"picked":"Warcry+1","floor":19},{"not_picked":[],"picked":"Reckless Charge","floor":20},{"not_picked":["Havoc+1"],"picked":"SKIP","floor":22},{"not_picked":["Second Wind+1"],"picked":"SKIP","floor":23}],"player_experience":164999,"relics_obtained":[{"floor":8,"key":"Toxic Egg 2"},{"floor":9,"key":"Replay:Wax Seal"},{"floor":13,"key":"HornCleat"},{"floor":14,"key":"Ring of Hypnosis"},{"floor":14,"key":"Ring of Panic"},{"floor":15,"key":"infinitespire:Eraser"},{"floor":23,"key":"Pen Nib"}],"event_choices":[{"damage_healed":0,"gold_gain":0,"player_choice":"Bought 0 Potions","damage_taken":0,"max_hp_gain":0,"max_hp_loss":0,"event_name":"The Woman in Blue","floor":2,"gold_loss":0},{"damage_healed":0,"gold_gain":175,"player_choice":"AGREE","damage_taken":0,"max_hp_gain":0,"max_hp_loss":0,"event_name":"Liars Game","floor":4,"gold_loss":0,"cards_obtained":["Doubt"]}],"is_beta":false,"boss_relics":[{"not_picked":["Replay:Wanted Poster","Electric Blood"],"picked":"Busted Crown"}],"items_purged_floors":[3,5,21],"is_endless":false,"potions_floor_spawned":[1,7,11,12,19,20,22],"killed_by":"Gremlin Leader","ascension_level":0}}