{"host":"Rich","time":1609984371,"event":{"mods":["AchievementEnabler","BaseMod","Highlight Path","Minty Spire (QoL Compilation)","Relic Stats"],"gold_per_floor":[112,112,37,48,48,48,65,78,78,96,113,127,127,82,82,82,82],"floor_reached":16,"playtime":484,"items_purged":["Defend_R"],"score":94,"play_id":"b99f0edb-db95-4cea-9d5b-f864bca762f3","local_time":"20210106205251","is_ascension_mode":false,"campfire_choices":[{"data":"Finesse","floor":6,"key":"SMITH"},{"data":"Whirlwind","floor":15,"key":"SMITH"}],"circlet_count":0,"master_deck":["Strike_R","Strike_R","Strike_R","Strike_R","Defend_R+1","Defend_R","Defend_R","Finesse+1","Thunderclap","Evolve+1","Whirlwind+1","Headbutt"],"relics":["Burning Blood"],"acts_visited":["Exordium"],"potions_floor_usage":[12,16],"damage_taken":[{"damage":6,"enemies":"Cultist","floor":1,"turns":3},{"damage":5,"enemies":"Small Slimes","floor":4,"turns":3},{"damage":0,"enemies":"2 Louse","floor":7,"turns":2},{"damage":4,"enemies":"2 Fungi Beasts","floor":8,"turns":4},{"damage":13,"enemies":"Looter","floor":10,"turns":4},{"damage":2,"enemies":"Blue Slaver","floor":11,"turns":7},{"damage":7,"enemies":"Exordium Wildlife","floor":12,"turns":5},{"damage":34,"enemies":"The Guardian","floor":16,"turns":12}],"seed_played":"-965155897918190964","potions_obtained":[{"floor":8,"key":"DistilledChaos"},{"floor":10,"key":"Explosive Potion"}],"is_trial":false,"path_per_floor":["M","?","$","M","?","R","M","M","T","M","M","M","?","$","R","B"],"character_chosen":"IRONCLAD","items_purchased":["Headbutt"],"campfire_rested":0,"item_purchase_floors":[14],"current_hp_per_floor":[80,73,73,74,74,74,80,80,80,73,77,76,60,60,60,26,26],"gold":82,"neow_bonus":"RANDOM_COLORLESS","is_daily":false,"chose_seed":false,"campfire_upgraded":2,"win_rate":0.0,"timestamp":1609984371,"path_taken":["M","?","$","M","?","R","M","?","T","M","M","M","?","$","R","BOSS"],"items_purchased_type":["Card"],"build_version":"2020-12-18","purchased_purges":1,"victory":false,"max_hp_per_floor":[80,80,80,80,80,80,80,80,80,80,80,80,80,80,80,80,80],"relic_stats":{"counters":[8,40],"obtain_stats":[{"Burning Blood":0},{"Burning Blood":0},{"Burning Blood":0}],"Burning Blood":40},"card_choices":[{"not_picked":["Dramatic Entrance","Swift Strike"],"picked":"Finesse","floor":0},{"not_picked":["Clash","Clothesline"],"picked":"Thunderclap","floor":1},{"not_picked":["Heavy Blade","Havoc","Iron Wave"],"picked":"SKIP","floor":4},{"not_picked":["Warcry","Power Through","Heavy Blade"],"picked":"SKIP","floor":7},{"not_picked":["Seeing Red","Flex"],"picked":"Evolve","floor":8},{"not_picked":["Limit Break","Anger","Hemokinesis"],"picked":"SKIP","floor":10},{"not_picked":["Hemokinesis","True Grit","Pommel Strike"],"picked":"SKIP","floor":11},{"not_picked":["Hemokinesis","True Grit","Pommel Strike"],"picked":"SKIP","floor":11},{"not_picked":["Body Slam","Evolve"],"picked":"Whirlwind","floor":12}],"player_experience":1973247,"relics_obtained":[],"event_choices":[{"cards_removed":["Strike_R"],"damage_healed":0,"gold_gain":0,"player_choice":"Card Removal","damage_taken":7,"max_hp_gain":0,"max_hp_loss":0,"event_name":"Golden Wing","floor":2,"gold_loss":0},{"cards_removed":["Bash"],"damage_healed":0,"gold_gain":0,"player_choice":"Purged","damage_taken":0,"max_hp_gain":0,"max_hp_loss":0,"event_name":"Purifier","floor":5,"gold_loss":0},{"damage_healed":0,"gold_gain":0,"player_choice":"Entered Light","damage_taken":16,"max_hp_gain":0,"max_hp_loss":0,"event_name":"Shining Light","floor":13,"gold_loss":0,"cards_upgraded":["Evolve","Defend_R"]}],"is_beta":true,"boss_relics":[],"items_purged_floors":[3],"is_endless":false,"potions_floor_spawned":[8,10],"killed_by":"The Guardian","ascension_level":0}}