{"host":"ueaobptuyu87ouwy","time":1609996485,"event":{"mods":["Aspiration","Bard","BaseMod","Better Altar","Better Match","Better Note","Better Sensory Stone","Better Skull","Better Third Choice","BetterRewards","CCEM","Colored Map","Conspire","Downfall","GifTheSpireLib","Googly Eyes","Halation","Hermit","Highlight Path","Hubris","Infinite Spire","Jedi Mod","Jorbs\u0027s Wanderer Trilogy","Marisa????????","Mimic Mod","Minty Spire (QoL Compilation)","Permanent Neow","Replay The Spire","StSLib","Stuff the Spire","The Runesmith","Unceasing Turn Reminder","everything is the same but u backflip on backflip","slay the spire mod where everything is the same but ironclad has a cowboy hat"],"gold_per_floor":[110,123,123,136,150,150,180,180,206,232,34,48,66,77,77,172,172,143,161,161,7,22,22,22,22],"floor_reached":24,"playtime":1461,"items_purged":["Pain"],"score":378,"play_id":"8ee4c5e7-6093-483e-84ea-53125667996a","local_time":"20210107131445","is_ascension_mode":true,"campfire_choices":[{"data":"Replay:Poison Smokescreen","floor":6,"key":"SMITH"},{"floor":15,"key":"DIG"},{"floor":23,"key":"REST"}],"circlet_count":0,"master_deck":["Strike_G","Strike_G","Strike_G","Strike_G","Defend_G","Defend_G","Defend_G","Defend_G","Defend_G","Survivor","Neutralize","Caltrops","Flechettes","Thinking Ahead","Flying Knee","Caltrops","Dodge and Roll","Replay:Poison Smokescreen+1","Bane","StuffTheSpire:Innocence","StuffTheSpire:Shiver","Prepared","Bane","Sucker Punch","Replay:Bag of Tricks","StuffTheSpire:BumpUp","Footwork","Blade Dance","Poisoned Stab"],"relics":["Ring of the Snake","StuffTheSpire:Saxophone","infinitespire:PuzzleCube","Replay:Rubber Ducky","Dream Catcher","WarpedTongs","Potion Belt","hubris:DeckOfHolding","Toy Ornithopter","CCEMRelics:GrindingGear","aspiration:SecretTechniqueScroll","hubris:BottledHeart"],"acts_visited":["Exordium","TheCity"],"potions_floor_usage":[10,16,16,16,19,24],"damage_taken":[{"damage":0,"enemies":"Small Slimes","floor":1,"turns":3},{"damage":0,"enemies":"Cultist","floor":2,"turns":3},{"damage":1,"enemies":"Jaw Worm","floor":4,"turns":4},{"damage":5,"enemies":"Exordium Thugs","floor":5,"turns":5},{"damage":23,"enemies":"Gremlin Nob","floor":7,"turns":5},{"damage":11,"enemies":"Lagavulin","floor":10,"turns":7},{"damage":0,"enemies":"3 Louse","floor":12,"turns":3},{"damage":3,"enemies":"Red Slaver","floor":13,"turns":5},{"damage":2,"enemies":"Blue Slaver","floor":14,"turns":4},{"damage":8,"enemies":"Hexaghost","floor":16,"turns":9},{"damage":17,"enemies":"2 Thieves","floor":18,"turns":5},{"damage":20,"enemies":"3 Byrds","floor":19,"turns":4},{"damage":0,"enemies":"Centurion and Healer","floor":22,"turns":8},{"damage":2,"enemies":"Slavers","floor":24,"turns":4}],"seed_played":"5313230826939440016","potions_obtained":[{"floor":1,"key":"DistilledChaos"},{"floor":2,"key":"FearPotion"},{"floor":5,"key":"Languid Potion"},{"floor":10,"key":"Swift Potion"},{"floor":12,"key":"champ:CounterPotion"},{"floor":16,"key":"Weak Potion"},{"floor":18,"key":"LiquidBronze"},{"floor":19,"key":"Weak Potion"}],"is_trial":false,"path_per_floor":["M","M","?","M","M","R","E","?","T","E","$","M","M","M","R_BF","B",null,"M","M","?","$","M","R","E"],"character_chosen":"THE_SILENT","items_purchased":["StuffTheSpire:Saxophone","infinitespire:PuzzleCube","Replay:Rubber Ducky","Caltrops","Thinking Ahead","Toy Ornithopter","Prepared","Footwork"],"campfire_rested":1,"item_purchase_floors":[0,0,0,0,0,11,11,21],"current_hp_per_floor":[56,56,56,55,50,50,27,27,27,16,16,16,13,11,11,18,70,53,38,1,1,1,1,0,0],"gold":22,"neow_bonus":"","is_daily":false,"chose_seed":false,"campfire_upgraded":1,"win_rate":0.0,"timestamp":1609996485,"path_taken":["M","M","?","M","?","R","E","?","T","E","$","M","?","?","R_BF","BOSS","M","M","?","?","?","R","E"],"items_purchased_type":["Relic","Relic","Relic","Card","Card","Relic","Card","Card"],"build_version":"2020-12-13","purchased_purges":1,"victory":false,"max_hp_per_floor":[70,70,70,70,70,70,70,70,70,70,70,70,70,70,70,70,70,70,70,1,1,1,1,1,1],"card_choices":[{"not_picked":["StuffTheSpire:Injection","Bane"],"picked":"Flying Knee","floor":1},{"not_picked":["StuffTheSpire:BumpUp","ReplayTheSpireMod:Shiv Toss"],"picked":"Caltrops","floor":2},{"not_picked":["jedi:pocketpoison","ReplayTheSpireMod:Speed Training"],"picked":"Dodge and Roll","floor":4},{"not_picked":["StuffTheSpire:BumpUp","Die Die Die"],"picked":"Replay:Poison Smokescreen","floor":5},{"not_picked":["Deadly Poison","Choke"],"picked":"Bane","floor":7},{"not_picked":["Masterful Stab","ReplayTheSpireMod:From All Sides"],"picked":"StuffTheSpire:Shiver","floor":10},{"not_picked":["Calculated Gamble","hubris:SlightOfHand"],"picked":"Bane","floor":12},{"not_picked":["StuffTheSpire:ClusterCrunch","Sneak Up"],"picked":"Sucker Punch","floor":13},{"not_picked":["Outmaneuver","StuffTheSpire:ClusterCrunch","StuffTheSpire:Injection"],"picked":"SKIP","floor":14},{"not_picked":["Storm of Steel","Poison Darts"],"picked":"Replay:Bag of Tricks","floor":16},{"not_picked":["Expertise","Outmaneuver","StuffTheSpire:ClusterCrunch"],"picked":"SKIP","floor":18},{"not_picked":["StuffTheSpire:Incantation","Dagger Spray"],"picked":"StuffTheSpire:BumpUp","floor":19},{"not_picked":["Backflip","hubris:SlightOfHand"],"picked":"Blade Dance","floor":22},{"not_picked":["Flying Knee","StuffTheSpire:BumpUp+1"],"picked":"Poisoned Stab","floor":23}],"player_experience":51594,"relics_obtained":[{"floor":7,"key":"Dream Catcher"},{"floor":9,"key":"Potion Belt"},{"floor":10,"key":"hubris:DeckOfHolding"},{"floor":15,"key":"CCEMRelics:GrindingGear"}],"event_choices":[{"cards_removed":["Strike_G"],"damage_healed":0,"gold_gain":0,"player_choice":"Purged","damage_taken":0,"max_hp_gain":0,"max_hp_loss":0,"event_name":"Purifier","floor":3,"gold_loss":0},{"damage_healed":0,"gold_gain":0,"player_choice":"Rummage","damage_taken":0,"relics_obtained":["WarpedTongs"],"max_hp_gain":0,"max_hp_loss":0,"event_name":"Accursed Blacksmith","floor":8,"gold_loss":0,"cards_obtained":["Pain"]}],"is_beta":false,"boss_relics":[{"not_picked":["Snecko Eye","hubris:Stopwatch"],"picked":"aspiration:SecretTechniqueScroll"}],"items_purged_floors":[21],"is_endless":false,"potions_floor_spawned":[1,2,5,10,12,16,18,19],"killed_by":"Slavers","ascension_level":1}}