{"host":"w9yruvs4bqht6bhw","time":1609980297,"event":{"mods":["BaseMod","Colored Powertips","Minty Spire (QoL Compilation)"],"gold_per_floor":[114,114,114,114,114,114,126,126,126,136,136,136,136,161,161,281,281,306,321,321,321,246,246,246],"floor_reached":23,"playtime":548,"items_purged":[],"score":250,"play_id":"7cfdf697-533a-45c3-b630-720ac5f54423","local_time":"20210106194457","is_ascension_mode":true,"campfire_choices":[{"data":"Vigilance","floor":6,"key":"SMITH"},{"data":"Fasting2","floor":13,"key":"SMITH"},{"data":"Defend_P","floor":15,"key":"SMITH"}],"circlet_count":0,"master_deck":["Strike_P","Strike_P","Strike_P","Strike_P","Defend_P","Defend_P","Defend_P+1","Eruption+1","Vigilance+1","Judgement","Prostrate"],"relics":["PureWater","Juzu Bracelet","FossilizedHelix","Golden Idol"],"acts_visited":["Exordium","TheCity"],"potions_floor_usage":[16,16,18,19,23,23],"damage_taken":[{"damage":9,"enemies":"2 Louse","floor":1,"turns":3},{"damage":2,"enemies":"Cultist","floor":7,"turns":3},{"damage":0,"enemies":"Jaw Worm","floor":10,"turns":4},{"damage":0,"enemies":"2 Fungi Beasts","floor":14,"turns":2},{"damage":0,"enemies":"Slime Boss","floor":16,"turns":4},{"damage":0,"enemies":"Chosen","floor":18,"turns":3},{"damage":9,"enemies":"2 Thieves","floor":19,"turns":5},{"damage":57,"enemies":"Gremlin Leader","floor":23,"turns":8}],"seed_played":"-1222352767996286035","potions_obtained":[{"floor":0,"key":"CultistPotion"},{"floor":0,"key":"DuplicationPotion"},{"floor":0,"key":"StancePotion"},{"floor":16,"key":"Fruit Juice"},{"floor":18,"key":"PowerPotion"},{"floor":19,"key":"Swift Potion"}],"is_trial":false,"path_per_floor":["M","?","?","$","?","R","M","$","T","M","?","$","R","M","R","B",null,"M","M","$","?","?","E"],"character_chosen":"WATCHER","items_purchased":[],"campfire_rested":0,"item_purchase_floors":[],"current_hp_per_floor":[63,63,56,56,56,56,54,54,54,54,54,54,54,54,54,54,67,72,63,63,47,47,0,0],"gold":246,"neow_bonus":"THREE_SMALL_POTIONS","is_daily":false,"chose_seed":false,"campfire_upgraded":3,"win_rate":0.0,"timestamp":1609980297,"path_taken":["M","?","?","$","?","R","M","$","T","M","?","$","R","M","R","BOSS","M","M","$","?","?","E"],"items_purchased_type":[],"build_version":"2020-12-22","purchased_purges":0,"victory":false,"max_hp_per_floor":[72,72,72,72,72,72,72,72,72,72,67,67,67,67,67,67,67,72,72,72,72,72,72,72],"card_choices":[{"not_picked":["FlyingSleeves","SashWhip"],"picked":"Fasting2","floor":1},{"not_picked":["Wireheading","FollowUp"],"picked":"Fasting2","floor":7},{"not_picked":["ClearTheMind","Consecrate","FlyingSleeves"],"picked":"SKIP","floor":10},{"not_picked":["Meditate","Tantrum","TalkToTheHand"],"picked":"SKIP","floor":14},{"not_picked":["LessonLearned","Vault"],"picked":"Judgement","floor":16},{"not_picked":["BowlingBash","ClearTheMind"],"picked":"Prostrate","floor":18},{"not_picked":["EmptyBody","Worship+1","FlurryOfBlows"],"picked":"SKIP","floor":19}],"player_experience":343632,"relics_obtained":[{"floor":9,"key":"FossilizedHelix"}],"event_choices":[{"cards_removed":["Fasting2"],"damage_healed":0,"gold_gain":0,"player_choice":"Gave Card","damage_taken":0,"relics_obtained":["Juzu Bracelet"],"max_hp_gain":0,"max_hp_loss":0,"event_name":"WeMeetAgain","floor":2,"gold_loss":0},{"cards_removed":["Defend_P"],"damage_healed":0,"gold_gain":0,"player_choice":"Card Removal","damage_taken":7,"max_hp_gain":0,"max_hp_loss":0,"event_name":"Golden Wing","floor":3,"gold_loss":0},{"damage_healed":0,"gold_gain":0,"player_choice":"Grow","damage_taken":0,"max_hp_gain":0,"max_hp_loss":0,"event_name":"Living Wall","floor":5,"gold_loss":0,"cards_upgraded":["Eruption"]},{"damage_healed":0,"gold_gain":0,"player_choice":"Lose Max HP","damage_taken":0,"relics_obtained":["Golden Idol"],"max_hp_gain":0,"max_hp_loss":5,"event_name":"Golden Idol","floor":11,"gold_loss":0},{"damage_healed":0,"gold_gain":0,"player_choice":"Obtained Book","damage_taken":16,"max_hp_gain":0,"max_hp_loss":0,"event_name":"Cursed Tome","floor":21,"gold_loss":0},{"cards_removed":["Fasting2"],"damage_healed":0,"gold_gain":0,"player_choice":"Gave Gold","damage_taken":0,"max_hp_gain":0,"max_hp_loss":0,"event_name":"Beggar","floor":22,"gold_loss":75}],"is_beta":false,"boss_relics":[{"not_picked":["Cursed Key","Fusion Hammer","Pandora\u0027s Box"]}],"items_purged_floors":[],"is_endless":false,"potions_floor_spawned":[7,10,16,18,19],"killed_by":"Gremlin Leader","ascension_level":2}}