{"host":"h4lp0eeso8a0ssq0","time":1609981352,"event":{"mods":["2.2 Compatiblity","AchievementEnabler","BaseMod","CapriCore","Colored Map","Minty Spire (QoL Compilation)","StSLib","SuperFastMode"],"gold_per_floor":[111,111,111,34,34,62,62,123,123,140,159,176,176,190,190,290,290,301,120,45,45,58,83,83,116,142,157,157,175,190,219,219,321,321,334,351,351,361,103,134,134,146,146,164,164,164,182,194,194,194,194,194,4,31,31],"floor_reached":56,"playtime":1576,"items_purged":["Strike_G","Strike_G","Strike_G+1"],"score":1364,"play_id":"2e55eb4a-2f2b-4f8b-84d2-f5247b267eae","local_time":"20210107100232","is_ascension_mode":false,"campfire_choices":[{"data":"Crippling Poison","floor":7.0,"key":"SMITH"},{"data":"Noxious Fumes","floor":13.0,"key":"SMITH"},{"data":"Catalyst","floor":15.0,"key":"SMITH"},{"data":"Wraith Form v2","floor":24.0,"key":"SMITH"},{"data":"Catalyst","floor":28.0,"key":"SMITH"},{"data":"Setup","floor":32.0,"key":"SMITH"},{"floor":41.0,"key":"RECALL"},{"floor":45.0,"key":"REST"},{"floor":49.0,"key":"REST"},{"floor":52.0,"key":"REST"}],"circlet_count":0,"master_deck":["Defend_G","Defend_G","Defend_G","Defend_G","Defend_G+1","Survivor","Neutralize","PiercingWail","Noxious Fumes+1","Crippling Poison+1","Noxious Fumes","Catalyst+1","Wraith Form v2+1","CurseOfTheBell","PiercingWail","Die Die Die","Catalyst+1","Setup+1","Poisoned Stab+1","Noxious Fumes+1","Bouncing Flask+1","Crippling Poison","Acrobatics"],"relics":["Ring of the Snake","NeowsBlessing","Ornamental Fan","Gremlin Horn","Orichalcum","FossilizedHelix","Calling Bell","Nunchaku","The Courier","Unceasing Top","Snake Skull","Shuriken","Calipers","Lantern","Bottled Tornado","Fusion Hammer","Paper Crane","Bronze Scales","Smiling Mask","Happy Flower"],"acts_visited":["Exordium","TheCity","TheBeyond","TheEnding"],"potions_floor_usage":[55,55],"damage_taken":[{"damage":0.0,"enemies":"Cultist","floor":1.0,"turns":1.0},{"damage":0.0,"enemies":"3 Sentries","floor":6.0,"turns":1.0},{"damage":0.0,"enemies":"Gremlin Nob","floor":8.0,"turns":1.0},{"damage":0.0,"enemies":"2 Louse","floor":10.0,"turns":2.0},{"damage":0.0,"enemies":"Jaw Worm","floor":11.0,"turns":4.0},{"damage":0.0,"enemies":"Large Slime","floor":12.0,"turns":6.0},{"damage":4.0,"enemies":"3 Louse","floor":14.0,"turns":3.0},{"damage":0.0,"enemies":"Hexaghost","floor":16.0,"turns":7.0},{"damage":0.0,"enemies":"Chosen","floor":18.0,"turns":4.0},{"damage":0.0,"enemies":"3 Byrds","floor":22.0,"turns":3.0},{"damage":15.0,"enemies":"Gremlin Leader","floor":23.0,"turns":5.0},{"damage":0.0,"enemies":"Book of Stabbing","floor":25.0,"turns":6.0},{"damage":0.0,"enemies":"Snake Plant","floor":27.0,"turns":6.0},{"damage":0.0,"enemies":"Snecko","floor":29.0,"turns":5.0},{"damage":0.0,"enemies":"Sentry and Sphere","floor":30.0,"turns":4.0},{"damage":10.0,"enemies":"Slavers","floor":31.0,"turns":5.0},{"damage":6.0,"enemies":"Champ","floor":33.0,"turns":5.0},{"damage":0.0,"enemies":"3 Darklings","floor":35.0,"turns":4.0},{"damage":0.0,"enemies":"Orb Walker","floor":36.0,"turns":2.0},{"damage":0.0,"enemies":"Maw","floor":38.0,"turns":4.0},{"damage":0.0,"enemies":"Nemesis","floor":40.0,"turns":3.0},{"damage":0.0,"enemies":"Transient","floor":42.0,"turns":5.0},{"damage":5.0,"enemies":"Writhing Mass","floor":44.0,"turns":4.0},{"damage":0.0,"enemies":"3 Darklings","floor":47.0,"turns":4.0},{"damage":0.0,"enemies":"Jaw Worm Horde","floor":48.0,"turns":3.0},{"damage":28.0,"enemies":"Donu and Deca","floor":50.0,"turns":7.0},{"damage":16.0,"enemies":"Shield and Spear","floor":54.0,"turns":4.0},{"damage":35,"enemies":"The Heart","floor":55,"turns":8}],"seed_played":"8843157732532976800","potions_obtained":[{"floor":8.0,"key":"Swift Potion"},{"floor":10.0,"key":"Strength Potion"},{"floor":12.0,"key":"Ancient Potion"},{"floor":16.0,"key":"Explosive Potion"},{"floor":25.0,"key":"Block Potion"},{"floor":29.0,"key":"DuplicationPotion"},{"floor":35.0,"key":"DuplicationPotion"},{"floor":54.0,"key":"DistilledChaos"}],"is_trial":false,"path_per_floor":["M","?","?","$","?","E","R","?","T","M","M","M","R","M","R","B",null,"M","$","?","?","M","E","R","E","T","M","R","M","M","E","R","B",null,"M","M","T","M","$","E","R","M","T","M","R","?","M","M","R","B",null,"R","$","E","B",null],"character_chosen":"THE_SILENT","items_purchased":["Noxious Fumes","Snake Skull","Crippling Poison","Bronze Scales","Acrobatics","ColorlessPotion","Regen Potion"],"campfire_rested":3,"item_purchase_floors":[4,19,39,39,53,53,53],"current_hp_per_floor":[70,75,60,60,53,53,53,53,53,53,53,53,53,49,49,49,75,75,75,75,75,75,60,60,60,60,60,60,60,60,50,50,44,75,75,75,75,75,75,75,75,75,75,70,75,75,75,75,75,47,75,75,75,59,24],"gold":31,"neow_bonus":"THREE_ENEMY_KILL","is_daily":false,"chose_seed":false,"campfire_upgraded":6,"win_rate":0.0,"timestamp":1609981352,"path_taken":["M","?","?","$","?","E","R","?","T","M","M","M","R","M","R","BOSS","M","$","?","?","?","E","R","E","T","M","R","?","?","E","R","BOSS","M","M","?","M","$","E","R","M","T","?","R","?","M","M","R","BOSS","R","$","E","BOSS"],"items_purchased_type":["Card","Relic","Card","Relic","Card","Potion","Potion"],"build_version":"2020-12-22","purchased_purges":3,"victory":true,"max_hp_per_floor":[70,75,75,75,75,75,75,75,75,75,75,75,75,75,75,75,75,75,75,75,75,75,75,75,75,75,75,75,75,75,75,75,75,75,75,75,75,75,75,75,75,75,75,75,75,75,75,75,75,75,75,75,75,75,75],"card_choices":[{"not_picked":["Bane","Deadly Poison"],"picked":"PiercingWail","floor":1.0},{"not_picked":["Heel Hook","Caltrops"],"picked":"Crippling Poison","floor":6.0},{"not_picked":["Prepared","Skewer","Choke"],"picked":"SKIP","floor":10.0},{"not_picked":["All Out Attack","Skewer"],"picked":"Noxious Fumes","floor":11.0},{"not_picked":["Prepared","Cloak And Dagger","Dodge and Roll"],"picked":"SKIP","floor":12.0},{"not_picked":["PiercingWail","Cloak And Dagger"],"picked":"Catalyst","floor":14.0},{"not_picked":["Venomology","Die Die Die"],"picked":"Wraith Form v2","floor":16.0},{"not_picked":["Quick Slash","Outmaneuver"],"picked":"PiercingWail","floor":18.0},{"not_picked":["Sucker Punch","All Out Attack+1","Endless Agony"],"picked":"SKIP","floor":22.0},{"not_picked":["Deflect","Poisoned Stab"],"picked":"Catalyst","floor":23.0},{"not_picked":["Night Terror","Dagger Spray+1"],"picked":"Setup","floor":25.0},{"not_picked":["PiercingWail","Outmaneuver","All Out Attack"],"picked":"SKIP","floor":27.0},{"not_picked":["Sucker Punch","Prepared"],"picked":"Poisoned Stab+1","floor":29.0},{"not_picked":["Predator+1","PiercingWail"],"picked":"Noxious Fumes+1","floor":30.0},{"not_picked":["Deadly Poison","Bane","Prepared"],"picked":"SKIP","floor":31.0},{"not_picked":["Backflip","Poisoned Stab+1"],"picked":"Bouncing Flask+1","floor":35.0},{"not_picked":["Blade Dance+1","Prepared","Dodge and Roll+1"],"picked":"SKIP","floor":36.0},{"not_picked":["Riddle With Holes+1","Heel Hook+1","Blade Dance"],"picked":"SKIP","floor":38.0},{"not_picked":["Bane+1","Night Terror","Sucker Punch"],"picked":"SKIP","floor":40.0},{"not_picked":["Flying Knee+1","Dagger Spray","Sucker Punch"],"picked":"SKIP","floor":42.0},{"not_picked":["PiercingWail+1","Dagger Throw","Cloak And Dagger+1"],"picked":"SKIP","floor":44.0},{"not_picked":["Dagger Spray","Bane+1","Eviscerate"],"picked":"SKIP","floor":47.0},{"not_picked":["Slice+1","Poisoned Stab","Reflex+1"],"picked":"SKIP","floor":48.0},{"not_picked":["Sucker Punch+1","Flechettes","Prepared"],"picked":"SKIP","floor":54.0}],"player_experience":84164,"relics_obtained":[{"floor":6.0,"key":"Gremlin Horn"},{"floor":8.0,"key":"Orichalcum"},{"floor":9.0,"key":"FossilizedHelix"},{"floor":17.0,"key":"Nunchaku"},{"floor":17.0,"key":"The Courier"},{"floor":17.0,"key":"Unceasing Top"},{"floor":23.0,"key":"Shuriken"},{"floor":25.0,"key":"Calipers"},{"floor":26.0,"key":"Lantern"},{"floor":31.0,"key":"Bottled Tornado"},{"floor":37.0,"key":"Paper Crane"},{"floor":40.0,"key":"Smiling Mask"},{"floor":54.0,"key":"Happy Flower"}],"event_choices":[{"damage_healed":0.0,"max_hp_gain":5.0,"max_hp_loss":0.0,"gold_gain":0.0,"event_name":"Big Fish","player_choice":"Donut","floor":2.0,"gold_loss":0.0,"damage_taken":0.0},{"damage_healed":0.0,"max_hp_gain":0.0,"max_hp_loss":0.0,"gold_gain":0.0,"event_name":"Shining Light","player_choice":"Entered Light","floor":3.0,"gold_loss":0.0,"damage_taken":15.0,"cards_upgraded":["Defend_G","Strike_G"]},{"damage_healed":0.0,"max_hp_gain":0.0,"max_hp_loss":0.0,"gold_gain":0.0,"event_name":"Scrap Ooze","player_choice":"Success","floor":5.0,"gold_loss":0.0,"damage_taken":7.0,"relics_obtained":["Ornamental Fan"]},{"damage_healed":0.0,"max_hp_gain":0.0,"max_hp_loss":0.0,"gold_gain":30.0,"event_name":"Dead Adventurer","player_choice":"Searched \u00273\u0027 times","floor":8.0,"gold_loss":0.0,"damage_taken":0.0},{"cards_removed":["Strike_G"],"damage_healed":0.0,"max_hp_gain":0.0,"max_hp_loss":0.0,"gold_gain":0.0,"event_name":"Beggar","player_choice":"Gave Gold","floor":20.0,"gold_loss":75.0,"damage_taken":0.0},{"damage_healed":0.0,"max_hp_gain":0.0,"max_hp_loss":0.0,"gold_gain":0.0,"event_name":"Match and Keep!","player_choice":"1 cards matched","floor":21.0,"gold_loss":0.0,"damage_taken":0.0,"cards_obtained":["Die Die Die"]},{"cards_removed":["Strike_G"],"damage_healed":0.0,"max_hp_gain":0.0,"max_hp_loss":0.0,"gold_gain":0.0,"event_name":"Falling","player_choice":"Removed Attack","floor":46.0,"gold_loss":0.0,"damage_taken":0.0}],"is_beta":false,"boss_relics":[{"not_picked":["Velvet Choker","Runic Dome"],"picked":"Calling Bell"},{"not_picked":["SlaversCollar","HoveringKite"],"picked":"Fusion Hammer"}],"items_purged_floors":[19,39,53],"is_endless":false,"potions_floor_spawned":[8,10,12,16,25,27,29,31,33,35,42,47,48,54],"ascension_level":0}}