{"host":"4rvakrj1idbgia3f","time":1609991041,"event":{"mods":["BaseMod","Colored Map","Colored Powertips","DeckTracker","Highlight Path","Minty Spire (QoL Compilation)","Random Character Button","StSLib"],"gold_per_floor":[109,129,147,147,164,164,190,190,216,246,82,82,147,164,164,164,164],"floor_reached":16,"playtime":615,"items_purged":["Defend_R"],"score":220,"play_id":"e91eeda8-e6e4-41cf-b72c-85f2e01cd2b8","local_time":"20210107124401","is_ascension_mode":true,"campfire_choices":[{"data":"Uppercut","floor":6,"key":"SMITH"},{"data":"Fire Breathing","floor":8,"key":"SMITH"},{"data":"Whirlwind","floor":12,"key":"SMITH"},{"data":"Heavy Blade","floor":15,"key":"SMITH"}],"circlet_count":0,"master_deck":["AscendersBane","Strike_R","Strike_R","Strike_R","Strike_R","Defend_R","Defend_R","Defend_R","Bash","Hemokinesis","Cleave","Uppercut+1","Rupture","Fire Breathing+1","Whirlwind+1","Shockwave","Heavy Blade+1"],"relics":["Burning Blood","NeowsBlessing","Happy Flower","Ancient Tea Set","Potion Belt","Centennial Puzzle"],"acts_visited":["Exordium"],"potions_floor_usage":[7,16],"damage_taken":[{"damage":0,"enemies":"Cultist","floor":1,"turns":1},{"damage":0,"enemies":"Small Slimes","floor":2,"turns":2},{"damage":0,"enemies":"2 Louse","floor":3,"turns":1},{"damage":21,"enemies":"Large Slime","floor":5,"turns":7},{"damage":9,"enemies":"Lagavulin","floor":7,"turns":7},{"damage":32,"enemies":"Gremlin Nob","floor":10,"turns":4},{"damage":17,"enemies":"3 Sentries","floor":13,"turns":3},{"damage":11,"enemies":"Looter","floor":14,"turns":2},{"damage":27,"enemies":"Slime Boss","floor":16,"turns":4}],"seed_played":"1685944650579169344","potions_obtained":[{"floor":3,"key":"ElixirPotion"},{"floor":5,"key":"PowerPotion"},{"floor":10,"key":"BloodPotion"}],"is_trial":false,"path_per_floor":["M","M","M","?","M","R","E","R","T","E","$","R","?","M","R","B"],"character_chosen":"IRONCLAD","items_purchased":["Whirlwind"],"campfire_rested":0,"item_purchase_floors":[11],"current_hp_per_floor":[74,75,75,68,53,53,50,50,50,24,24,24,13,8,8,0,0],"gold":164,"neow_bonus":"THREE_ENEMY_KILL","is_daily":false,"chose_seed":false,"campfire_upgraded":4,"win_rate":0.0,"timestamp":1609991041,"path_taken":["M","M","M","?","M","R","E","R","T","E","$","R","?","M","R","BOSS"],"items_purchased_type":["Card"],"build_version":"2020-12-22","purchased_purges":1,"victory":false,"max_hp_per_floor":[75,75,75,75,75,75,75,75,75,75,75,75,75,75,75,75,75],"card_choices":[{"not_picked":["Warcry","Perfected Strike"],"picked":"Hemokinesis","floor":1},{"not_picked":["Sever Soul","Perfected Strike"],"picked":"Cleave","floor":2},{"not_picked":["Havoc","Anger"],"picked":"Uppercut","floor":3},{"not_picked":["Warcry","Clothesline"],"picked":"Rupture","floor":5},{"not_picked":["Power Through","Bludgeon"],"picked":"Fire Breathing","floor":7},{"not_picked":["Reckless Charge","Body Slam","Pommel Strike"],"picked":"SKIP","floor":10},{"not_picked":["Thunderclap","Ghostly Armor"],"picked":"Shockwave","floor":13},{"not_picked":["Dark Embrace","Havoc"],"picked":"Heavy Blade","floor":14}],"player_experience":1961264,"relics_obtained":[{"floor":7,"key":"Happy Flower"},{"floor":9,"key":"Ancient Tea Set"},{"floor":10,"key":"Potion Belt"},{"floor":13,"key":"Centennial Puzzle"}],"event_choices":[{"cards_removed":["Strike_R"],"damage_healed":0,"gold_gain":0,"player_choice":"Card Removal","damage_taken":7,"max_hp_gain":0,"max_hp_loss":0,"event_name":"Golden Wing","floor":4,"gold_loss":0},{"damage_healed":0,"gold_gain":0,"player_choice":"Searched \u00271\u0027 times","damage_taken":0,"max_hp_gain":0,"max_hp_loss":0,"event_name":"Dead Adventurer","floor":13,"gold_loss":0}],"is_beta":false,"boss_relics":[],"items_purged_floors":[11],"is_endless":false,"potions_floor_spawned":[3,5,10],"killed_by":"Slime Boss","ascension_level":20}}