{"host":"2he95iptrbxkejc1","time":1610023778,"event":{"mods":["AchievementEnabler","BaseMod","Colored Powertips","Downfall","Hermit","Infinite Spire","Marisa????????","Minty Spire (QoL Compilation)","Random Character Mod","Replay The Spire","StSLib","Td1madao Mod","The Cursed","The Disciple","The Hierophant","The Marked","The Mystic","The Necromancer","The Poker Player","The Runesmith","The Servant 0.9.4"],"gold_per_floor":[111,131,150,28,41,73,83,101,101,101,112,112,112],"floor_reached":12,"playtime":572,"items_purged":["Strike_R"],"score":84,"play_id":"fdfb28b5-c107-4a32-857a-3b2679d4d6f7","local_time":"20210107124938","is_ascension_mode":false,"campfire_choices":[{"data":"Warcry","floor":10,"key":"SMITH"}],"circlet_count":0,"master_deck":["Strike_R","Strike_R","Strike_R","Strike_R","Defend_R","Defend_R","Defend_R","Defend_R","Bash","Flex","Warcry+1","Cleave","Thunderclap"],"relics":["Burning Blood","infinitespire:Beetle Shell","Golden Egg"],"acts_visited":["Exordium"],"potions_floor_usage":[6,8,12],"damage_taken":[{"damage":5,"enemies":"Jaw Worm","floor":1,"turns":6},{"damage":2,"enemies":"Small Slimes","floor":2,"turns":4},{"damage":0,"enemies":"2 Louse","floor":3,"turns":3},{"damage":21,"enemies":"Large Slime","floor":5,"turns":9},{"damage":36,"enemies":"Lagavulin","floor":6,"turns":4},{"damage":0,"enemies":"2 Fungi Beasts","floor":7,"turns":2},{"damage":11,"enemies":"Exordium Thugs","floor":8,"turns":4},{"damage":16,"enemies":"Large Slime","floor":11,"turns":7},{"damage":17,"enemies":"3 Sentries","floor":12,"turns":4}],"seed_played":"-2121056649627992199","potions_obtained":[{"floor":2,"key":"Dexterity Potion"},{"floor":5,"key":"SteroidPotion"},{"floor":7,"key":"Block Potion"}],"is_trial":false,"path_per_floor":["M","M","M","$","M","E","M","M","T","R","M","E"],"character_chosen":"IRONCLAD","items_purchased":["Warcry"],"campfire_rested":0,"item_purchase_floors":[4],"current_hp_per_floor":[57,61,67,67,52,22,28,23,23,23,13,0,0],"gold":112,"neow_bonus":"THREE_RARE_CARDS","is_daily":false,"chose_seed":false,"campfire_upgraded":1,"win_rate":0.0,"timestamp":1610023778,"path_taken":["M","M","M","$","M","E","M","M","T","R","M","E"],"items_purchased_type":["Card"],"build_version":"2020-12-22","purchased_purges":1,"victory":false,"max_hp_per_floor":[80,80,80,80,80,80,80,80,80,80,80,80,80],"card_choices":[{"not_picked":["Heavy Blade","Pummel"],"picked":"Flex","floor":1},{"not_picked":["Abandon","Havoc","Shrug It Off"],"picked":"SKIP","floor":2},{"not_picked":["ReplayTheSpireMod:Strike From Hell","Replay:Undeath\u0027s Touch","Shockwave"],"picked":"SKIP","floor":3},{"not_picked":["ReplayTheSpireMod:Strike From Hell","Replay:Undeath\u0027s Touch","Shockwave"],"picked":"SKIP","floor":3},{"not_picked":["ReplayTheSpireMod:LeadingStrike","Sever Soul"],"picked":"Cleave","floor":5},{"not_picked":["True Grit","Shrug It Off","Cleave"],"picked":"SKIP","floor":6},{"not_picked":["Dark Embrace","ReplayTheSpireMod:Corrosion Curse"],"picked":"Thunderclap","floor":7},{"not_picked":["Havoc","Anger","Thunderclap"],"picked":"SKIP","floor":8},{"not_picked":["Twin Strike","Shrug It Off","ReplayTheSpireMod:Limb From Limb"],"picked":"SKIP","floor":11}],"player_experience":83243,"relics_obtained":[{"floor":6,"key":"infinitespire:Beetle Shell"},{"floor":9,"key":"Golden Egg"}],"event_choices":[],"is_beta":false,"boss_relics":[],"items_purged_floors":[4],"is_endless":false,"potions_floor_spawned":[2,5,7],"killed_by":"3 Sentries","ascension_level":0}}