{"host":"y7sd46uq4xlni546","time":1610052580,"event":{"mods":["AchievementEnabler","BaseMod","Colored Map","Colored Powertips","Curses Come First","Filter the Spire","Minty Spire (QoL Compilation)","Quick Restart","Random Character Button","Rare Cards Sparkle","StSLib"],"gold_per_floor":[112,112,187,200,213,243,243,259,306,326,326,358,358,392,392,495,495,514,528,528,538,229,259,259,285,285,67,99,112,62,81,81,183,183,201,201,201,211,261,286,286,318,341,341,341,33,33,43,43,43,43],"floor_reached":50,"playtime":2896,"items_purged":["Strike_G","Defend_G"],"score":839,"play_id":"6b579426-2558-47f6-9f0c-e8d82cc0bdc0","local_time":"20210107214940","is_ascension_mode":true,"campfire_choices":[{"floor":7.0,"key":"REST"},{"data":"Blade Dance","floor":11.0,"key":"SMITH"},{"data":"Malaise","floor":15.0,"key":"SMITH"},{"floor":32.0,"key":"REST"},{"floor":41.0,"key":"RECALL"},{"floor":44.0,"key":"REST"},{"floor":47.0,"key":"REST"},{"data":"Cloak And Dagger","floor":49.0,"key":"SMITH"}],"circlet_count":0,"master_deck":["Defend_G+1","Defend_G","Survivor","Neutralize","Cloak And Dagger+1","Distraction+1","Riddle With Holes+1","Cloak And Dagger+1","Blade Dance+1","Blade Dance+1","Terror+1","Dagger Throw+1","Dash+1","Malaise+1","Dagger Spray+1","Die Die Die+1","Finisher+1","Swift Strike+1","Phantasmal Killer","Neutralize+1","Heel Hook+1","Caltrops+1","Corpse Explosion","Burst","Outmaneuver+1","A Thousand Cuts","Tactician","Backflip+1","Backstab+1"],"relics":["Astrolabe","Molten Egg 2","Ancient Tea Set","Omamori","Kunai","Empty Cage","Smiling Mask","Singing Bowl","MealTicket","Gremlin Horn","War Paint","Strawberry","Calipers","Sozu","Torii","Bottled Flame","Unceasing Top","Bronze Scales","Oddly Smooth Stone"],"acts_visited":["Exordium","TheCity","TheBeyond"],"potions_floor_usage":[],"damage_taken":[{"damage":3.0,"enemies":"2 Louse","floor":1.0,"turns":3.0},{"damage":0.0,"enemies":"Jaw Worm","floor":4.0,"turns":3.0},{"damage":0.0,"enemies":"Cultist","floor":5.0,"turns":3.0},{"damage":18.0,"enemies":"3 Sentries","floor":6.0,"turns":6.0},{"damage":0.0,"enemies":"Blue Slaver","floor":8.0,"turns":3.0},{"damage":2.0,"enemies":"Exordium Thugs","floor":10.0,"turns":4.0},{"damage":7.0,"enemies":"Gremlin Nob","floor":12.0,"turns":3.0},{"damage":0.0,"enemies":"Lagavulin","floor":14.0,"turns":7.0},{"damage":2.0,"enemies":"Hexaghost","floor":16.0,"turns":8.0},{"damage":25.0,"enemies":"Spheric Guardian","floor":18.0,"turns":6.0},{"damage":9.0,"enemies":"Shell Parasite","floor":19.0,"turns":4.0},{"damage":3.0,"enemies":"Snake Plant","floor":21.0,"turns":3.0},{"damage":0.0,"enemies":"Slavers","floor":23.0,"turns":3.0},{"damage":16.0,"enemies":"Gremlin Leader","floor":25.0,"turns":5.0},{"damage":1.0,"enemies":"Book of Stabbing","floor":28.0,"turns":4.0},{"damage":12.0,"enemies":"Chosen and Byrds","floor":29.0,"turns":3.0},{"damage":5.0,"enemies":"3 Cultists","floor":31.0,"turns":3.0},{"damage":39.0,"enemies":"Collector","floor":33.0,"turns":10.0},{"damage":12.0,"enemies":"3 Shapes","floor":35.0,"turns":3.0},{"damage":0.0,"enemies":"Orb Walker","floor":38.0,"turns":3.0},{"damage":0.0,"enemies":"Mind Bloom Boss Battle","floor":39.0,"turns":7.0},{"damage":18.0,"enemies":"Reptomancer","floor":40.0,"turns":4.0},{"damage":51.0,"enemies":"Giant Head","floor":42.0,"turns":7.0},{"damage":0.0,"enemies":"Sphere and 2 Shapes","floor":48.0,"turns":2.0},{"damage":77,"enemies":"Time Eater","floor":50,"turns":6}],"seed_played":"6990310135957550871","potions_obtained":[{"floor":4.0,"key":"Ancient Potion"},{"floor":8.0,"key":"DistilledChaos"},{"floor":10.0,"key":"Strength Potion"},{"floor":14.0,"key":"Strength Potion"},{"floor":16.0,"key":"Fruit Juice"},{"floor":18.0,"key":"SteroidPotion"},{"floor":23.0,"key":"PowerPotion"}],"is_trial":false,"path_per_floor":["M","?","?","M","M","E","R","M","T","M","R","E","?","E","R","B",null,"M","M","?","M","$","E","?","E","T","$","E","M","$","M","R","B",null,"M","?","?","M","?","E","R","E","T","R","?","$","R","M","R","B"],"character_chosen":"THE_SILENT","items_purchased":["Singing Bowl","Corpse Explosion","Strawberry","Bronze Scales","Oddly Smooth Stone"],"campfire_rested":4,"item_purchase_floors":[22,27,27,46,46],"current_hp_per_floor":[60,65,54,54,54,36,58,58,58,56,56,49,49,49,49,47,68,48,39,39,36,36,38,38,22,22,44,43,31,46,43,70,31,76,66,66,66,68,68,52,52,1,1,30,30,45,74,74,74,0,0],"gold":43,"neow_bonus":"BOSS_RELIC","is_daily":false,"chose_seed":false,"campfire_upgraded":3,"win_rate":0.0,"timestamp":1610052580,"path_taken":["M","?","?","M","M","E","R","M","T","M","R","E","?","E","R","BOSS","M","M","?","?","$","E","?","E","T","?","E","M","$","M","R","BOSS","M","?","?","?","?","E","R","E","T","R","?","?","R","M","R","BOSS"],"items_purchased_type":["Relic","Card","Relic","Relic","Relic"],"build_version":"2020-12-22","purchased_purges":2,"victory":false,"max_hp_per_floor":[70,75,75,75,75,75,75,75,75,75,75,75,75,75,75,75,75,80,80,80,80,80,82,82,82,82,89,89,89,89,91,91,91,91,93,93,93,95,95,97,97,97,97,97,97,97,97,97,97,97,97],"card_choices":[{"not_picked":["Backflip","Deflect"],"picked":"Cloak And Dagger","floor":1.0},{"not_picked":["Acrobatics","Underhanded Strike"],"picked":"Blade Dance","floor":4.0},{"not_picked":["All Out Attack","Footwork"],"picked":"Blade Dance","floor":5.0},{"not_picked":["Flechettes+1","Backflip"],"picked":"Terror","floor":6.0},{"not_picked":["Bane+1","Poisoned Stab+1"],"picked":"Dagger Throw+1","floor":8.0},{"not_picked":["Prepared","Deflect"],"picked":"Dash+1","floor":10.0},{"not_picked":["Acrobatics","Endless Agony+1"],"picked":"Malaise","floor":12.0},{"not_picked":["Dodge and Roll","Outmaneuver"],"picked":"Dagger Spray+1","floor":14.0},{"not_picked":["Doppelganger","Tools of the Trade"],"picked":"Die Die Die+1","floor":16.0},{"not_picked":["Outmaneuver","Deflect+1"],"picked":"Finisher+1","floor":18.0},{"not_picked":["Prepared","Slice+1","Acrobatics"],"picked":"SKIP","floor":19.0},{"not_picked":["Dagger Throw+1","Heel Hook+1","Cloak And Dagger"],"picked":"SKIP","floor":21.0},{"not_picked":["Heel Hook+1","Riddle With Holes+1","Blade Dance"],"picked":"Singing Bowl","floor":23.0},{"not_picked":["PiercingWail","Grand Finale+1"],"picked":"Caltrops+1","floor":25.0},{"not_picked":["Quick Slash+1","Underhanded Strike+1"],"picked":"Burst","floor":28.0},{"not_picked":["Deflect","Quick Slash+1"],"picked":"Outmaneuver+1","floor":29.0},{"not_picked":["Dagger Throw+1","All Out Attack+1","Finisher+1"],"picked":"Singing Bowl","floor":31.0},{"not_picked":["Tools of the Trade","Bullet Time"],"picked":"A Thousand Cuts","floor":33.0},{"not_picked":["Dash+1","All Out Attack+1","Terror+1"],"picked":"Singing Bowl","floor":35.0},{"not_picked":["Well Laid Plans","Acrobatics+1","Flechettes+1"],"picked":"Singing Bowl","floor":38.0},{"not_picked":["Backflip","Quick Slash+1"],"picked":"Tactician","floor":39.0},{"not_picked":["Dash+1","Heel Hook+1","Underhanded Strike+1"],"picked":"Singing Bowl","floor":40.0},{"not_picked":["Deflect","Dagger Throw+1"],"picked":"Backflip+1","floor":42.0},{"not_picked":["Phantasmal Killer","Underhanded Strike+1"],"picked":"Backstab+1","floor":48.0}],"player_experience":618744,"relics_obtained":[{"floor":6.0,"key":"Molten Egg 2"},{"floor":9.0,"key":"Ancient Tea Set"},{"floor":12.0,"key":"Omamori"},{"floor":14.0,"key":"Kunai"},{"floor":23.0,"key":"MealTicket"},{"floor":25.0,"key":"Gremlin Horn"},{"floor":26.0,"key":"War Paint"},{"floor":28.0,"key":"Calipers"},{"floor":39.0,"key":"Torii"},{"floor":40.0,"key":"Bottled Flame"},{"floor":42.0,"key":"Unceasing Top"}],"event_choices":[{"damage_healed":0.0,"max_hp_gain":5.0,"max_hp_loss":0.0,"gold_gain":0.0,"event_name":"Big Fish","player_choice":"Donut","floor":2.0,"gold_loss":0.0,"damage_taken":0.0},{"damage_healed":0.0,"max_hp_gain":0.0,"max_hp_loss":0.0,"gold_gain":75.0,"event_name":"World of Goop","player_choice":"Gather Gold","floor":3.0,"gold_loss":0.0,"damage_taken":11.0},{"damage_healed":0.0,"max_hp_gain":0.0,"max_hp_loss":0.0,"gold_gain":0.0,"event_name":"Living Wall","player_choice":"Grow","floor":13.0,"gold_loss":0.0,"damage_taken":0.0,"cards_upgraded":["Blade Dance"]},{"damage_healed":0.0,"max_hp_gain":0.0,"max_hp_loss":0.0,"gold_gain":0.0,"event_name":"WeMeetAgain","player_choice":"Gave Potion","floor":20.0,"gold_loss":0.0,"damage_taken":0.0,"relics_obtained":["Smiling Mask"]},{"damage_healed":0.0,"max_hp_gain":0.0,"max_hp_loss":0.0,"gold_gain":0.0,"event_name":"Match and Keep!","player_choice":"4 cards matched","floor":24.0,"gold_loss":0.0,"damage_taken":0.0,"cards_obtained":["Swift Strike","Phantasmal Killer","Neutralize","Heel Hook"]},{"damage_healed":0.0,"max_hp_gain":0.0,"max_hp_loss":0.0,"gold_gain":0.0,"event_name":"Tomb of Lord Red Mask","player_choice":"Ignored","floor":36.0,"gold_loss":0.0,"damage_taken":0.0},{"cards_removed":["Strike_G"],"damage_healed":0.0,"max_hp_gain":0.0,"max_hp_loss":0.0,"gold_gain":0.0,"event_name":"Bonfire Elementals","player_choice":"Offered Basic","floor":37.0,"gold_loss":0.0,"damage_taken":0.0},{"damage_healed":0.0,"max_hp_gain":0.0,"max_hp_loss":0.0,"gold_gain":0.0,"event_name":"MindBloom","player_choice":"Fight","floor":39.0,"gold_loss":0.0,"damage_taken":0.0},{"damage_healed":0.0,"max_hp_gain":0.0,"max_hp_loss":0.0,"gold_gain":0.0,"event_name":"Mysterious Sphere","player_choice":"Ignored","floor":45.0,"gold_loss":0.0,"damage_taken":0.0}],"is_beta":false,"boss_relics":[{"not_picked":["WristBlade","Black Star"],"picked":"Empty Cage"},{"not_picked":["Philosopher\u0027s Stone","Pandora\u0027s Box"],"picked":"Sozu"}],"items_purged_floors":[22,30],"is_endless":false,"potions_floor_spawned":[4,8,10,14,16,18,19,23,40,42],"killed_by":"Time Eater","ascension_level":6}}