{"host":"htqwg582tjjtn9p7","time":1610049084,"event":{"mods":["2.2 Compatiblity","AchievementEnabler","Act Like it!","Aspiration","BaseMod","Better Third Choice","Colored Map","Conspire","Curses Come First","Displayed Cursed Tome","Energized Spire","Force Act Four","GifTheSpireLib","Hermit","Highlight Path","JesterMod","Mad Scientist","Minty Spire (QoL Compilation)","Pale of the Ancients","Permanent Neow","Random Character Button","Relic Stats","Replay The Spire","Robot Space Explorer","Somnambulant","Spicy Shops","Spikes Relics","StSLib","Stuff the Spire","The Blue Laboratory","The Disciple","The Dragon Tamer","The Forsaken","The Gatherer","The Judge","The Jungle","The Marked","The Runesmith","The Servant 0.9.4","Uncapped"],"gold_per_floor":[114,114,132,160,12,38,38,38,63,98,109,109,143,161,161,161,161],"floor_reached":16,"playtime":650,"items_purged":[],"score":207,"play_id":"10d23108-132b-4e17-8970-bfa58b296647","local_time":"20210107205124","is_ascension_mode":true,"campfire_choices":[{"floor":8,"key":"REST"},{"floor":12,"key":"REST"},{"data":"Dual Wield","floor":15,"key":"SMITH"}],"circlet_count":0,"master_deck":["AscendersBane","Strike_R","Strike_R","Strike_R","Strike_R","Strike_R","Defend_R","Defend_R","Defend_R","Defend_R","Bash","Ghostly Armor","Dual Wield+1","Twin Strike","Perfected Strike","Feel No Pain","True Grit","True Grit"],"relics":["Burning Blood","PreservedInsect","WingedGreaves","Membership Card","Replay:Baseball","Blue Doll","StuffTheSpire:OldFever","Smiling Mask"],"acts_visited":["Exordium"],"potions_floor_usage":[4,10,16],"damage_taken":[{"damage":18,"enemies":"Jaw Worm","floor":1,"turns":4},{"damage":3,"enemies":"Small Slimes","floor":3,"turns":5},{"damage":31,"enemies":"conspire:MimicChest","floor":4,"turns":8},{"damage":42,"enemies":"Lagavulin","floor":6,"turns":8},{"damage":20,"enemies":"3 Sentries","floor":10,"turns":5},{"damage":2,"enemies":"conspire:RoseBush","floor":11,"turns":4},{"damage":14,"enemies":"Replay:BlueRogue","floor":13,"turns":8},{"damage":1,"enemies":"2 Fungi Beasts","floor":14,"turns":5},{"damage":33,"enemies":"The Guardian","floor":16,"turns":13}],"seed_played":"-890813091000999977","potions_obtained":[{"floor":3,"key":"LifebloodPotion"},{"floor":4,"key":"FairyPotion"},{"floor":6,"key":"Explosive Potion"},{"floor":13,"key":"blueLaboratory:BottleOfRum"},{"floor":14,"key":"blueLaboratory:HorrorPotion"}],"is_trial":false,"path_per_floor":["M","?","M","?","$","E","?","R","T","E","M","R","E","M","R_BF","B"],"character_chosen":"IRONCLAD","items_purchased":["Membership Card"],"campfire_rested":2,"item_purchase_floors":[5],"current_hp_per_floor":[56,66,69,44,44,8,4,26,26,12,16,38,30,35,35,2,2],"gold":161,"neow_bonus":"RANDOM_COMMON_RELIC","is_daily":false,"chose_seed":false,"campfire_upgraded":1,"win_rate":0.0,"timestamp":1610049084,"path_taken":["M","?","M","?","$","E","?","R","T","E","?","R","E","M","R_BF","BOSS"],"items_purchased_type":["Relic"],"build_version":"2020-12-22","purchased_purges":0,"victory":false,"max_hp_per_floor":[75,75,75,75,75,75,75,75,75,75,75,75,75,75,75,75,75],"relic_stats":{"counters":[9,60],"PreservedInsect":84,"Smiling Mask":0,"obtain_stats":[{"Replay:Baseball":6,"Blue Doll":9,"PreservedInsect":0,"WingedGreaves":4,"Membership Card":5,"Smiling Mask":13,"Burning Blood":0,"StuffTheSpire:OldFever":10},{"Replay:Baseball":4,"Blue Doll":4,"PreservedInsect":0,"WingedGreaves":3,"Membership Card":3,"Smiling Mask":7,"Burning Blood":0,"StuffTheSpire:OldFever":5},{"Replay:Baseball":25,"Blue Doll":25,"PreservedInsect":0,"WingedGreaves":17,"Membership Card":17,"Smiling Mask":42,"Burning Blood":0,"StuffTheSpire:OldFever":30}],"Burning Blood":48},"card_choices":[{"not_picked":["StuffTheSpire:Incineration","Body Slam"],"picked":"Ghostly Armor","floor":1},{"not_picked":["Body Slam","ReplayTheSpireMod:LeadingStrike"],"picked":"Dual Wield","floor":3},{"not_picked":["Body Slam","Perfected Strike"],"picked":"Twin Strike","floor":4},{"not_picked":["Corruption","Pummel"],"picked":"Perfected Strike","floor":6},{"not_picked":["Seeing Red","Anger"],"picked":"Feel No Pain","floor":10},{"not_picked":["Havoc","Intimidate"],"picked":"True Grit","floor":11},{"not_picked":["Limit Break","conspire:ExplosiveBarrier"],"picked":"True Grit","floor":13},{"not_picked":["Warcry","Twin Strike","Pummel"],"picked":"SKIP","floor":14}],"player_experience":1902816,"relics_obtained":[{"floor":4,"key":"WingedGreaves"},{"floor":6,"key":"Replay:Baseball"},{"floor":9,"key":"Blue Doll"},{"floor":10,"key":"StuffTheSpire:OldFever"},{"floor":13,"key":"Smiling Mask"}],"event_choices":[{"damage_healed":0,"gold_gain":0,"player_choice":"Leave","damage_taken":0,"max_hp_gain":0,"max_hp_loss":0,"event_name":"conspire:Investor","floor":7,"gold_loss":0}],"is_beta":false,"boss_relics":[],"items_purged_floors":[],"is_endless":false,"potions_floor_spawned":[3,4,6,13,14],"killed_by":"The Guardian","ascension_level":15}}