{"host":"5f3w3xqo483bhjcu","time":1610018970,"event":{"mods":["Act Like it!","BaseMod","Koishi","Marisa£®ÏF”Í°°ƒß¿Ì…≥£©","Minty Spire (QoL Compilation)","Reimu£®≤©¿ˆ¡È√Œ£©","Remilia£®¿Ÿ√◊¿Ú—«£©","StSLib","Waifu the Spire","WarShipGirlsR/’ΩΩ¢…Ÿ≈ÆR mod","Yakumo Yukari mod","Youmu£®ªÍ∆«—˝√Œ£©","Yuyuko","°æ“≈ŒÔø®≈∆°øREMEMod"],"gold_per_floor":[116,116,291,315,315,358,358,376,376,376,416,191,191,216,216,340,340,360,360,285,306,306,340,240,257,257,289,289,289,306,31,31,130,130,147,161,178,178,178,178,206,135,135,57,57,86,97,117,117,117],"floor_reached":51,"playtime":1493,"items_purged":["UpSweep","Defend_MRS+1","Occultation"],"score":800,"play_id":"42fdd1b4-6c18-451d-84ed-d7c930d4f1e1","local_time":"20210107192930","is_ascension_mode":false,"campfire_choices":[{"data":"MasterSpark","floor":7,"key":"SMITH"},{"data":"CasketOfStar","floor":10,"key":"SMITH"},{"data":"GrandCross","floor":13,"key":"SMITH"},{"data":"DoubleSpark","floor":15,"key":"SMITH"},{"data":"DoubleSpark","floor":28,"key":"SMITH"},{"data":"FinalSpark","floor":32,"key":"SMITH"},{"data":"FinalSpark","floor":40,"key":"SMITH"},{"floor":49,"key":"REST"}],"circlet_count":0,"master_deck":["Strike_MRS+1","Strike_MRS+1","Strike_MRS+1","Defend_MRS+1","Defend_MRS+1","Defend_MRS+1","MasterSpark+1","DoubleSpark+1","GrandCross+1","CasketOfStar+1","DoubleSpark+1","FinalSpark+1","FinalSpark+1","RefractionSpark","MachineGunSpark"],"relics":["REME_ComplimentaryCards","REME_DuelDisc","Bloody Idol","Spirit Poop","InkBottle","Pear","White Beast Statue","Lee\u0027s Waffle","Busted Crown","Boot","Bottled Tornado","Ancient Tea Set","DollysMirror","ExperimentalFamiliar","AntiCross","Kunai","Prayer Wheel"],"acts_visited":["Exordium","TheCity","TheBeyond"],"potions_floor_usage":[50,50],"damage_taken":[{"damage":0,"enemies":"Small Slimes","floor":1,"turns":2},{"damage":0,"enemies":"2 Louse","floor":4,"turns":2},{"damage":26,"enemies":"Lagavulin","floor":6,"turns":5},{"damage":0,"enemies":"Cultist","floor":8,"turns":2},{"damage":11,"enemies":"Gremlin Nob","floor":11,"turns":3},{"damage":0,"enemies":"2 Fungi Beasts","floor":14,"turns":2},{"damage":43,"enemies":"The Guardian","floor":16,"turns":9},{"damage":0,"enemies":"Spheric Guardian","floor":18,"turns":2},{"damage":0,"enemies":"3 Byrds","floor":21,"turns":2},{"damage":0,"enemies":"Gremlin Leader","floor":23,"turns":3},{"damage":0,"enemies":"Snecko","floor":25,"turns":2},{"damage":17,"enemies":"Slavers","floor":27,"turns":4},{"damage":4,"enemies":"Centurion and Healer","floor":30,"turns":2},{"damage":18,"enemies":"Automaton","floor":33,"turns":5},{"damage":7,"enemies":"3 Shapes","floor":35,"turns":2},{"damage":2,"enemies":"3 Darklings","floor":36,"turns":2},{"damage":20,"enemies":"Writhing Mass","floor":37,"turns":3},{"damage":11,"enemies":"Reptomancer","floor":41,"turns":4},{"damage":44,"enemies":"Nemesis","floor":46,"turns":3},{"damage":0,"enemies":"Spire Growth","floor":47,"turns":2},{"damage":30,"enemies":"4 Shapes","floor":48,"turns":3},{"damage":22,"enemies":"Awakened One","floor":50,"turns":5}],"seed_played":"-7010036416296833559","potions_obtained":[{"floor":4,"key":"LiquidMemories"},{"floor":6,"key":"ColorlessPotion"},{"floor":14,"key":"AttackPotion"},{"floor":16,"key":"Strength Potion"}],"is_trial":false,"path_per_floor":["M","?","?","M","?","E","R","M","T","R","E","$","R","M","R","B",null,"M","?","?","M","?","E","$","M","T","E","R","?","M","$","R","B",null,"M","M","M","?","?","R","E","$","T","$","?","E","M","M","R","B",null],"character_chosen":"MARISA","items_purchased":["Lee\u0027s Waffle","DollysMirror","RefractionSpark","MachineGunSpark"],"campfire_rested":1,"item_purchase_floors":[12,31,42,44],"current_hp_per_floor":[75,57,57,57,57,31,31,31,41,41,30,92,92,92,92,49,92,92,92,92,92,92,92,92,92,92,80,80,80,81,81,81,68,92,90,92,77,77,77,77,71,71,71,71,71,32,37,12,39,17],"gold":117,"neow_bonus":"BOSS_RELIC","is_daily":false,"chose_seed":false,"campfire_upgraded":7,"win_rate":0.0,"timestamp":1610018970,"path_taken":["M","?","?","M","?","E","R","M","T","R","E","$","R","?","R","BOSS","M","?","?","M","?","E","$","M","T","E","R","?","M","$","R","BOSS","M","?","M","?","?","R","E","?","T","$","?","E","?","M","R","BOSS"],"items_purchased_type":["Relic","Relic","Card","Card"],"build_version":"2020-12-22","purchased_purges":3,"victory":true,"max_hp_per_floor":[75,75,75,75,75,75,75,75,85,85,85,92,92,92,92,92,92,92,92,92,92,92,92,92,92,92,92,92,92,92,92,92,92,92,92,92,92,92,92,92,92,92,92,92,92,92,92,92,92,92],"card_choices":[{"not_picked":["MilkyWay","DC"],"picked":"DoubleSpark","floor":1},{"not_picked":["6A","MilkyWay"],"picked":"GrandCross","floor":4},{"not_picked":["NonDirectionalLaser","6A"],"picked":"SuperPerseids","floor":6},{"not_picked":["MilkyWay","AlicesGift"],"picked":"CasketOfStar","floor":8},{"not_picked":["GravityBeat","MysteriousBeam"],"picked":"DoubleSpark","floor":11},{"not_picked":["SporeBomb","DarkSpark","GravityBeat"],"picked":"SKIP","floor":14},{"not_picked":["BigCrunch","SuperNova"],"picked":"FinalSpark","floor":16},{"not_picked":["LuminesStrike"],"picked":"SKIP","floor":18},{"not_picked":["SporeBomb"],"picked":"SKIP","floor":21},{"not_picked":["GravityBeat"],"picked":"SKIP","floor":23},{"not_picked":["UnstableBomb"],"picked":"SKIP","floor":25},{"not_picked":["WitchLeyline+1"],"picked":"SKIP","floor":27},{"not_picked":["ManaConvection"],"picked":"SKIP","floor":30},{"not_picked":["GrandCross"],"picked":"SKIP","floor":35},{"not_picked":["GravityBeat"],"picked":"SKIP","floor":36},{"not_picked":["Acceleration"],"picked":"SKIP","floor":37},{"not_picked":["Robbery+1"],"picked":"SKIP","floor":41},{"not_picked":["CollectingQuirk"],"picked":"SKIP","floor":46},{"not_picked":["MilkyWay+1"],"picked":"SKIP","floor":47},{"not_picked":["BlazeAway"],"picked":"SKIP","floor":47},{"not_picked":["ManaConvection"],"picked":"SKIP","floor":48},{"not_picked":["PropBag"],"picked":"SKIP","floor":48}],"player_experience":375497,"relics_obtained":[{"floor":6,"key":"InkBottle"},{"floor":9,"key":"Pear"},{"floor":11,"key":"White Beast Statue"},{"floor":23,"key":"Boot"},{"floor":26,"key":"Bottled Tornado"},{"floor":27,"key":"Ancient Tea Set"},{"floor":41,"key":"AntiCross"},{"floor":43,"key":"Kunai"},{"floor":46,"key":"Prayer Wheel"}],"event_choices":[{"damage_healed":0,"gold_gain":0,"player_choice":"Take Damage","damage_taken":18,"relics_obtained":["Golden Idol"],"max_hp_gain":0,"max_hp_loss":0,"event_name":"Golden Idol","floor":2,"gold_loss":0},{"damage_healed":0,"gold_gain":175,"player_choice":"AGREE","damage_taken":0,"max_hp_gain":0,"max_hp_loss":0,"event_name":"Liars Game","floor":3,"gold_loss":0,"cards_obtained":["Doubt"]},{"cards_removed":["Doubt"],"damage_healed":0,"gold_gain":0,"player_choice":"Offered Curse","damage_taken":0,"relics_obtained":["Spirit Poop"],"max_hp_gain":0,"max_hp_loss":0,"event_name":"Bonfire Elementals","floor":5,"gold_loss":0},{"damage_healed":0,"gold_gain":0,"player_choice":"Simplicity","damage_taken":0,"max_hp_gain":0,"max_hp_loss":0,"event_name":"Back to Basics","floor":19,"gold_loss":0,"cards_upgraded":["Strike_MRS","Strike_MRS","Strike_MRS","Strike_MRS","Defend_MRS","Defend_MRS","Defend_MRS","Defend_MRS"]},{"cards_removed":["Strike_MRS"],"damage_healed":0,"gold_gain":0,"player_choice":"Gave Gold","damage_taken":0,"max_hp_gain":0,"max_hp_loss":0,"event_name":"Beggar","floor":20,"gold_loss":75},{"damage_healed":0,"gold_gain":0,"player_choice":"Gave Idol","damage_taken":0,"relics_obtained":["Bloody Idol"],"max_hp_gain":0,"max_hp_loss":0,"event_name":"Forgotten Altar","floor":22,"relics_lost":["Golden Idol"],"gold_loss":0},{"damage_healed":0,"gold_gain":0,"cards_transformed":["SuperPerseids"],"player_choice":"Transformed","damage_taken":0,"max_hp_gain":0,"max_hp_loss":0,"event_name":"Transmorgrifier","floor":29,"gold_loss":0,"cards_obtained":["Occultation"]},{"damage_healed":0,"gold_gain":0,"player_choice":"Ignored","damage_taken":0,"max_hp_gain":0,"max_hp_loss":0,"event_name":"Tomb of Lord Red Mask","floor":39,"gold_loss":0},{"damage_healed":0,"gold_gain":0,"player_choice":"Memory 1","damage_taken":0,"max_hp_gain":0,"max_hp_loss":0,"event_name":"SensoryStone","floor":45,"gold_loss":0}],"is_beta":false,"boss_relics":[{"not_picked":["Coffee Dripper","SacredBark"],"picked":"Busted Crown"},{"not_picked":["Runic Dome","Astrolabe"],"picked":"ExperimentalFamiliar"}],"items_purged_floors":[12,24,31],"is_endless":false,"potions_floor_spawned":[4,6,14,16,18,21,23,25,27,30,33,35,36,37,41,46,47,48],"ascension_level":0}}