{"host":"2lrkmsuh7nz013qb","time":1610023674,"event":{"mods":["BaseMod","Colored Map","DeckTracker","Minty Spire (QoL Compilation)","SuperFastMode","everything is the same but u backflip on backflip"],"gold_per_floor":[116,41,57,57,72,72,97,97,123,136,151,151,95,106,106,106,106],"floor_reached":16,"playtime":308,"items_purged":["Strike_G"],"score":204,"play_id":"85d06ee0-8b8b-4650-9a88-d05ebf071766","local_time":"20210107214754","is_ascension_mode":true,"campfire_choices":[{"data":"Poisoned Stab","floor":6,"key":"SMITH"},{"data":"Deadly Poison","floor":8,"key":"SMITH"},{"floor":15,"key":"REST"}],"circlet_count":0,"master_deck":["AscendersBane","Strike_G","Strike_G","Strike_G","Strike_G","Defend_G","Defend_G","Defend_G","Defend_G","Defend_G","Survivor","Neutralize","Corpse Explosion","Tactician","Poisoned Stab+1","Deadly Poison+1","Acrobatics","Prepared"],"relics":["Ring of the Snake","Vajra","PreservedInsect"],"acts_visited":["Exordium"],"potions_floor_usage":[14,14],"damage_taken":[{"damage":5,"enemies":"Cultist","floor":1,"turns":5},{"damage":7,"enemies":"Small Slimes","floor":3,"turns":4},{"damage":0,"enemies":"2 Louse","floor":5,"turns":2},{"damage":21,"enemies":"Lagavulin","floor":7,"turns":7},{"damage":7,"enemies":"Exordium Wildlife","floor":10,"turns":5},{"damage":2,"enemies":"Red Slaver","floor":11,"turns":4},{"damage":2,"enemies":"Lots of Slimes","floor":14,"turns":2},{"damage":33,"enemies":"Slime Boss","floor":16,"turns":3}],"seed_played":"-1271629760068420370","potions_obtained":[{"floor":7,"key":"Swift Potion"},{"floor":10,"key":"Swift Potion"},{"floor":14,"key":"SteroidPotion"}],"is_trial":false,"path_per_floor":["M","$","M","?","M","R","E","R","T","M","M","$","$","M","R","B"],"character_chosen":"THE_SILENT","items_purchased":["Prepared"],"campfire_rested":1,"item_purchase_floors":[13],"current_hp_per_floor":[54,54,47,47,47,47,26,26,26,19,17,17,17,15,33,0,0],"gold":106,"neow_bonus":"THREE_RARE_CARDS","is_daily":false,"chose_seed":false,"campfire_upgraded":2,"win_rate":0.0,"timestamp":1610023674,"path_taken":["M","$","M","?","M","R","E","R","T","M","M","?","$","M","R","BOSS"],"items_purchased_type":["Card"],"build_version":"2020-12-22","purchased_purges":1,"victory":false,"max_hp_per_floor":[60,60,60,60,60,60,60,60,60,60,60,60,60,60,60,60,60],"card_choices":[{"not_picked":["Malaise","Storm of Steel"],"picked":"Corpse Explosion","floor":0},{"not_picked":["Bane","Crippling Poison"],"picked":"Tactician","floor":1},{"not_picked":["Quick Slash","Flying Knee","Sucker Punch"],"picked":"SKIP","floor":3},{"not_picked":["Accuracy","Infinite Blades"],"picked":"Poisoned Stab","floor":5},{"not_picked":["Venomology","Slice"],"picked":"Deadly Poison","floor":7},{"not_picked":["Poisoned Stab","Blur","Distraction"],"picked":"SKIP","floor":10},{"not_picked":["Bouncing Flask","Riddle With Holes"],"picked":"Acrobatics","floor":11},{"not_picked":["Footwork","Glass Knife","Deflect"],"picked":"SKIP","floor":14}],"player_experience":743569,"relics_obtained":[{"floor":7,"key":"Vajra"},{"floor":9,"key":"PreservedInsect"}],"event_choices":[{"damage_healed":0,"gold_gain":0,"player_choice":"Leave","damage_taken":0,"max_hp_gain":0,"max_hp_loss":0,"event_name":"FaceTrader","floor":4,"gold_loss":0}],"is_beta":false,"boss_relics":[],"items_purged_floors":[2],"is_endless":false,"potions_floor_spawned":[7,10,14],"killed_by":"Slime Boss","ascension_level":20}}