{"host":"agbyy69nq62afhwx","time":1610047935,"event":{"mods":["BaseMod","Colored Map","DeckTracker","Highlight Path","Keyboard Shortcuts","Minty Spire (QoL Compilation)","Quick Restart","StSLib","SuperFastMode","everything is the same but u backflip on backflip"],"gold_per_floor":[117,117,67,78,3,33,33,60,86,98,108,108,120,136,136,241,241,272,288,288,307,38,64,64,64],"floor_reached":24,"playtime":666,"items_purged":["Defend_P"],"score":409,"play_id":"569ea8ee-38c8-4292-ad1c-eca773ac0c8a","local_time":"20210108043215","is_ascension_mode":true,"campfire_choices":[{"data":"Eruption","floor":7.0,"key":"SMITH"},{"data":"MentalFortress","floor":12.0,"key":"SMITH"},{"data":"ForeignInfluence","floor":15.0,"key":"SMITH"}],"circlet_count":0,"master_deck":["Strike_P","Strike_P","Strike_P","Defend_P","Eruption+1","Vigilance","FlurryOfBlows","ForeignInfluence+1","BattleHymn","Halt","FearNoEvil","WreathOfFlame","MentalFortress+1","WheelKick","ConjureBlade","WindmillStrike+1","Halt+1","InnerPeace","Flash of Steel"],"relics":["PureWater","Damaru","MealTicket","Bag of Preparation","SacredBark","Membership Card","Centennial Puzzle","Ginger"],"acts_visited":["Exordium","TheCity"],"potions_floor_usage":[],"damage_taken":[{"damage":0.0,"enemies":"Small Slimes","floor":1.0,"turns":2.0},{"damage":0.0,"enemies":"Jaw Worm","floor":4.0,"turns":1.0},{"damage":12.0,"enemies":"Lagavulin","floor":6.0,"turns":4.0},{"damage":0.0,"enemies":"Gremlin Nob","floor":8.0,"turns":3.0},{"damage":0.0,"enemies":"Cultist","floor":10.0,"turns":2.0},{"damage":5.0,"enemies":"Large Slime","floor":11.0,"turns":4.0},{"damage":4.0,"enemies":"2 Fungi Beasts","floor":13.0,"turns":2.0},{"damage":0.0,"enemies":"3 Louse","floor":14.0,"turns":1.0},{"damage":0.0,"enemies":"Slime Boss","floor":16.0,"turns":3.0},{"damage":0.0,"enemies":"3 Byrds","floor":18.0,"turns":4.0},{"damage":12.0,"enemies":"Shell Parasite","floor":19.0,"turns":3.0},{"damage":18.0,"enemies":"Snecko","floor":21.0,"turns":3.0},{"damage":42.0,"enemies":"Book of Stabbing","floor":23.0,"turns":6.0},{"damage":0,"enemies":"Centurion and Healer","floor":24,"turns":1}],"seed_played":"-3885464779342404056","potions_obtained":[{"floor":6.0,"key":"FearPotion"},{"floor":8.0,"key":"Energy Potion"},{"floor":10.0,"key":"Ancient Potion"},{"floor":14.0,"key":"BlessingOfTheForge"},{"floor":21.0,"key":"Dexterity Potion"}],"is_trial":false,"path_per_floor":["M","?","?","M","$","E","R","E","T","M","M","R","M","M","R","B",null,"M","M","?","M","$","E","M"],"character_chosen":"WATCHER","items_purchased":["Membership Card","Flash of Steel","Centennial Puzzle"],"campfire_rested":0,"item_purchase_floors":[22,22,22],"current_hp_per_floor":[65,65,65,65,65,53,53,53,53,53,48,48,44,44,44,44,60,60,48,48,30,45,3,3,3],"gold":64,"neow_bonus":"TRANSFORM_TWO_CARDS","is_daily":false,"chose_seed":false,"campfire_upgraded":3,"win_rate":0.0,"timestamp":1610047935,"path_taken":["M","?","?","M","$","E","R","E","T","M","M","R","M","M","R","BOSS","M","M","?","M","$","E","?"],"items_purchased_type":["Relic","Card","Relic"],"build_version":"2020-12-22","purchased_purges":1,"victory":false,"max_hp_per_floor":[65,65,65,65,65,65,65,65,65,65,65,65,65,65,65,65,65,65,65,65,65,65,65,65,65],"card_choices":[{"not_picked":["BowlingBash","FlyingSleeves"],"picked":"BattleHymn","floor":1.0},{"not_picked":["Protect","CarveReality"],"picked":"Halt","floor":4.0},{"not_picked":["Consecrate","Judgement"],"picked":"FearNoEvil","floor":6.0},{"not_picked":["JustLucky","Indignation"],"picked":"WreathOfFlame","floor":8.0},{"not_picked":["Vengeance","CutThroughFate","CrushJoints"],"picked":"SKIP","floor":10.0},{"not_picked":["ClearTheMind","Conclude"],"picked":"MentalFortress","floor":11.0},{"not_picked":["SignatureMove","CrushJoints"],"picked":"WheelKick","floor":13.0},{"not_picked":["EmptyBody","Conclude","ThirdEye"],"picked":"SKIP","floor":14.0},{"not_picked":["MasterReality","Judgement"],"picked":"ConjureBlade","floor":16.0},{"not_picked":["Sanctity","SignatureMove"],"picked":"WindmillStrike+1","floor":18.0},{"not_picked":["Weave","BowlingBash"],"picked":"Halt+1","floor":19.0},{"not_picked":["InnerPeace","CutThroughFate","FearNoEvil+1"],"picked":"SKIP","floor":21.0},{"not_picked":["SignatureMove+1","BowlingBash","JustLucky"],"picked":"SKIP","floor":23.0}],"player_experience":409502,"relics_obtained":[{"floor":6.0,"key":"Damaru"},{"floor":8.0,"key":"MealTicket"},{"floor":9.0,"key":"Bag of Preparation"},{"floor":23.0,"key":"Ginger"}],"event_choices":[{"damage_healed":0.0,"max_hp_gain":0.0,"max_hp_loss":0.0,"gold_gain":0.0,"event_name":"Shining Light","player_choice":"Ignored","floor":2.0,"gold_loss":0.0,"damage_taken":0.0},{"cards_removed":["Defend_P"],"damage_healed":0.0,"max_hp_gain":0.0,"max_hp_loss":0.0,"gold_gain":0.0,"event_name":"The Cleric","player_choice":"Card Removal","floor":3.0,"gold_loss":50.0,"damage_taken":0.0},{"damage_healed":0.0,"max_hp_gain":0.0,"max_hp_loss":0.0,"gold_gain":0.0,"event_name":"Match and Keep!","player_choice":"1 cards matched","floor":20.0,"gold_loss":0.0,"damage_taken":0.0,"cards_obtained":["InnerPeace"]}],"is_beta":false,"boss_relics":[{"not_picked":["Snecko Eye","Calling Bell"],"picked":"SacredBark"}],"items_purged_floors":[5],"is_endless":false,"potions_floor_spawned":[6,8,10,11,14,16,21],"killed_by":"Centurion and Healer","ascension_level":7}}