{"host":"ga4s3hj9m6nkn6gp","time":1610045018,"event":{"mods":["AchievementEnabler","BaseMod","Bestiary","Colored Powertips","Highlight Path","Minty Spire (QoL Compilation)","Relic Stats","everything is the same but u backflip on backflip"],"gold_per_floor":[117,127,277,288,301,331,331,11,11,39,56,56,56,67,67,143,143,158,185,0,10,10,10,10],"floor_reached":23,"playtime":1221,"items_purged":["Doubt","Strike_G"],"score":502,"play_id":"cafe4b20-ac03-4f77-8f9a-4c6bf2401df2","local_time":"20210107194338","is_ascension_mode":true,"campfire_choices":[{"data":"Skewer","floor":7.0,"key":"SMITH"},{"data":"Dagger Spray","floor":12.0,"key":"SMITH"},{"floor":15.0,"key":"REST"}],"circlet_count":0,"master_deck":["AscendersBane","Strike_G","Strike_G","Strike_G","Defend_G","Defend_G","Defend_G","Defend_G","Defend_G","Survivor","Neutralize","Poisoned Stab","Blade Dance","Skewer+1","Endless Agony","Dagger Spray+1","Well Laid Plans","Acrobatics","Adrenaline","Cloak And Dagger+1","Noxious Fumes","Terror"],"relics":["Ring of the Snake","Bag of Preparation","Akabeko","Bag of Marbles","Happy Flower","White Beast Statue","Black Star","Red Mask","MutagenicStrength"],"acts_visited":["Exordium","TheCity"],"potions_floor_usage":[16,19,23],"damage_taken":[{"damage":1.0,"enemies":"Cultist","floor":1.0,"turns":5.0},{"damage":1.0,"enemies":"2 Louse","floor":2.0,"turns":4.0},{"damage":5.0,"enemies":"Small Slimes","floor":4.0,"turns":3.0},{"damage":0.0,"enemies":"3 Louse","floor":5.0,"turns":3.0},{"damage":28.0,"enemies":"Lagavulin","floor":6.0,"turns":6.0},{"damage":2.0,"enemies":"3 Sentries","floor":10.0,"turns":3.0},{"damage":0.0,"enemies":"Large Slime","floor":11.0,"turns":1.0},{"damage":0.0,"enemies":"Blue Slaver","floor":14.0,"turns":2.0},{"damage":0,"enemies":"Slime Boss","floor":16,"turns":4},{"damage":0,"enemies":"Spheric Guardian","floor":18,"turns":1},{"damage":24,"enemies":"Masked Bandits","floor":19,"turns":4},{"damage":0,"enemies":"Shell Parasite","floor":21,"turns":1},{"damage":40,"enemies":"Book of Stabbing","floor":23,"turns":4}],"seed_played":"541326397513170336","potions_obtained":[{"floor":1.0,"key":"PowerPotion"},{"floor":2.0,"key":"Block Potion"},{"floor":4.0,"key":"SteroidPotion"},{"floor":6.0,"key":"Poison Potion"},{"floor":11.0,"key":"SteroidPotion"},{"floor":14.0,"key":"SkillPotion"},{"floor":16,"key":"Dexterity Potion"},{"floor":19,"key":"DuplicationPotion"}],"is_trial":false,"path_per_floor":["M","M","?","M","M","E","R","$","T","E","M","R","?","M","R","B",null,"M","?","$","M","?","E"],"character_chosen":"THE_SILENT","items_purchased":["Bag of Marbles","Well Laid Plans","Terror"],"campfire_rested":1,"item_purchase_floors":[8,8,20],"current_hp_per_floor":[58,57,57,52,52,24,24,24,24,22,22,22,15,15,34,34,58,58,34,34,34,34,0,0],"gold":10,"neow_bonus":"RANDOM_COMMON_RELIC","is_daily":false,"chose_seed":false,"campfire_upgraded":2,"win_rate":0.0,"timestamp":1610045018,"path_taken":["M","M","?","M","M","E","R","$","T","E","M","R","?","M","R","BOSS","M","?","$","M","?","E"],"items_purchased_type":["Relic","Card","Card"],"build_version":"2020-12-22","purchased_purges":2,"victory":false,"max_hp_per_floor":[66,66,66,66,66,66,66,66,66,66,66,66,66,66,66,66,66,66,66,66,66,66,66,66],"relic_stats":{"Happy Flower":[6],"counters":[13,41],"Bag of Preparation":[26],"Black Star":0,"obtain_stats":[{"Happy Flower":9,"MutagenicStrength":22,"Bag of Preparation":0,"Bag of Marbles":8,"Black Star":17,"Red Mask":19,"Akabeko":6,"White Beast Statue":10,"Ring of the Snake":0},{"Happy Flower":5,"MutagenicStrength":12,"Bag of Preparation":0,"Bag of Marbles":5,"Black Star":9,"Red Mask":11,"Akabeko":5,"White Beast Statue":6,"Ring of the Snake":0},{"Happy Flower":21,"MutagenicStrength":37,"Bag of Preparation":0,"Bag of Marbles":21,"Black Star":31,"Red Mask":36,"Akabeko":21,"White Beast Statue":24,"Ring of the Snake":0}],"Ring of the Snake":[26]},"card_choices":[{"not_picked":["Finisher","Expertise"],"picked":"Poisoned Stab","floor":1.0},{"not_picked":["Terror","Crippling Poison"],"picked":"Blade Dance","floor":2.0},{"not_picked":["Predator","Riddle With Holes"],"picked":"Skewer","floor":4.0},{"not_picked":["Dagger Throw","Riddle With Holes"],"picked":"Endless Agony","floor":5.0},{"not_picked":["All Out Attack","Underhanded Strike"],"picked":"Dagger Spray","floor":6.0},{"not_picked":["Deflect","Noxious Fumes","Sucker Punch"],"picked":"SKIP","floor":10.0},{"not_picked":["Doppelganger","Prepared"],"picked":"Acrobatics","floor":11.0},{"not_picked":["Expertise","Cloak And Dagger","Outmaneuver"],"picked":"SKIP","floor":14.0},{"not_picked":["Storm of Steel","Envenom"],"picked":"Adrenaline","floor":16},{"not_picked":["Bouncing Flask","Deadly Poison"],"picked":"Cloak And Dagger+1","floor":18},{"not_picked":["Caltrops","Poisoned Stab"],"picked":"Noxious Fumes","floor":19},{"not_picked":["Outmaneuver","Deadly Poison","Cloak And Dagger"],"picked":"SKIP","floor":21}],"player_experience":592694,"relics_obtained":[{"floor":6.0,"key":"Akabeko"},{"floor":9.0,"key":"Happy Flower"},{"floor":10.0,"key":"White Beast Statue"},{"floor":19,"key":"Red Mask"}],"event_choices":[{"damage_healed":0.0,"max_hp_gain":0.0,"max_hp_loss":0.0,"gold_gain":150.0,"event_name":"Liars Game","player_choice":"AGREE","floor":3.0,"gold_loss":0.0,"damage_taken":0.0,"cards_obtained":["Doubt"]},{"cards_removed":["Strike_G"],"damage_healed":0.0,"max_hp_gain":0.0,"max_hp_loss":0.0,"gold_gain":0.0,"event_name":"Golden Wing","player_choice":"Card Removal","floor":13.0,"gold_loss":0.0,"damage_taken":7.0},{"damage_healed":0,"gold_gain":0,"player_choice":"Fought Bandits","damage_taken":0,"max_hp_gain":0,"max_hp_loss":0,"event_name":"Masked Bandits","floor":19,"gold_loss":0},{"damage_healed":0,"gold_gain":0,"player_choice":"Inject Mutagens","damage_taken":0,"relics_obtained":["MutagenicStrength"],"max_hp_gain":0,"max_hp_loss":0,"event_name":"Drug Dealer","floor":22,"gold_loss":0}],"is_beta":false,"boss_relics":[{"not_picked":["Runic Pyramid","Calling Bell"],"picked":"Black Star"}],"items_purged_floors":[8,20],"is_endless":false,"potions_floor_spawned":[1,2,4,6,11,14,16,18,19,21],"killed_by":"Book of Stabbing","ascension_level":20}}