{"host":"pwh3ruj8vqn9s5j7","time":1610015178,"event":{"mods":["BaseMod","Colored Powertips","Downfall","Highlight Path","Marisa£®ÏF”Í°°ƒß¿Ì…≥£©","Minty Spire (QoL Compilation)","StSLib"],"gold_per_floor":[99,112,174,174,324,349,349,199,210,227,65,65,77,110,121,121,121],"floor_reached":16,"playtime":956,"items_purged":[],"score":125,"play_id":"02ee09f1-362d-4cac-987c-4f2206cb5dc1","local_time":"20210107182618","is_ascension_mode":false,"campfire_choices":[{"floor":1,"key":"RECALL"},{"data":"sneckomod:TrashToTreasure","floor":8,"key":"SMITH"},{"floor":12,"key":"REST"}],"circlet_count":0,"master_deck":["sneckomod:Strike","sneckomod:Strike","sneckomod:Defend","sneckomod:Defend","sneckomod:Defend","sneckomod:TailWhip","sneckomod:SnekBite","sneckomod:Unknown","sneckomod:Unknown","sneckomod:QuickMove","sneckomod:TrashToTreasure+1","Slimebound:Icky","sneckomod:UnknownBlock","sneckomod:UnknownX","sneckomod:UnknownX","sneckomod:UnknownVulnerable","sneckomod:Unknown1Cost","sneckomod:SerpentMind","sneckomod:UnknownBlock"],"relics":["sneckomod:SneckoSoul","Dream Catcher","Anchor","downfall:HeartBlessingRed","downfall:HeartBlessingBlue","Medical Kit","Oddly Smooth Stone"],"acts_visited":["Exordium"],"potions_floor_usage":[16],"damage_taken":[{"damage":0,"enemies":"Small Slimes","floor":2,"turns":2},{"damage":23,"enemies":"Gremlin Nob","floor":3,"turns":5},{"damage":0,"enemies":"2 Louse","floor":9,"turns":3},{"damage":1,"enemies":"Cultist","floor":10,"turns":4},{"damage":1,"enemies":"downfall:FleeingMerchant","floor":11,"turns":4},{"damage":9,"enemies":"Exordium Thugs","floor":13,"turns":4},{"damage":17,"enemies":"Gremlin Nob","floor":14,"turns":4},{"damage":0,"enemies":"2 Fungi Beasts","floor":15,"turns":3},{"damage":89,"enemies":"downfall:Defect","floor":16,"turns":11}],"seed_played":"-2252081653945091656","potions_obtained":[{"floor":2,"key":"Strength Potion"},{"floor":10,"key":"Fire Potion"},{"floor":13,"key":"ColorlessPotion"}],"is_trial":false,"path_per_floor":["R","M","?","?","?","T","T","R","M","M","$","R","M","E","M","B"],"character_chosen":"THE_SNECKO","items_purchased":["Medical Kit"],"campfire_rested":1,"item_purchase_floors":[11],"current_hp_per_floor":[99,99,76,76,76,76,76,86,87,87,87,113,105,88,89,0,0],"gold":121,"neow_bonus":"TEN_PERCENT_HP_BONUS","is_daily":false,"chose_seed":false,"campfire_upgraded":1,"win_rate":0.0,"timestamp":1610015178,"path_taken":["R","M","?","?","?","?","T","R","M","?","?","R","M","E","M","BOSS"],"items_purchased_type":["Relic"],"build_version":"2020-12-22","purchased_purges":0,"victory":false,"max_hp_per_floor":[99,99,99,99,99,99,99,109,110,111,112,113,114,114,115,115,115],"card_choices":[{"not_picked":["sneckomod:RainOfDice","sneckomod:DefensiveFlair"],"picked":"sneckomod:QuickMove","floor":2},{"not_picked":["sneckomod:UnknownVulnerable","sneckomod:Unknown0Cost"],"picked":"sneckomod:TrashToTreasure","floor":3},{"not_picked":["sneckomod:SnakeSap","sneckomod:QuickBite"],"picked":"sneckomod:UnknownBlock","floor":9},{"not_picked":["sneckomod:WideSting","sneckomod:QuickBite"],"picked":"sneckomod:UnknownX","floor":10},{"not_picked":["sneckomod:IronFang","sneckomod:DiceCrush"],"picked":"sneckomod:UnknownX","floor":11},{"not_picked":["sneckomod:IronFang","sneckomod:QuickMove"],"picked":"sneckomod:UnknownVulnerable","floor":12},{"not_picked":["sneckomod:UnknownClassRED","sneckomod:UnknownBlock"],"picked":"sneckomod:Unknown1Cost","floor":13},{"not_picked":["sneckomod:ImprovisedGuard","sneckomod:Unknown0Cost"],"picked":"sneckomod:SerpentMind","floor":14},{"not_picked":["sneckomod:SnakeSap","sneckomod:SoulRoll"],"picked":"sneckomod:UnknownBlock","floor":15}],"player_experience":25484,"relics_obtained":[{"floor":3,"key":"Dream Catcher"},{"floor":6,"key":"Anchor"},{"floor":14,"key":"Oddly Smooth Stone"}],"event_choices":[],"is_beta":false,"boss_relics":[],"items_purged_floors":[],"is_endless":false,"potions_floor_spawned":[2,10,13],"killed_by":"downfall:Defect","ascension_level":0}}