{"host":"Connor","time":1610055957,"event":{"mods":["BaseMod","Downfall","Marisa????????","Minty Spire (QoL Compilation)","Replay The Spire","StSLib","The Animator","The Cursed","The Jungle","The Servant 0.9.4"],"gold_per_floor":[125,139,163,188,113,150,180,180,207,250,250,250,27,50,50,124,124,143,56,56,56,56,60,60],"floor_reached":23,"playtime":1040,"items_purged":[],"score":594,"play_id":"573b23ce-8b76-463b-99c1-7e624bb2a10c","local_time":"20210107134557","is_ascension_mode":true,"campfire_choices":[{"floor":8,"key":"REST"},{"floor":11,"key":"REST"},{"floor":15,"key":"REST"}],"circlet_count":0,"master_deck":["AscendersBane","Strike_B","Defend_B","Defend_B","Defend_B","Defend_B","Zap","Dualcast","Sweeping Beam","Melter","Static Discharge","Crystallizer","Fission","Compile Driver","Mirror Shield","ReplayTheSpireMod:GoodbyeWorld","Storm","Crow Ritual","Specialist","Secret Weapon","Force Field","Panic Button","Echo Form","Loop","Shame","Sunder","ReplayTheSpireMod:Repulse","Storm"],"relics":["Cracked Core","Replay:Bandana","Dream Catcher","Blood Vial","ReplayTheSpireMod:ShopPack","Sozu","HornCleat"],"acts_visited":["Exordium","TheCity"],"potions_floor_usage":[4,16],"damage_taken":[{"damage":14,"enemies":"Jaw Worm","floor":1,"turns":4},{"damage":0,"enemies":"2 Louse","floor":2,"turns":2},{"damage":4,"enemies":"Small Slimes","floor":3,"turns":3},{"damage":0,"enemies":"3 Louse","floor":4,"turns":2},{"damage":30,"enemies":"3 Sentries","floor":6,"turns":6},{"damage":29,"enemies":"Replay:BlueRogue","floor":10,"turns":9},{"damage":8,"enemies":"Looter","floor":14,"turns":3},{"damage":74,"enemies":"Fading Forest","floor":16,"turns":13},{"damage":11,"enemies":"Chosen","floor":18,"turns":6},{"damage":54,"enemies":"Book of Stabbing","floor":23,"turns":4}],"seed_played":"-4476290218889373150","potions_obtained":[{"floor":2,"key":"PotionOfCapacity"},{"floor":3,"key":"Block Potion"},{"floor":4,"key":"Ancient Potion"},{"floor":14,"key":"champ:CounterPotion"}],"is_trial":false,"path_per_floor":["M","M","M","M","?","E","?","R","T","E","R","?","$","M","R","B",null,"M","$","?","?","?","E"],"character_chosen":"DEFECT","items_purchased":["Storm","ReplayTheSpireMod:ShopPack","Loop"],"campfire_rested":3,"item_purchase_floors":[13,13,19],"current_hp_per_floor":[50,50,46,46,46,16,16,37,37,8,29,52,52,46,67,11,56,47,47,47,47,47,0,0],"gold":60,"neow_bonus":"RANDOM_COMMON_RELIC","is_daily":false,"chose_seed":false,"campfire_upgraded":0,"win_rate":0.0,"timestamp":1610055957,"path_taken":["M","M","M","M","?","E","?","R","T","E","R","?","$","M","R","BOSS","M","$","?","?","?","E"],"items_purchased_type":["Card","Relic","Card"],"build_version":"2020-12-18","purchased_purges":0,"victory":false,"max_hp_per_floor":[71,71,71,71,71,71,71,71,71,71,71,71,71,71,71,71,71,71,71,71,71,71,71,71],"card_choices":[{"not_picked":["Panic Button","Consume"],"picked":"Sweeping Beam","floor":1},{"not_picked":["FIFO Queue","Compile Driver"],"picked":"Melter","floor":2},{"not_picked":["Rebound","Coolheaded"],"picked":"Static Discharge","floor":3},{"not_picked":["Reinforced Body","Recycle"],"picked":"Crystallizer","floor":4},{"not_picked":["Chaos","Gash"],"picked":"Fission","floor":6},{"not_picked":["ReplayTheSpireMod:Repulse","Beam Cell"],"picked":"Compile Driver","floor":8},{"not_picked":["Double Energy","Leap"],"picked":"Mirror Shield","floor":10},{"not_picked":["Aggregate","Crystallizer"],"picked":"ReplayTheSpireMod:GoodbyeWorld","floor":11},{"not_picked":["Poisoned Strike","ReplayTheSpireMod:Necrogeddon"],"picked":"Crow Ritual","floor":13},{"not_picked":["expansioncontent:GuardianWhirl","expansioncontent:YouAreMine"],"picked":"Specialist","floor":13},{"not_picked":["Deep Breath","Replay:Bootleg Shield Generator"],"picked":"Secret Weapon","floor":13},{"not_picked":["Cold Snap","Coolheaded"],"picked":"Force Field","floor":14},{"not_picked":["Turbo","Stack"],"picked":"Panic Button","floor":15},{"not_picked":["Hyperbeam","Mirror Shield"],"picked":"Echo Form","floor":16},{"not_picked":["Sweeping Beam","Stack","Go for the Eyes+1"],"picked":"SKIP","floor":18}],"player_experience":556902,"relics_obtained":[{"floor":6,"key":"Dream Catcher"},{"floor":10,"key":"Blood Vial"}],"event_choices":[{"cards_removed":["Strike_B"],"damage_healed":0,"gold_gain":0,"player_choice":"Card Removal","damage_taken":0,"max_hp_gain":0,"max_hp_loss":0,"event_name":"The Cleric","floor":5,"gold_loss":75},{"damage_healed":0,"gold_gain":30,"player_choice":"Searched \u00271\u0027 times","damage_taken":0,"max_hp_gain":0,"max_hp_loss":0,"event_name":"Dead Adventurer","floor":7,"gold_loss":0},{"damage_healed":23,"gold_gain":0,"player_choice":"Banana","damage_taken":0,"max_hp_gain":0,"max_hp_loss":0,"event_name":"Big Fish","floor":12,"gold_loss":0},{"damage_healed":0,"gold_gain":0,"player_choice":"Stole Relic","damage_taken":0,"relics_obtained":["HornCleat"],"max_hp_gain":0,"max_hp_loss":0,"event_name":"Addict","floor":20,"gold_loss":0,"cards_obtained":["Shame"]},{"damage_healed":0,"gold_gain":0,"cards_transformed":["Strike_B","Strike_B"],"player_choice":"Became Test Subject","damage_taken":0,"max_hp_gain":0,"max_hp_loss":0,"event_name":"Drug Dealer","floor":21,"gold_loss":0,"cards_obtained":["Sunder","ReplayTheSpireMod:Repulse"]},{"damage_healed":0,"gold_gain":0,"player_choice":"Copied","damage_taken":0,"max_hp_gain":0,"max_hp_loss":0,"event_name":"Duplicator","floor":22,"gold_loss":0,"cards_obtained":["Storm"]}],"is_beta":true,"boss_relics":[{"not_picked":["SacredBark","Philosopher\u0027s Stone"],"picked":"Sozu"}],"items_purged_floors":[],"is_endless":false,"potions_floor_spawned":[2,3,4,10,14,18],"killed_by":"Book of Stabbing","ascension_level":20}}