{"host":"6gnjg44wf0nz538o","time":1610003383,"event":{"mods":["AchievementEnabler","BaseMod","BetterRewards","Colored Map","Minty Spire (QoL Compilation)","Replay The Spire","Spicy Shops","StSLib","The Servant 0.9.4"],"gold_per_floor":[117,134,134,54,65,93,93,119,119,119,119],"floor_reached":10,"playtime":247,"items_purged":[],"score":102,"play_id":"e3511415-3d15-496c-aaa4-ea3a70f865a8","local_time":"20210107020943","is_ascension_mode":true,"campfire_choices":[{"floor":7,"key":"REST"}],"circlet_count":0,"master_deck":["AscendersBane","Strike_G","Strike_G","Strike_G","Strike_G","Strike_G","Defend_G","Defend_G","Defend_G","Defend_G","Defend_G","Survivor","Neutralize","Bane","All Out Attack"],"relics":["Ring of the Snake","Blue Doll","Unceasing Top","ReplayFunnel","Boot","Sundial"],"acts_visited":["Exordium"],"potions_floor_usage":[],"damage_taken":[{"damage":3,"enemies":"Cultist","floor":1,"turns":4},{"damage":7,"enemies":"Jaw Worm","floor":2,"turns":5},{"damage":0,"enemies":"2 Louse","floor":5,"turns":1},{"damage":29,"enemies":"Gremlin Nob","floor":6,"turns":5},{"damage":40,"enemies":"Lagavulin","floor":10,"turns":3}],"seed_played":"6580580751396151410","potions_obtained":[{"floor":1,"key":"ColorlessPotion"}],"is_trial":false,"path_per_floor":["M","M","?","$","M","E","R","T","T","E"],"character_chosen":"THE_SILENT","items_purchased":["Blue Doll","Bane","All Out Attack"],"campfire_rested":1,"item_purchase_floors":[0,4,4],"current_hp_per_floor":[46,39,39,39,39,10,31,31,31,0,0],"gold":119,"neow_bonus":"","is_daily":false,"chose_seed":false,"campfire_upgraded":0,"win_rate":0.0,"timestamp":1610003383,"path_taken":["M","?","?","$","M","E","R","?","T","E"],"items_purchased_type":["Relic","Card","Card"],"build_version":"2020-12-22","purchased_purges":0,"victory":false,"max_hp_per_floor":[70,70,70,70,70,70,70,70,70,70,70],"card_choices":[{"not_picked":["ReplayTheSpireMod:Speed Training","ReplayTheSpireMod:The Works","Sucker Punch"],"picked":"SKIP","floor":1},{"not_picked":["Dash","Draining Mist","Setup"],"picked":"SKIP","floor":2},{"not_picked":["Cloak And Dagger","Hidden Blade","Escape Plan"],"picked":"SKIP","floor":5},{"not_picked":["Acrobatics","Flying Knee","Slice"],"picked":"SKIP","floor":6}],"player_experience":535023,"relics_obtained":[{"floor":6,"key":"ReplayFunnel"},{"floor":8,"key":"Boot"},{"floor":9,"key":"Sundial"}],"event_choices":[{"damage_healed":0,"gold_gain":0,"player_choice":"Ignored","damage_taken":0,"max_hp_gain":0,"max_hp_loss":0,"event_name":"Liars Game","floor":3,"gold_loss":0}],"is_beta":false,"boss_relics":[],"items_purged_floors":[],"is_endless":false,"potions_floor_spawned":[1],"killed_by":"Lagavulin","ascension_level":11}}