{"host":"skzt5oiq3jmvln28","time":1610004842,"event":{"mods":["AchievementEnabler","Act Like it!","BaseMod","GifTheSpireLib","Minty Spire (QoL Compilation)","StSLib","The Animator"],"gold_per_floor":[219,219,219,239,266,266,266,276,325,213,257,257,267,285,285,389,389,404,424,443,461,461,461],"floor_reached":22,"playtime":2086,"items_purged":["animator:Strike"],"score":190,"play_id":"513b16be-31a7-4b99-b75e-2291f12832e7","local_time":"20210106233402","is_ascension_mode":false,"campfire_choices":[{"floor":6.0,"key":"REST"},{"data":"animator:Sloth","floor":12.0,"key":"SMITH"},{"floor":15.0,"key":"REST"}],"circlet_count":0,"master_deck":["animator:Strike_FullmetalAlchemist","animator:Defend_FullmetalAlchemist","animator:Strike","animator:Strike","animator:Defend","animator:Defend+1","animator:Defend","animator:ElricEdward+1","animator:ElricAlphonse","animator:Shion","animator:TukaLunaMarceau","animator:WinryRockbell","animator:Shimakaze","animator:Sloth+1","animator:RoyMustang","animator:Scar","animator:Benimaru","animator:Envy","animator:Scar","animator:NarberalGamma"],"relics":["animator:LivingPicture","animator:TheMissingPiece","Happy Flower","CaptainsWheel","Busted Crown"],"acts_visited":["Exordium","TheCity"],"potions_floor_usage":[],"damage_taken":[{"damage":5.0,"enemies":"Jaw Worm","floor":1.0,"turns":4.0},{"damage":0.0,"enemies":"2 Louse","floor":4.0,"turns":2.0},{"damage":0.0,"enemies":"Cultist","floor":5.0,"turns":4.0},{"damage":6.0,"enemies":"3 Louse","floor":8.0,"turns":4.0},{"damage":16.0,"enemies":"Lagavulin","floor":11.0,"turns":6.0},{"damage":0.0,"enemies":"Gremlin Gang","floor":13.0,"turns":3.0},{"damage":2.0,"enemies":"Blue Slaver","floor":14.0,"turns":3.0},{"damage":25.0,"enemies":"The Guardian","floor":16.0,"turns":12.0},{"damage":25.0,"enemies":"2 Thieves","floor":18.0,"turns":4.0},{"damage":0.0,"enemies":"Shell Parasite","floor":19.0,"turns":4.0},{"damage":0.0,"enemies":"Snecko","floor":20.0,"turns":4.0},{"damage":5.0,"enemies":"Centurion and Healer","floor":21.0,"turns":5.0},{"damage":40,"enemies":"Snake Plant","floor":22,"turns":4}],"seed_played":"-7162260287231445196","potions_obtained":[{"floor":5.0,"key":"ColorlessPotion"},{"floor":8.0,"key":"LiquidBronze"},{"floor":13.0,"key":"BlessingOfTheForge"},{"floor":14.0,"key":"PowerPotion"},{"floor":18.0,"key":"FearPotion"},{"floor":21.0,"key":"Fire Potion"}],"is_trial":false,"path_per_floor":["M","?","?","M","M","R","?","M","T","$","E","R","M","M","R","B",null,"M","M","M","M","M"],"character_chosen":"THE_ANIMATOR","items_purchased":["animator:RoyMustang"],"campfire_rested":2,"item_purchase_floors":[10],"current_hp_per_floor":[61,61,48,48,48,66,66,61,61,61,45,45,45,43,63,39,68,43,43,43,38,0,0],"gold":461,"neow_bonus":"HUNDRED_GOLD","is_daily":false,"chose_seed":false,"campfire_upgraded":1,"win_rate":0.0,"timestamp":1610004842,"path_taken":["M","?","?","M","M","R","?","M","T","$","E","R","M","M","R","BOSS","M","M","M","?","M"],"items_purchased_type":["Card"],"build_version":"2020-12-22","purchased_purges":1,"victory":false,"max_hp_per_floor":[66,66,66,66,66,66,66,67,67,67,67,67,67,67,67,68,68,68,68,68,68,68,68],"card_choices":[{"not_picked":["animator:Benimaru","animator:Shigure"],"picked":"animator:Shion","floor":1.0},{"not_picked":["animator:Ara","animator:Elsword"],"picked":"animator:TukaLunaMarceau","floor":4.0},{"not_picked":["animator:RinTohsaka","animator:Ara"],"picked":"animator:WinryRockbell","floor":5.0},{"not_picked":["animator:Gluttony","animator:WinryRockbell"],"picked":"animator:Sloth","floor":8.0},{"not_picked":["animator:KrulTepes","animator:Ciel"],"picked":"animator:Scar","floor":11.0},{"not_picked":["animator:Laby","animator:Kuribayashi"],"picked":"animator:Benimaru","floor":13.0},{"not_picked":["animator:Yoichi","animator:Ciel","animator:Archer"],"picked":"SKIP","floor":14.0},{"not_picked":["animator:Rimuru","animator:PinaCoLada"],"picked":"animator:Envy","floor":16.0},{"not_picked":[],"picked":"animator:Scar","floor":18.0},{"not_picked":[],"picked":"animator:NarberalGamma","floor":19.0},{"not_picked":["animator:Shinoa"],"picked":"SKIP","floor":20.0},{"not_picked":["animator:Demiurge"],"picked":"SKIP","floor":21.0},{"not_picked":["animator:Demiurge"],"picked":"SKIP","floor":21.0}],"player_experience":43070,"relics_obtained":[{"floor":9.0,"key":"Happy Flower"},{"floor":11.0,"key":"CaptainsWheel"}],"event_choices":[{"damage_healed":0.0,"max_hp_gain":0.0,"max_hp_loss":0.0,"gold_gain":0.0,"event_name":"Shining Light","player_choice":"Entered Light","floor":3.0,"gold_loss":0.0,"damage_taken":13.0,"cards_upgraded":["animator:ElricEdward","animator:Defend"]},{"damage_healed":0.0,"max_hp_gain":0.0,"max_hp_loss":0.0,"gold_gain":0.0,"event_name":"Match and Keep!","player_choice":"1 cards matched","floor":7.0,"gold_loss":0.0,"damage_taken":0.0,"cards_obtained":["animator:Shimakaze"]}],"is_beta":false,"boss_relics":[{"not_picked":["Ectoplasm","Runic Dome"],"picked":"Busted Crown"}],"items_purged_floors":[10],"is_endless":false,"potions_floor_spawned":[5,8,13,14,18,21],"killed_by":"Snake Plant","ascension_level":0}}