{"host":"pno9h1fupbyz205f","time":1610059994,"event":{"mods":["Aspiration","BaseMod","Better Altar","Better Match","Better Note","Better Sensory Stone","Better Skull","Better Third Choice","Colored Map","Colored Powertips","Hubris","Infinite Spire","Jedi Mod","Mad Scientist","Marisa????????","Minty Spire (QoL Compilation)","Permanent Neow","Potionbrewer","Replay The Spire","Shop Mod","StSLib","Td1madao Mod","The Blackbeard","The Gatherer","The Hierophant","The Poker Player","The Runesmith","The Servant 0.9.4","thorton","vexMod"],"gold_per_floor":[13,13,13,13,30,30,41,41,68,16,33,31,31,31,31,31,31,31,31,31,31,31,31,31,31,31],"floor_reached":24,"playtime":1061,"items_purged":["blackbeard:BlackbeardStrike","blackbeard:BlackbeardStrike"],"score":219,"play_id":"0f4a7b88-1302-4cd5-b435-a1c50ce9bdea","local_time":"20210107145314","is_ascension_mode":false,"campfire_choices":[{"data":"blackbeard:AgileStrike","floor":6,"key":"SMITH"},{"data":"blackbeard:PirateEarring","floor":8,"key":"SMITH"},{"data":"ReplayTheSpireMod:Brewmster","floor":15,"key":"SMITH"},{"floor":23,"key":"DIG"}],"circlet_count":0,"master_deck":["blackbeard:IntimidatingStrike+1","blackbeard:BlackbeardDefend","blackbeard:Cutlass","blackbeard:PirateEarring+1","blackbeard:TheDrunkenSailor","blackbeard:AgileStrike+1","blackbeard:BlindAttacks","blackbeard:WiseDefense","blackbeard:BrownPants","blackbeard:BrownPants","blackbeard:BoostMorale","ReplayTheSpireMod:Brewmster+1","blackbeard:Eyepatch","blackbeard:Shrapnel","blackbeard:PirateStrength","blackbeard:BlindAttacks","blackbeard:CaptainsHat+1","Bite","Bite","Bite","Bite","Bite"],"relics":["blackbeard:LoadTheCannons","hubris:Towel","infinitespire:PuzzleCube","potionbrewer:ToyAutogyro","jedi:ominousloannote","MerchantsRug","hubris:PeanutButter","aspiration:PoetsPen_weak","Replay:Multitool","Empty Cage","Chameleon Ring"],"acts_visited":["Exordium","TheCity"],"potions_floor_usage":[13,13,14,14,14,14,14,14,16,16,16,16,16,16,18,18,18,19,21,24],"damage_taken":[{"damage":6,"enemies":"Jaw Worm","floor":1,"turns":5},{"damage":0,"enemies":"2 Louse","floor":5,"turns":1},{"damage":0,"enemies":"Cultist","floor":7,"turns":2},{"damage":5,"enemies":"2 Fungi Beasts","floor":11,"turns":4},{"damage":1,"enemies":"Blue Slaver","floor":13,"turns":4},{"damage":6,"enemies":"3 Sentries","floor":14,"turns":9},{"damage":2,"enemies":"The Guardian","floor":16,"turns":11},{"damage":2,"enemies":"Spheric Guardian","floor":18,"turns":5},{"damage":0,"enemies":"3 Byrds","floor":21,"turns":5},{"damage":61,"enemies":"Slavers","floor":24,"turns":5}],"seed_played":"2232142637046310118","potions_obtained":[{"floor":7,"key":"FearPotion"},{"floor":11,"key":"SkillPotion"},{"floor":13,"key":"potionbrewer:NoxiousPotion"}],"is_trial":false,"path_per_floor":["M","?","?","?","M","R","M","R","T","$","M","$","M","E","R","B",null,"M","AVR","?","M","?","R","E"],"character_chosen":"BLACKBEARD_CLASS","items_purchased":["blackbeard:BrownPants","jedi:ominousloannote","MerchantsRug","ReplayTheSpireMod:Brewmster"],"campfire_rested":0,"item_purchase_floors":[10,12,12,12],"current_hp_per_floor":[69,69,69,66,66,66,66,66,66,66,61,61,60,54,54,52,75,73,73,73,73,52,52,0,0,0],"gold":31,"neow_bonus":"TRANSFORM_TWO_CARDS","is_daily":false,"chose_seed":false,"campfire_upgraded":3,"win_rate":0.0,"timestamp":1610059994,"path_taken":["M","?","?","?","M","R","M","R","T","$","?","?","M","E","R","BOSS","M","AVR","?","?","?","R","E"],"items_purchased_type":["Card","Relic","Relic","Card"],"build_version":"2020-12-22","purchased_purges":2,"victory":false,"max_hp_per_floor":[75,75,75,75,75,75,75,75,75,75,75,75,75,75,75,75,75,75,75,75,75,52,52,52,52,52],"card_choices":[{"not_picked":["blackbeard:DeadlyArsenal","blackbeard:TacticalRetreat"],"picked":"blackbeard:AgileStrike","floor":1},{"not_picked":["blackbeard:TerrorOfTheSeas","blackbeard:Scrap"],"picked":"blackbeard:BlindAttacks","floor":5},{"not_picked":["blackbeard:Intoxication","blackbeard:GoldenStrike"],"picked":"blackbeard:WiseDefense","floor":7},{"not_picked":["blackbeard:GoldenStrike","blackbeard:Scrap"],"picked":"blackbeard:BoostMorale","floor":11},{"not_picked":["blackbeard:GoldenStrike","blackbeard:SmithingHammer"],"picked":"blackbeard:Eyepatch","floor":13},{"not_picked":["blackbeard:Spear","blackbeard:GhostInTheRum"],"picked":"blackbeard:Shrapnel","floor":14},{"not_picked":["blackbeard:Salvager","blackbeard:Intoxication"],"picked":"blackbeard:PirateStrength","floor":16},{"not_picked":["blackbeard:DeadlyArsenal","blackbeard:CannonBarrage+1"],"picked":"blackbeard:BlindAttacks","floor":18},{"not_picked":["blackbeard:PiratesWill","blackbeard:ChaoticDefense+1","blackbeard:Sword"],"picked":"SKIP","floor":21}],"player_experience":112618,"relics_obtained":[{"floor":9,"key":"potionbrewer:ToyAutogyro"},{"floor":14,"key":"hubris:PeanutButter"},{"floor":23,"key":"Chameleon Ring"}],"event_choices":[{"damage_healed":0,"gold_gain":0,"player_choice":"Relic ","damage_taken":3,"max_hp_gain":0,"max_hp_loss":0,"event_name":"betterThird:BetterScrap","floor":4,"gold_loss":0,"cards_obtained":["ReplayGash"]},{"cards_removed":["ReplayTheSpireMod:Brewmster"],"damage_healed":0,"gold_gain":0,"player_choice":"Take \u0026 Give","damage_taken":0,"max_hp_gain":0,"max_hp_loss":0,"event_name":"betterNote:BetterNote","floor":20,"gold_loss":0,"cards_obtained":["blackbeard:CaptainsHat"]},{"damage_healed":0,"gold_gain":0,"player_choice":"Became a vampire","damage_taken":0,"max_hp_gain":0,"max_hp_loss":23,"event_name":"Vampires","floor":22,"gold_loss":0,"cards_obtained":["Bite","Bite","Bite","Bite","Bite"]}],"is_beta":false,"boss_relics":[{"not_picked":["hubris:BlackHole","hubris:HollowSoul"],"picked":"aspiration:PoetsPen_weak"}],"items_purged_floors":[12,19],"is_endless":false,"potions_floor_spawned":[7,11,13],"killed_by":"Slavers","ascension_level":0}}