{"host":"hwdg34753f7m8ow2","time":1610049863,"event":{"mods":["AchievementEnabler","BaseMod","Koishi","Marisa????????","Minty Spire (QoL Compilation)","Permanent Neow","Quick Restart","Shop Mod","StSLib","The Senshi","The Servant 0.9.4"],"gold_per_floor":[119,194,194,194,213,213,254,279,279,279,303,334,236,286,286,425,425,464,389,442,4,4,88,96,132,181,181,262,262,304,385,385,572,572,588,689,745,83,123,182,236,287,287,345,441,441,506,100,100,100],"floor_reached":51,"playtime":3472,"items_purged":[],"score":1206,"play_id":"e732dd44-f043-437b-8077-ffdc526ac937","local_time":"20210107130423","is_ascension_mode":true,"campfire_choices":[{"data":"MilkyWay","floor":6.0,"key":"SMITH"},{"floor":10.0,"key":"REST"},{"data":"DeepEcoloBomb","floor":15.0,"key":"SMITH"},{"floor":27.0,"key":"REST"},{"data":"MysteriousBeam","floor":29.0,"key":"SMITH"},{"data":"6A","floor":32.0,"key":"SMITH"},{"data":"Magnetism","floor":49,"key":"SMITH"}],"circlet_count":0,"master_deck":["Strike_MRS","Strike_MRS","Strike_MRS","Defend_MRS","Defend_MRS","Defend_MRS+1","Defend_MRS+1","MasterSpark","UpSweep","MilkyWay+1","GrandCross","6A+1","DeepEcoloBomb+1","Parasite","Parasite","GravityBeat","WitchOfGreed","AsteroidBelt","MillisecondPulsars+1","TreasureHunter","Robbery","UnstableBomb+1","ShootTheMoon","MysteriousBeam+1","AsteroidBelt","GalacticHalo","OortCloud+1","OrrerysSun","SporeBomb+1","Magnetism+1","CasketOfStar","WitchOfGreed","MilkyWay"],"relics":["MiniHakkero","Golden Idol","White Beast Statue","War Paint","Strawberry","SacredBark","Red Mask","theSenshi:SuperSailorFukuRelic","Orrery","BigShroomBag","Pear","Ancient Tea Set","Bottled Lightning","Bottled Tornado","Anchor","Regal Pillow","Black Star","Peace Pipe","Lizard Tail","CatCart","theSenshi:FeatherClipsRelic","Sling","Smiling Mask","Centennial Puzzle","CaptainsWheel","HornCleat","HandmadeGrimoire","Du-Vu Doll","Akabeko","Shuriken","Bag of Marbles"],"acts_visited":["Exordium","TheCity","TheBeyond"],"potions_floor_usage":[36,37,37,39,39,40,40,41,42,42,44,47,50,50],"damage_taken":[{"damage":7.0,"enemies":"Jaw Worm","floor":1.0,"turns":3.0},{"damage":7.0,"enemies":"Small Slimes","floor":5.0,"turns":3.0},{"damage":8.0,"enemies":"3 Sentries","floor":7.0,"turns":6.0},{"damage":0.0,"enemies":"2 Louse","floor":8.0,"turns":2.0},{"damage":3.0,"enemies":"Blue Slaver","floor":11.0,"turns":3.0},{"damage":12.0,"enemies":"The Mushroom Lair","floor":12.0,"turns":4.0},{"damage":12.0,"enemies":"Lagavulin","floor":14.0,"turns":5.0},{"damage":15.0,"enemies":"Slime Boss","floor":16.0,"turns":8.0},{"damage":11.0,"enemies":"Spheric Guardian","floor":18.0,"turns":3.0},{"damage":52.0,"enemies":"Masked Bandits","floor":20.0,"turns":6.0},{"damage":31.0,"enemies":"Slavers","floor":23.0,"turns":8.0},{"damage":10.0,"enemies":"2 Thieves","floor":24.0,"turns":4.0},{"damage":0.0,"enemies":"Sentry and Sphere","floor":25.0,"turns":3.0},{"damage":14.0,"enemies":"Book of Stabbing","floor":28.0,"turns":7.0},{"damage":0.0,"enemies":"Snecko","floor":30.0,"turns":4.0},{"damage":0.0,"enemies":"Slavers","floor":31.0,"turns":8.0},{"damage":9.0,"enemies":"Automaton","floor":33.0,"turns":8.0},{"damage":0.0,"enemies":"Orb Walker","floor":35.0,"turns":3.0},{"damage":8,"enemies":"Mind Bloom Boss Battle","floor":36,"turns":11},{"damage":47,"enemies":"Orin","floor":37,"turns":7},{"damage":0,"enemies":"3 Darklings","floor":39,"turns":3},{"damage":15,"enemies":"Nemesis","floor":40,"turns":8},{"damage":1,"enemies":"Spire Growth","floor":41,"turns":5},{"damage":48,"enemies":"Giant Head","floor":42,"turns":8},{"damage":4,"enemies":"Nemesis","floor":44,"turns":5},{"damage":0,"enemies":"Sphere and 2 Shapes","floor":45,"turns":6},{"damage":0,"enemies":"Maw","floor":47,"turns":6},{"damage":64,"enemies":"Awakened One","floor":50,"turns":10}],"seed_played":"2452106286139513633","potions_obtained":[{"floor":8.0,"key":"PowerPotion"},{"floor":11.0,"key":"DuplicationPotion"},{"floor":12.0,"key":"Explosive Potion"},{"floor":14.0,"key":"SneckoOil"},{"floor":14.0,"key":"Swift Potion"},{"floor":16.0,"key":"SkillPotion"},{"floor":16.0,"key":"Regen Potion"},{"floor":18.0,"key":"SmokeBomb"},{"floor":18.0,"key":"SpeedPotion"},{"floor":20.0,"key":"GamblersBrew"},{"floor":20.0,"key":"GamblersBrew"},{"floor":23.0,"key":"Dexterity Potion"},{"floor":23.0,"key":"LiquidBronze"},{"floor":24.0,"key":"Dexterity Potion"},{"floor":24.0,"key":"DistilledChaos"},{"floor":25.0,"key":"LiquidMemories"},{"floor":25.0,"key":"DistilledChaos"},{"floor":28.0,"key":"SteroidPotion"},{"floor":28.0,"key":"DistilledChaos"},{"floor":30.0,"key":"Block Potion"},{"floor":31.0,"key":"FearPotion"},{"floor":31.0,"key":"ColorlessPotion"},{"floor":33.0,"key":"StarNLove"},{"floor":33.0,"key":"Fire Potion"},{"floor":36,"key":"SteroidPotion"},{"floor":37,"key":"Fire Potion"},{"floor":39,"key":"SpeedPotion"},{"floor":39,"key":"EssenceOfSteel"},{"floor":40,"key":"Ancient Potion"},{"floor":40,"key":"BottledSpark"},{"floor":41,"key":"FearPotion"},{"floor":42,"key":"ColorlessPotion"},{"floor":42,"key":"Ancient Potion"},{"floor":44,"key":"Block Potion"},{"floor":45,"key":"Fire Potion"},{"floor":45,"key":"AttackPotion"},{"floor":47,"key":"SpeedPotion"}],"is_trial":false,"path_per_floor":["M","?","?","?","M","R","E","M","T","R","M","?","$","E","R","B",null,"M","?","?","$","?","E","M","M","T","R","E","R","M","E","R","B",null,"M","?","?","$","M","E","M","E","T","E","M","?","M","$","R","B",null],"character_chosen":"MARISA","items_purchased":["WitchOfGreed","AsteroidBelt","Fire Potion","theSenshi:SuperSailorFukuRelic","Orrery","theSenshi:FeatherClipsRelic","Sling","Magnetism","DuplicationPotion","Shuriken","Bag of Marbles"],"campfire_rested":2,"item_purchase_floors":[13,13,21,21,21,38,38,38,38,48,48],"current_hp_per_floor":[68,57,57,57,50,50,42,42,42,64,61,49,49,48,48,37,72,65,65,17,17,17,45,41,47,47,74,66,66,72,78,78,75,89,92,85,44,44,56,53,64,28,28,36,48,48,60,60,60,8],"gold":100,"neow_bonus":"TEN_PERCENT_HP_BONUS","is_daily":false,"chose_seed":false,"campfire_upgraded":5,"win_rate":0.0,"timestamp":1610049863,"path_taken":["M","?","?","?","M","R","E","M","T","R","?","?","$","E","R","BOSS","M","?","?","$","?","E","M","?","T","R","E","R","M","E","R","BOSS","M","?","?","$","M","E","M","E","T","E","M","?","?","$","R","BOSS"],"items_purchased_type":["Card","Card","Potion","Relic","Relic","Relic","Relic","Card","Potion","Relic","Relic"],"build_version":"2020-12-22","purchased_purges":0,"victory":true,"max_hp_per_floor":[82,82,76,76,76,76,76,76,76,76,76,76,76,83,83,83,83,83,83,83,83,83,93,93,93,93,93,93,93,93,93,93,93,93,93,93,93,93,93,93,93,93,93,93,93,93,93,93,93,93],"card_choices":[{"not_picked":["DoubleSpark","PropBag"],"picked":"MilkyWay","floor":1.0},{"not_picked":["DC","ManaConvection"],"picked":"GrandCross","floor":5.0},{"not_picked":["DoubleSpark","StarDustReverie"],"picked":"6A","floor":7.0},{"not_picked":["WitchLeyline","Acceleration","LuminesStrike"],"picked":"SKIP","floor":8.0},{"not_picked":["DarkSpark","IllusionStar"],"picked":"DeepEcoloBomb","floor":11.0},{"not_picked":["Orbital","DC"],"picked":"GravityBeat","floor":12.0},{"not_picked":["ChargingUp","BlazeAway"],"picked":"MillisecondPulsars","floor":14.0},{"not_picked":["MaximisePower","MillisecondPulsars"],"picked":"TreasureHunter","floor":16.0},{"not_picked":["OpenUniverse","ShootingEcho"],"picked":"Robbery","floor":18.0},{"not_picked":["GravityBeat+1","Acceleration"],"picked":"UnstableBomb+1","floor":20.0},{"not_picked":["PowerUp","DC"],"picked":"ShootTheMoon","floor":21.0},{"not_picked":["UnstableBomb","DoubleSpark"],"picked":"MysteriousBeam","floor":21.0},{"not_picked":["ShootingEcho","ShootTheMoon"],"picked":"AsteroidBelt","floor":21.0},{"not_picked":["ShootingEcho","MillisecondPulsars"],"picked":"GalacticHalo","floor":21.0},{"not_picked":["CollectingQuirk","EventHorizon"],"picked":"OortCloud+1","floor":23.0},{"not_picked":["PowerUp","FairyDestructionRay","WitchLeyline"],"picked":"SKIP","floor":24.0},{"not_picked":["DC+1","EarthLightRay"],"picked":"OrrerysSun","floor":25.0},{"not_picked":["RefractionSpark","OneTimeOff"],"picked":"SporeBomb+1","floor":28.0},{"not_picked":["PowerUp","LuminesStrike","MilkyWay"],"picked":"SKIP","floor":30.0},{"not_picked":["MaximisePower","NonDirectionalLaser+1","UnstableBomb"],"picked":"SKIP","floor":31.0},{"not_picked":["GravityBeat+1","6A+1","Robbery+1"],"picked":"SKIP","floor":35.0},{"not_picked":["MysteriousBeam+1","GalacticHalo","GrandCross"],"picked":"SKIP","floor":39},{"not_picked":["Occultation+1","PropBag+1","GasGiant+1"],"picked":"SKIP","floor":40},{"not_picked":["6A+1","OneTimeOff+1"],"picked":"CasketOfStar","floor":41},{"not_picked":["DoubleSpark+1","PowerUp+1","WitchOfGreed"],"picked":"SKIP","floor":42},{"not_picked":["DoubleSpark+1","PowerUp+1"],"picked":"WitchOfGreed","floor":42},{"not_picked":["WitchLeyline","OneTimeOff","MeteoricShower"],"picked":"SKIP","floor":44},{"not_picked":["Acceleration","GalacticHalo"],"picked":"MilkyWay","floor":45},{"not_picked":["AbsoluteMagnitude","GrandCross","Robbery+1"],"picked":"SKIP","floor":47}],"player_experience":728577,"relics_obtained":[{"floor":7.0,"key":"White Beast Statue"},{"floor":9.0,"key":"War Paint"},{"floor":12.0,"key":"ShroomBag"},{"floor":14.0,"key":"Strawberry"},{"floor":20.0,"key":"Red Mask"},{"floor":23.0,"key":"BigShroomBag"},{"floor":23.0,"key":"Pear"},{"floor":26.0,"key":"Ancient Tea Set"},{"floor":28.0,"key":"Bottled Lightning"},{"floor":28.0,"key":"Bottled Tornado"},{"floor":31.0,"key":"Anchor"},{"floor":31.0,"key":"Regal Pillow"},{"floor":36,"key":"Peace Pipe"},{"floor":36,"key":"Lizard Tail"},{"floor":37,"key":"CatCart"},{"floor":40,"key":"Smiling Mask"},{"floor":40,"key":"Centennial Puzzle"},{"floor":42,"key":"CaptainsWheel"},{"floor":42,"key":"HornCleat"},{"floor":43,"key":"HandmadeGrimoire"},{"floor":44,"key":"Du-Vu Doll"},{"floor":44,"key":"Akabeko"}],"event_choices":[{"damage_healed":0.0,"max_hp_gain":0.0,"max_hp_loss":0.0,"gold_gain":75.0,"event_name":"World of Goop","player_choice":"Gather Gold","floor":2.0,"gold_loss":0.0,"damage_taken":11.0},{"damage_healed":0.0,"max_hp_gain":0.0,"max_hp_loss":6.0,"gold_gain":0.0,"event_name":"Golden Idol","player_choice":"Lose Max HP","floor":3.0,"gold_loss":0.0,"damage_taken":0.0,"relics_obtained":["Golden Idol"]},{"damage_healed":0.0,"max_hp_gain":0.0,"max_hp_loss":0.0,"gold_gain":0.0,"event_name":"Liars Game","player_choice":"Ignored","floor":4.0,"gold_loss":0.0,"damage_taken":0.0},{"damage_healed":0.0,"max_hp_gain":0.0,"max_hp_loss":0.0,"gold_gain":0.0,"event_name":"Mushrooms_MRS","player_choice":"Fought Mushrooms","floor":12.0,"gold_loss":0.0,"damage_taken":0.0},{"cards_removed":["Strike_MRS"],"damage_healed":0.0,"max_hp_gain":0.0,"max_hp_loss":0.0,"gold_gain":0.0,"event_name":"Beggar","player_choice":"Gave Gold","floor":19.0,"gold_loss":75.0,"damage_taken":0.0},{"damage_healed":0.0,"max_hp_gain":0.0,"max_hp_loss":0.0,"gold_gain":0.0,"event_name":"Masked Bandits","player_choice":"Fought Bandits","floor":20.0,"gold_loss":0.0,"damage_taken":0.0},{"damage_healed":0.0,"max_hp_gain":0.0,"max_hp_loss":0.0,"gold_gain":0.0,"event_name":"Upgrade Shrine","player_choice":"Upgraded","floor":22.0,"gold_loss":0.0,"damage_taken":0.0,"cards_upgraded":["MillisecondPulsars"]},{"damage_healed":0,"gold_gain":0,"player_choice":"Fight","damage_taken":0,"max_hp_gain":0,"max_hp_loss":0,"event_name":"MindBloom","floor":36,"gold_loss":0},{"damage_healed":0,"gold_gain":0,"player_choice":"Fight","damage_taken":0,"max_hp_gain":0,"max_hp_loss":0,"event_name":"OrinTheCat","floor":37,"gold_loss":0},{"damage_healed":0,"gold_gain":0,"player_choice":"Bought 0 Potions","damage_taken":0,"max_hp_gain":0,"max_hp_loss":0,"event_name":"The Woman in Blue","floor":46,"gold_loss":0}],"is_beta":false,"boss_relics":[{"not_picked":["Tiny House","Ectoplasm"],"picked":"SacredBark"},{"not_picked":["Velvet Choker","Empty Cage"],"picked":"Black Star"}],"items_purged_floors":[],"is_endless":false,"potions_floor_spawned":[8,11,12,14,16,18,20,23,24,25,28,30,31,33,35,36,37,39,40,41,42,44,45,47],"ascension_level":7}}