{"host":"8fuipfsvjht9cgcs","time":1610018550,"event":{"mods":["AchievementEnabler","BaseMod","Colored Map","Colored Powertips","Minty Spire (QoL Compilation)","Replay The Spire","StSLib","SuperFastMode","The Gatherer"],"gold_per_floor":[113,129,142,152,164,164,164,164,194,194,275,288,288,238,248,276,276,276,276],"floor_reached":18,"playtime":646,"items_purged":[],"score":124,"play_id":"2da23a0d-e766-4f30-b6b5-8616fd8a10d8","local_time":"20210108002230","is_ascension_mode":false,"campfire_choices":[{"data":"Body Slam","floor":6,"key":"SMITH"},{"data":"Entrench","floor":10,"key":"SMITH"},{"data":"Shrug It Off","floor":13,"key":"SMITH"},{"data":"Shrug It Off","floor":17,"key":"SMITH"}],"circlet_count":0,"master_deck":["Strike_R","Strike_R","Strike_R","Defend_R","Defend_R","Defend_R","Bash","Entrench+1","Ghostly Armor","Shrug It Off+1","Body Slam+1","Power Through","Seeing Red","Shrug It Off+1"],"relics":["Burning Blood","HornCleat","Shuriken","Girya"],"acts_visited":["Exordium"],"potions_floor_usage":[4,16,16,16],"damage_taken":[{"damage":6,"enemies":"Cultist","floor":1,"turns":3},{"damage":2,"enemies":"2 Louse","floor":2,"turns":4},{"damage":8,"enemies":"Jaw Worm","floor":3,"turns":3},{"damage":14,"enemies":"Exordium Thugs","floor":4,"turns":5},{"damage":4,"enemies":"3 Louse","floor":5,"turns":5},{"damage":34,"enemies":"Gremlin Nob","floor":9,"turns":5},{"damage":0,"enemies":"Looter","floor":12,"turns":2},{"damage":0,"enemies":"Blue Slaver","floor":15,"turns":2},{"damage":36,"enemies":"3 Sentries","floor":16,"turns":16},{"damage":19,"enemies":"Fading Forest","floor":18,"turns":7}],"seed_played":"-8152122934888567457","potions_obtained":[{"floor":1,"key":"BlessingOfTheForge"},{"floor":3,"key":"Block Potion"},{"floor":5,"key":"Energy Potion"},{"floor":9,"key":"AttackPotion"},{"floor":16,"key":"Elixir"}],"is_trial":false,"path_per_floor":["M","M","M","M","M","R","PTL","PTL","E","R","T","M","R","?","M","E","R","B"],"character_chosen":"IRONCLAD","items_purchased":[],"campfire_rested":0,"item_purchase_floors":[],"current_hp_per_floor":[72,72,70,62,64,64,64,64,36,36,36,42,42,42,48,18,18,0,0],"gold":276,"neow_bonus":"REMOVE_TWO","is_daily":false,"chose_seed":false,"campfire_upgraded":4,"win_rate":0.0,"timestamp":1610018550,"path_taken":["M","M","M","M","M","R","PTL","PTL","E","R","T","?","R","?","M","E","R","BOSS"],"items_purchased_type":[],"build_version":"2020-12-22","purchased_purges":0,"victory":false,"max_hp_per_floor":[72,72,72,72,72,72,72,72,72,72,72,72,72,72,72,72,72,72,72],"card_choices":[{"not_picked":["ReplayTheSpireMod:Muscle Training","True Grit"],"picked":"Entrench","floor":1},{"not_picked":["Clash","Life Link"],"picked":"Ghostly Armor","floor":3},{"not_picked":["Anger","Clash"],"picked":"Shrug It Off","floor":4},{"not_picked":["Eclipse","Sentinel"],"picked":"Body Slam","floor":5},{"not_picked":["Cleave","Thunderclap"],"picked":"Power Through","floor":9},{"not_picked":["Flex","Wild Strike"],"picked":"Seeing Red","floor":12},{"not_picked":["Thunderclap","Clothesline","Heavy Blade"],"picked":"SKIP","floor":15},{"not_picked":["Power Through","Havoc"],"picked":"Shrug It Off","floor":16}],"player_experience":354979,"relics_obtained":[{"floor":9,"key":"HornCleat"},{"floor":11,"key":"Shuriken"},{"floor":16,"key":"Girya"}],"event_choices":[{"cards_removed":["Strike_R"],"damage_healed":0,"gold_gain":0,"player_choice":"Card Removal","damage_taken":0,"max_hp_gain":0,"max_hp_loss":0,"event_name":"The Cleric","floor":14,"gold_loss":50}],"is_beta":false,"boss_relics":[],"items_purged_floors":[],"is_endless":false,"potions_floor_spawned":[1,3,5,9,16],"killed_by":"Fading Forest","ascension_level":0}}