{"host":"ef0di4u2iht71tvj","time":1610047098,"event":{"mods":["2.2 Compatiblity","Act Like it!","BaseMod","DeckTracker","Downfall","Hermit","HololiveMod","JesterMod","Koishi","Marisa????????","Minty Spire (QoL Compilation)","StSLib","SuperFastMode","Synergy Search","The Animator","The Bug Knight","The Clintock","The Construct","The Cursed","The Disciple","The Forsaken","The Gatherer","The Hierophant","The Jungle","The Servant 0.9.4"],"gold_per_floor":[112,112,127,137,152,186,186,212,212,40,40,55,68,94,94,165,165,181,456,471,58,70,85,85,85],"floor_reached":24,"playtime":3757,"items_purged":["Regret"],"score":454,"play_id":"5214f14e-9826-4942-a99b-2838d8de1f8b","local_time":"20210107201818","is_ascension_mode":true,"campfire_choices":[{"data":"Sunder","floor":7.0,"key":"SMITH"},{"data":"Strike_B","floor":15.0,"key":"PURGE"}],"circlet_count":0,"master_deck":["AscendersBane","Strike_B","Strike_B","Strike_B","Defend_B","Defend_B","Defend_B","Defend_B","Zap","Dualcast","Cold Snap","Ball Lightning","Ball Lightning","Sunder+1","Beam Cell","Steam","Electrodynamics","Leap","Static Discharge+1","Thunder Strike","Steam+1","Self Repair"],"relics":["Cracked Core","Letter Opener","InkBottle","Mango","Unceasing Top","Happy Flower","Peace Pipe","Bird Faced Urn","Coffee Dripper","MealTicket"],"acts_visited":[],"potions_floor_usage":[],"damage_taken":[{"damage":0.0,"enemies":"Cultist","floor":1.0,"turns":3.0},{"damage":1.0,"enemies":"2 Louse","floor":3.0,"turns":3.0},{"damage":0.0,"enemies":"Small Slimes","floor":4.0,"turns":2.0},{"damage":4.0,"enemies":"Red Slaver","floor":5.0,"turns":4.0},{"damage":16.0,"enemies":"3 Sentries","floor":6.0,"turns":5.0},{"damage":8.0,"enemies":"Gremlin Nob","floor":8.0,"turns":3.0},{"damage":0.0,"enemies":"2 Fungi Beasts","floor":12.0,"turns":1.0},{"damage":1.0,"enemies":"Looter","floor":13.0,"turns":2.0},{"damage":18.0,"enemies":"3 Sentries","floor":14.0,"turns":5.0},{"damage":21.0,"enemies":"The Guardian","floor":16.0,"turns":7.0},{"damage":16.0,"enemies":"3 Byrds","floor":18.0,"turns":3.0},{"damage":17.0,"enemies":"Shell Parasite","floor":20.0,"turns":4.0},{"damage":11.0,"enemies":"Sentry and Sphere","floor":22.0,"turns":5.0},{"damage":15.0,"enemies":"Centurion and Healer","floor":23.0,"turns":5.0},{"damage":0,"enemies":"Shelled Parasite and Fungi","floor":24,"turns":1}],"seed_played":"5185997418340667706","potions_obtained":[{"floor":1.0,"key":"Ancient Potion"},{"floor":4.0,"key":"AttackPotion"},{"floor":8.0,"key":"AttackPotion"},{"floor":13.0,"key":"DuplicationPotion"},{"floor":14.0,"key":"FearPotion"},{"floor":22.0,"key":"Weak Potion"},{"floor":23.0,"key":"LiquidBronze"}],"is_trial":false,"path_per_floor":["M","T","M","M","M","E","R","E","T","$","?","M","M","E","R","B",null,"M","?","M","$","M","M","M"],"character_chosen":"DEFECT","items_purchased":["Happy Flower","Thunder Strike","MealTicket"],"campfire_rested":0,"item_purchase_floors":[10,21,21],"current_hp_per_floor":[71,71,70,70,66,50,50,56,56,56,56,56,55,37,37,16,73,59,59,44,44,35,24,24,24],"gold":85,"neow_bonus":"TEN_PERCENT_HP_BONUS","is_daily":false,"chose_seed":false,"campfire_upgraded":1,"win_rate":0.0,"timestamp":1610047098,"path_taken":["M","?","M","M","M","E","R","E","T","$","?","M","?","E","R","BOSS","M","?","?","$","M","M","M"],"items_purchased_type":["Relic","Card","Relic"],"build_version":"2020-12-22","purchased_purges":1,"victory":false,"max_hp_per_floor":[78,78,78,78,78,78,78,92,92,92,92,92,92,92,92,92,92,92,92,92,92,92,92,92,92],"card_choices":[{"not_picked":["Steam","White Noise"],"picked":"Cold Snap","floor":1.0},{"not_picked":["BootSequence","Sweeping Beam"],"picked":"Ball Lightning","floor":3.0},{"not_picked":["Stack","White Noise"],"picked":"Ball Lightning","floor":4.0},{"not_picked":["Undo","Stack","Gash"],"picked":"SKIP","floor":5.0},{"not_picked":["Cold Snap","Conserve Battery"],"picked":"Sunder","floor":6.0},{"not_picked":["Fusion","Aggregate"],"picked":"Beam Cell","floor":8.0},{"not_picked":["Go for the Eyes","Redo","Stack"],"picked":"SKIP","floor":12.0},{"not_picked":["Turbo","Rip and Tear","Streamline"],"picked":"SKIP","floor":13.0},{"not_picked":["Gash","Hologram"],"picked":"Steam","floor":14.0},{"not_picked":["Echo Form","All For One"],"picked":"Electrodynamics","floor":16.0},{"not_picked":["White Noise","Redo"],"picked":"Leap","floor":18.0},{"not_picked":["Aggregate","Streamline"],"picked":"Static Discharge+1","floor":20.0},{"not_picked":["Scrape","Conserve Battery"],"picked":"Steam+1","floor":22.0},{"not_picked":["Conserve Battery","Steam"],"picked":"Self Repair","floor":23.0}],"player_experience":1817236,"relics_obtained":[{"floor":2.0,"key":"Letter Opener"},{"floor":6.0,"key":"InkBottle"},{"floor":8.0,"key":"Mango"},{"floor":9.0,"key":"Unceasing Top"},{"floor":11.0,"key":"Peace Pipe"},{"floor":14.0,"key":"Bird Faced Urn"}],"event_choices":[{"damage_healed":0.0,"max_hp_gain":0.0,"max_hp_loss":0.0,"gold_gain":0.0,"event_name":"Wheel of Change","player_choice":"Relic","floor":11.0,"gold_loss":0.0,"damage_taken":0.0},{"damage_healed":0.0,"max_hp_gain":0.0,"max_hp_loss":0.0,"gold_gain":275.0,"event_name":"Golden Shrine","player_choice":"Desecrate","floor":19.0,"gold_loss":0.0,"damage_taken":0.0,"cards_obtained":["Regret"]}],"is_beta":false,"boss_relics":[{"not_picked":["Empty Cage","Pandora\u0027s Box"],"picked":"Coffee Dripper"}],"items_purged_floors":[21],"is_endless":false,"potions_floor_spawned":[1,4,8,13,14,22,23],"killed_by":"Shelled Parasite and Fungi","ascension_level":19}}