{"host":"g01l53quoe6lrer0","time":1610015052,"event":{"mods":["2.2 Compatiblity","AchievementEnabler","BaseMod","Colored Map","Highlight Path","Keyboard Shortcuts","Minty Spire (QoL Compilation)","Permanent Neow","StSLib","SuperFastMode","everything is the same but u backflip on backflip"],"gold_per_floor":[113,113,113,113,131,165,165,184,258,98,129,129,29,49,49,145,145,159,34,0,12,111,111,146,146,221,23,40,40,50,67,67,172,172,184,9,9,9,19,19,53,67,91,51,51,51,51,61,61,61,61,61,61,88,88],"floor_reached":56,"playtime":1765,"items_purged":["Defend_P","Strike_P","Defend_P","Defend_P","Strike_P"],"score":1733,"play_id":"c698908c-87d0-41a7-9122-f3ef48b284f4","local_time":"20210107192412","is_ascension_mode":true,"campfire_choices":[{"floor":7.0,"key":"REST"},{"floor":12.0,"key":"REST"},{"data":"Eruption","floor":15.0,"key":"SMITH"},{"floor":23.0,"key":"REST"},{"data":"Adaptation","floor":25.0,"key":"SMITH"},{"floor":32.0,"key":"REST"},{"floor":40.0,"key":"REST"},{"floor":45.0,"key":"RECALL"},{"data":"MentalFortress","floor":47.0,"key":"SMITH"},{"data":"FearNoEvil","floor":49.0,"key":"SMITH"},{"data":"Crescendo","floor":52.0,"key":"SMITH"}],"circlet_count":0,"master_deck":["Strike_P+1","Eruption+1","Vigilance+1","Adaptation+1","FearNoEvil+1","Crescendo+1","MentalFortress+1"],"relics":["PureWater","Ancient Tea Set","Blood Vial","Dream Catcher","Kunai","Turnip","SlaversCollar","Juzu Bracelet","Molten Egg 2","Empty Cage","Bird Faced Urn","Pen Nib"],"acts_visited":["Exordium","TheCity","TheBeyond","TheEnding"],"potions_floor_usage":[55,55,55,55,55],"damage_taken":[{"damage":0.0,"enemies":"Jaw Worm","floor":1.0,"turns":3.0},{"damage":1.0,"enemies":"2 Louse","floor":5.0,"turns":4.0},{"damage":35.0,"enemies":"3 Sentries","floor":6.0,"turns":10.0},{"damage":0.0,"enemies":"Cultist","floor":8.0,"turns":2.0},{"damage":5.0,"enemies":"Lagavulin","floor":11.0,"turns":5.0},{"damage":0.0,"enemies":"Looter","floor":14.0,"turns":2.0},{"damage":12.0,"enemies":"The Guardian","floor":16.0,"turns":15.0},{"damage":10.0,"enemies":"3 Byrds","floor":18.0,"turns":3.0},{"damage":10.0,"enemies":"2 Thieves","floor":21.0,"turns":4.0},{"damage":0.0,"enemies":"Gremlin Leader","floor":24.0,"turns":5.0},{"damage":0.0,"enemies":"Sentry and Sphere","floor":28.0,"turns":4.0},{"damage":13.0,"enemies":"Chosen and Byrds","floor":30.0,"turns":5.0},{"damage":7.0,"enemies":"Snake Plant","floor":31.0,"turns":3.0},{"damage":20.0,"enemies":"Collector","floor":33.0,"turns":5.0},{"damage":20.0,"enemies":"3 Shapes","floor":35.0,"turns":3.0},{"damage":0.0,"enemies":"Orb Walker","floor":39.0,"turns":1.0},{"damage":0.0,"enemies":"Giant Head","floor":41.0,"turns":4.0},{"damage":0.0,"enemies":"Jaw Worm Horde","floor":42.0,"turns":1.0},{"damage":0.0,"enemies":"Maw","floor":48.0,"turns":2.0},{"damage":0.0,"enemies":"Donu and Deca","floor":50.0,"turns":2.0},{"damage":0,"enemies":"Shield and Spear","floor":54,"turns":1},{"damage":45,"enemies":"The Heart","floor":55,"turns":6}],"seed_played":"5323939741177509749","potions_obtained":[{"floor":6.0,"key":"SpeedPotion"},{"floor":8.0,"key":"LiquidBronze"},{"floor":11.0,"key":"BottledMiracle"},{"floor":24.0,"key":"PowerPotion"},{"floor":31.0,"key":"ColorlessPotion"},{"floor":33.0,"key":"Explosive Potion"},{"floor":39.0,"key":"EssenceOfSteel"},{"floor":44.0,"key":"EntropicBrew"},{"floor":44.0,"key":"Weak Potion"},{"floor":48.0,"key":"PowerPotion"}],"is_trial":false,"path_per_floor":["M","?","?","?","M","E","R","M","T","$","E","R","$","M","R","B",null,"M","$","?","M","?","R","E","R","T","$","M","?","M","M","R","B",null,"M","$","?","$","M","R","E","M","T","?","R","$","R","M","R","B",null,"R","$","E","B",null],"character_chosen":"WATCHER","items_purchased":["MentalFortress","FearPotion","Strength Potion"],"campfire_rested":5,"item_purchase_floors":[10,10,27],"current_hp_per_floor":[72,58,58,40,41,8,29,31,31,31,28,49,49,51,51,41,64,56,56,56,48,48,69,71,71,71,71,72,59,48,43,66,48,70,52,52,52,52,54,77,77,77,77,77,77,77,77,77,77,77,77,77,77,77,34],"gold":88,"neow_bonus":"RANDOM_COMMON_RELIC","is_daily":false,"chose_seed":false,"campfire_upgraded":5,"win_rate":0.0,"timestamp":1610015052,"path_taken":["M","?","?","?","M","E","R","M","T","$","E","R","?","?","R","BOSS","M","$","?","M","?","R","E","R","T","$","M","?","M","M","R","BOSS","M","$","?","?","M","R","E","M","T","?","R","$","R","M","R","BOSS","R","$","E","BOSS"],"items_purchased_type":["Card","Potion","Potion"],"build_version":"2020-12-22","purchased_purges":5,"victory":true,"max_hp_per_floor":[72,72,72,72,72,72,72,72,72,72,72,72,72,72,72,72,72,72,72,72,72,72,72,72,72,72,72,72,77,77,77,77,77,77,77,77,77,77,77,77,77,77,77,77,77,77,77,77,77,77,77,77,77,77,77],"card_choices":[{"not_picked":["EmptyBody","Consecrate"],"picked":"Adaptation","floor":1.0},{"not_picked":["EmptyFist","FlurryOfBlows"],"picked":"FearNoEvil","floor":5.0},{"not_picked":["DeceiveReality","Ragnarok","Indignation"],"picked":"SKIP","floor":6.0},{"not_picked":["BowlingBash","Protect"],"picked":"Crescendo","floor":8.0},{"not_picked":["Prostrate","DeusExMachina","FollowUp"],"picked":"SKIP","floor":11.0},{"not_picked":["FearNoEvil","Meditate","ThirdEye"],"picked":"SKIP","floor":14.0},{"not_picked":["FollowUp+1","SashWhip","PathToVictory"],"picked":"SKIP","floor":18.0},{"not_picked":["EmptyFist","CutThroughFate","Nirvana+1"],"picked":"SKIP","floor":21.0},{"not_picked":["ClearTheMind+1","DeusExMachina","Perseverance"],"picked":"SKIP","floor":24.0},{"not_picked":["JustLucky+1","ClearTheMind","TalkToTheHand+1"],"picked":"SKIP","floor":28.0},{"not_picked":["Evaluate+1","JustLucky+1","Ragnarok+1"],"picked":"SKIP","floor":30.0},{"not_picked":["Swivel","Study","Fasting2+1"],"picked":"SKIP","floor":31.0},{"not_picked":["Consecrate+1","Protect+1","WheelKick+1"],"picked":"SKIP","floor":35.0},{"not_picked":["Conclude+1","EmptyBody+1","Meditate+1"],"picked":"SKIP","floor":39.0},{"not_picked":["CarveReality+1","Crescendo","InnerPeace+1"],"picked":"SKIP","floor":41.0},{"not_picked":["Prostrate+1","CrushJoints+1","BowlingBash+1"],"picked":"SKIP","floor":42.0},{"not_picked":["Prostrate+1","CrushJoints+1","BowlingBash+1"],"picked":"SKIP","floor":42.0},{"not_picked":["EmptyBody","ThirdEye","SashWhip+1"],"picked":"SKIP","floor":48.0},{"not_picked":["Conclude+1","Consecrate+1","JustLucky+1"],"picked":"SKIP","floor":54}],"player_experience":52648,"relics_obtained":[{"floor":6.0,"key":"Dream Catcher"},{"floor":9.0,"key":"Kunai"},{"floor":11.0,"key":"Turnip"},{"floor":24.0,"key":"Juzu Bracelet"},{"floor":26.0,"key":"Molten Egg 2"},{"floor":41.0,"key":"Bird Faced Urn"},{"floor":54,"key":"Pen Nib"}],"event_choices":[{"damage_healed":0.0,"max_hp_gain":0.0,"max_hp_loss":0.0,"gold_gain":0.0,"event_name":"Shining Light","player_choice":"Entered Light","floor":2.0,"gold_loss":0.0,"damage_taken":14.0,"cards_upgraded":["Strike_P","Vigilance"]},{"damage_healed":0.0,"max_hp_gain":0.0,"max_hp_loss":0.0,"gold_gain":0.0,"event_name":"Liars Game","player_choice":"Ignored","floor":3.0,"gold_loss":0.0,"damage_taken":0.0},{"damage_healed":0.0,"max_hp_gain":0.0,"max_hp_loss":0.0,"gold_gain":0.0,"event_name":"Scrap Ooze","player_choice":"Success","floor":4.0,"gold_loss":0.0,"damage_taken":18.0,"relics_obtained":["Blood Vial"]},{"damage_healed":0.0,"max_hp_gain":0.0,"max_hp_loss":0.0,"gold_gain":0.0,"event_name":"Masked Bandits","player_choice":"Paid Fearfully","floor":20.0,"gold_loss":34.0,"damage_taken":0.0},{"damage_healed":0.0,"max_hp_gain":0.0,"max_hp_loss":0.0,"gold_gain":99.0,"event_name":"Nest","player_choice":"Stole From Cult","floor":22.0,"gold_loss":0.0,"damage_taken":0.0},{"damage_healed":0.0,"max_hp_gain":5.0,"max_hp_loss":0.0,"gold_gain":0.0,"event_name":"Forgotten Altar","player_choice":"Shed Blood","floor":29.0,"gold_loss":0.0,"damage_taken":18.0},{"damage_healed":0.0,"max_hp_gain":0.0,"max_hp_loss":0.0,"gold_gain":0.0,"event_name":"Match and Keep!","player_choice":"0 cards matched","floor":37.0,"gold_loss":0.0,"damage_taken":0.0,"cards_obtained":[]},{"damage_healed":0.0,"max_hp_gain":0.0,"max_hp_loss":0.0,"gold_gain":0.0,"event_name":"The Woman in Blue","player_choice":"Bought 3 Potions","floor":44.0,"gold_loss":0.0,"damage_taken":0.0}],"is_beta":false,"boss_relics":[{"not_picked":["Fusion Hammer","Philosopher\u0027s Stone"],"picked":"SlaversCollar"},{"not_picked":["Velvet Choker","VioletLotus"],"picked":"Empty Cage"}],"items_purged_floors":[10,13,19,27,36],"is_endless":false,"potions_floor_spawned":[6,8,11,24,31,33,39,48],"ascension_level":5}}