{"host":"1c52r9kaxdyo25eq","time":1610034518,"event":{"mods":["AchievementEnabler","BaseMod","Minty Spire (QoL Compilation)","Rare Cards Sparkle","SuperFastMode","everything is the same but u backflip on backflip"],"gold_per_floor":[110,122,137,137,155,155,80,80,159,159,159,124,145,159,159,255,255,273,188,88,104,122,122,145,195,195,195,195],"floor_reached":27,"playtime":536,"items_purged":["Strike_G","Strike_G"],"score":410,"play_id":"5a773ac8-25fb-49e4-ba31-d4d025d1d277","local_time":"20210108004838","is_ascension_mode":true,"campfire_choices":[{"data":"Deadly Poison","floor":6.0,"key":"SMITH"},{"floor":8.0,"key":"REST"},{"data":"Finisher","floor":11.0,"key":"SMITH"},{"floor":15.0,"key":"REST"},{"floor":23,"key":"REST"}],"circlet_count":0,"master_deck":["AscendersBane","Strike_G","Strike_G","Defend_G","Defend_G","Defend_G","Defend_G","Survivor","Neutralize","Prepared","Finisher+1","Deadly Poison+1","Quick Slash","Blade Dance","Accuracy","Backflip","Choke"],"relics":["Ring of the Snake","Art of War","Singing Bowl","Golden Idol","WristBlade","Gremlin Horn","Blood Vial"],"acts_visited":["Exordium","TheCity"],"potions_floor_usage":[24],"damage_taken":[{"damage":1.0,"enemies":"Jaw Worm","floor":1.0,"turns":5.0},{"damage":3.0,"enemies":"2 Louse","floor":2.0,"turns":4.0},{"damage":1.0,"enemies":"Cultist","floor":3.0,"turns":4.0},{"damage":7.0,"enemies":"3 Louse","floor":5.0,"turns":6.0},{"damage":5.0,"enemies":"Large Slime","floor":13.0,"turns":6.0},{"damage":12.0,"enemies":"Exordium Thugs","floor":14.0,"turns":4.0},{"damage":34.0,"enemies":"The Guardian","floor":16.0,"turns":9.0},{"damage":25.0,"enemies":"2 Thieves","floor":18.0,"turns":3.0},{"damage":1.0,"enemies":"Spheric Guardian","floor":21.0,"turns":3.0},{"damage":21,"enemies":"Snecko","floor":22,"turns":4},{"damage":13,"enemies":"Snake Plant","floor":24,"turns":2},{"damage":0,"enemies":"Slavers","floor":27,"turns":1}],"seed_played":"8378972368819312993","potions_obtained":[{"floor":2.0,"key":"Regen Potion"},{"floor":5.0,"key":"CunningPotion"},{"floor":18.0,"key":"BlessingOfTheForge"},{"floor":22,"key":"AttackPotion"}],"is_trial":false,"path_per_floor":["M","M","M","?","M","R","$","R","T","?","R","?","M","M","R","B",null,"M","?","$","M","M","R","M","?","T","E"],"character_chosen":"THE_SILENT","items_purchased":[],"campfire_rested":3,"item_purchase_floors":[],"current_hp_per_floor":[58,55,54,19,26,26,26,44,44,23,23,38,33,21,39,7,48,23,23,23,22,3,22,11,11,11,13,13],"gold":195,"neow_bonus":"REMOVE_TWO","is_daily":false,"chose_seed":false,"campfire_upgraded":2,"win_rate":0.0,"timestamp":1610034518,"path_taken":["M","M","M","?","M","R","$","R","T","?","R","?","M","M","R","BOSS","M","?","$","M","M","R","M","?","T","E"],"items_purchased_type":[],"build_version":"2020-12-22","purchased_purges":2,"victory":false,"max_hp_per_floor":[60,60,60,60,60,60,60,60,60,60,60,60,60,60,60,62,62,62,62,62,62,64,64,66,66,66,66,66],"card_choices":[{"not_picked":["PiercingWail","Blade Dance"],"picked":"Prepared","floor":1.0},{"not_picked":["Bane","Heel Hook"],"picked":"Finisher","floor":2.0},{"not_picked":["Bullet Time","Underhanded Strike"],"picked":"Deadly Poison","floor":3.0},{"not_picked":["Bane","Quick Slash","Slice"],"picked":"SKIP","floor":5.0},{"not_picked":["Bane","Slice"],"picked":"Quick Slash","floor":5.0},{"not_picked":["Slice","Heel Hook"],"picked":"Blade Dance","floor":13.0},{"not_picked":["Slice","Infinite Blades"],"picked":"Accuracy","floor":14.0},{"not_picked":["Unload","Tools of the Trade","Wraith Form v2"],"picked":"Singing Bowl","floor":16.0},{"not_picked":["Dagger Throw","Eviscerate"],"picked":"Backflip","floor":18.0},{"not_picked":["Bane","Masterful Stab"],"picked":"Choke","floor":21.0},{"not_picked":["Dodge and Roll","Poisoned Stab","Acrobatics"],"picked":"Singing Bowl","floor":22},{"not_picked":["Concentrate","Acrobatics","Prepared"],"picked":"Singing Bowl","floor":24}],"player_experience":555493,"relics_obtained":[{"floor":9.0,"key":"Singing Bowl"},{"floor":26,"key":"Blood Vial"}],"event_choices":[{"damage_healed":0.0,"max_hp_gain":0.0,"max_hp_loss":0.0,"gold_gain":0.0,"event_name":"Scrap Ooze","player_choice":"Success","floor":4.0,"gold_loss":0.0,"damage_taken":35.0,"relics_obtained":["Art of War"]},{"damage_healed":0.0,"max_hp_gain":0.0,"max_hp_loss":0.0,"gold_gain":0.0,"event_name":"Golden Idol","player_choice":"Take Damage","floor":10.0,"gold_loss":0.0,"damage_taken":21.0,"relics_obtained":["Golden Idol"]},{"damage_healed":15.0,"max_hp_gain":0.0,"max_hp_loss":0.0,"gold_gain":0.0,"event_name":"The Cleric","player_choice":"Healed","floor":12.0,"gold_loss":35.0,"damage_taken":0.0},{"damage_healed":0.0,"max_hp_gain":0.0,"max_hp_loss":0.0,"gold_gain":0.0,"event_name":"Addict","player_choice":"Obtained Relic","floor":19.0,"gold_loss":85.0,"damage_taken":0.0,"relics_obtained":["Gremlin Horn"]},{"damage_healed":0,"gold_gain":50,"player_choice":"Pray","damage_taken":0,"max_hp_gain":0,"max_hp_loss":0,"event_name":"Golden Shrine","floor":25,"gold_loss":0}],"is_beta":false,"boss_relics":[{"not_picked":["HoveringKite","Calling Bell"],"picked":"WristBlade"}],"items_purged_floors":[7,20],"is_endless":false,"potions_floor_spawned":[2,5,18,22],"killed_by":"Slavers","ascension_level":20}}