{"host":"z9811rt50ti81n54","time":1610036027,"event":{"mods":["BaseMod","Minty Spire (QoL Compilation)","SuperFastMode"],"gold_per_floor":[110,127,18,38,38,38,88,88,88,107,37,37,37,48,48,144,144,163,16,16,29,39,39,58,91,91,91,1,1,12,22,22,22,22],"floor_reached":33,"playtime":662,"items_purged":["Strike_R"],"score":257,"play_id":"fe3cda67-e153-46ad-b1d7-4683015b90c6","local_time":"20210108011347","is_ascension_mode":false,"campfire_choices":[{"data":"Carnage","floor":6,"key":"SMITH"},{"data":"Shockwave","floor":12,"key":"SMITH"},{"data":"Combust","floor":15,"key":"SMITH"},{"data":"Double Tap","floor":23,"key":"SMITH"},{"data":"Whirlwind","floor":27,"key":"SMITH"},{"data":"Seeing Red","floor":32,"key":"SMITH"}],"circlet_count":0,"master_deck":["Strike_R+1","Strike_R","Strike_R","Defend_R","Defend_R","Defend_R","Defend_R","Bash","Cleave","Sever Soul","Combust+1","Carnage+1","Shockwave+1","Seeing Red+1","Flame Barrier","Burning Pact","Double Tap+1","Battle Trance","Battle Trance","Whirlwind+1","Bloodletting","Armaments+1","Flex+1"],"relics":["Burning Blood","NeowsBlessing","Regal Pillow","Orichalcum","Shuriken","Meat on the Bone","Unceasing Top","Runic Dome","Juzu Bracelet","Toxic Egg 2","Ancient Tea Set"],"acts_visited":["Exordium","TheCity"],"potions_floor_usage":[16,25,33,33],"damage_taken":[{"damage":0,"enemies":"Cultist","floor":1,"turns":1},{"damage":0,"enemies":"Jaw Worm","floor":2,"turns":1},{"damage":0,"enemies":"Small Slimes","floor":4,"turns":1},{"damage":3,"enemies":"Blue Slaver","floor":10,"turns":3},{"damage":6,"enemies":"Looter","floor":14,"turns":3},{"damage":18,"enemies":"Slime Boss","floor":16,"turns":7},{"damage":4,"enemies":"Chosen","floor":18,"turns":3},{"damage":8,"enemies":"Shell Parasite","floor":21,"turns":3},{"damage":8,"enemies":"Snecko","floor":22,"turns":4},{"damage":2,"enemies":"3 Cultists","floor":24,"turns":3},{"damage":11,"enemies":"Gremlin Leader","floor":25,"turns":3},{"damage":21,"enemies":"Shelled Parasite and Fungi","floor":30,"turns":4},{"damage":15,"enemies":"Snake Plant","floor":31,"turns":4},{"damage":60,"enemies":"Automaton","floor":33,"turns":6}],"seed_played":"8153184736248967451","potions_obtained":[{"floor":1,"key":"Energy Potion"},{"floor":14,"key":"BlessingOfTheForge"},{"floor":22,"key":"Energy Potion"},{"floor":25,"key":"Dexterity Potion"},{"floor":30,"key":"Strength Potion"}],"is_trial":false,"path_per_floor":["M","M","$","M","T","R","T","?","T","M","$","R","T","M","R","B",null,"M","$","?","M","M","R","M","E","T","R","?","T","M","M","R","B"],"character_chosen":"IRONCLAD","items_purchased":["Combust","Carnage","Flame Barrier","Battle Trance"],"campfire_rested":0,"item_purchase_floors":[3,3,11,19],"current_hp_per_floor":[80,80,80,80,80,80,80,77,77,80,80,80,80,80,80,68,80,80,80,80,78,76,76,80,75,75,75,75,75,60,51,51,0,0],"gold":22,"neow_bonus":"THREE_ENEMY_KILL","is_daily":false,"chose_seed":false,"campfire_upgraded":6,"win_rate":0.0,"timestamp":1610036027,"path_taken":["M","M","?","?","?","R","?","?","T","M","?","R","?","M","R","BOSS","M","$","?","M","M","R","M","E","T","R","?","?","M","M","R","BOSS"],"items_purchased_type":["Card","Card","Card","Card"],"build_version":"2020-12-22","purchased_purges":1,"victory":false,"max_hp_per_floor":[80,80,80,80,80,80,80,80,80,80,80,80,80,80,80,80,80,80,80,80,80,80,80,80,80,80,80,80,80,80,80,80,80,80],"card_choices":[{"not_picked":["Inflame","Twin Strike"],"picked":"Cleave","floor":1},{"not_picked":["Clothesline","Shrug It Off"],"picked":"Sever Soul","floor":2},{"not_picked":["Body Slam","Evolve"],"picked":"Shockwave","floor":4},{"not_picked":["Flex","Infernal Blade"],"picked":"Seeing Red","floor":10},{"not_picked":["Thunderclap","Wild Strike"],"picked":"Burning Pact","floor":14},{"not_picked":["Feed","Exhume"],"picked":"Double Tap","floor":16},{"not_picked":["Clash","Sword Boomerang","Warcry"],"picked":"SKIP","floor":18},{"not_picked":["Pommel Strike","Second Wind"],"picked":"Whirlwind","floor":21},{"not_picked":["Armaments","Inflame"],"picked":"Bloodletting","floor":22},{"not_picked":["Anger","Body Slam","Thunderclap+1"],"picked":"SKIP","floor":24},{"not_picked":["Ghostly Armor","Rage+1"],"picked":"Armaments+1","floor":25},{"not_picked":["Hemokinesis","Clothesline"],"picked":"Flex+1","floor":30},{"not_picked":["Wild Strike+1","Dual Wield+1","Metallicize"],"picked":"SKIP","floor":31}],"player_experience":309116,"relics_obtained":[{"floor":5,"key":"Regal Pillow"},{"floor":7,"key":"Orichalcum"},{"floor":9,"key":"Meat on the Bone"},{"floor":13,"key":"Unceasing Top"},{"floor":25,"key":"Juzu Bracelet"},{"floor":26,"key":"Toxic Egg 2"},{"floor":29,"key":"Ancient Tea Set"}],"event_choices":[{"damage_healed":0,"gold_gain":0,"player_choice":"Success","damage_taken":3,"relics_obtained":["Shuriken"],"max_hp_gain":0,"max_hp_loss":0,"event_name":"Scrap Ooze","floor":8,"gold_loss":0},{"damage_healed":0,"gold_gain":0,"player_choice":"Copied","damage_taken":0,"max_hp_gain":0,"max_hp_loss":0,"event_name":"Duplicator","floor":20,"gold_loss":0,"cards_obtained":["Battle Trance"]},{"cards_removed":["Strike_R"],"damage_healed":0,"gold_gain":0,"player_choice":"Upgrade and Remove","damage_taken":0,"max_hp_gain":0,"max_hp_loss":0,"event_name":"Designer","floor":28,"gold_loss":90,"cards_upgraded":["Strike_R"]}],"is_beta":false,"boss_relics":[{"not_picked":["Fusion Hammer","Tiny House"],"picked":"Runic Dome"}],"items_purged_floors":[19],"is_endless":false,"potions_floor_spawned":[1,14,22,25,30],"killed_by":"Automaton","ascension_level":0}}