{"host":"raxmxgtw2nbiczxd","time":1610018410,"event":{"mods":["AchievementEnabler","Act Like it!","Aspiration","BaseMod","Beaked The Cultist","BetterRewards","Conspire","Downfall","Friendly Minions","Halation","Hero for Fun","Hubris","Infinite Spire","Jedi Mod","Mimic Mod","Minty Spire (QoL Compilation)","Quick Restart","Relic Stats","Replay The Spire","Shop Mod","Spikes Relics","StSLib","SuperFastMode","The Animator","The Blackbeard","The Necromancer","The Servant 0.9.4","Yuri Mod","vexMod","????"],"gold_per_floor":[109,109,707,707,707,183,183,460,460,765,788,823,762,802,404,524,524,548,568,290,311,9467,9505,8886,8930,9005,9005,9028,9071,9071,9095,8182,8305,8305,8325,7748,7773,7796,6770,6809,6222,6253,6253,5736,5736,5759,5853,5867,5276,5276,5276,4949,4230,4269,4269],"floor_reached":56,"playtime":3077,"items_purged":["Strike_S","Strike_S","Strike_S","Defend_S","Exchange+1","Snipe+1","Defend_S","Rearm+1","Defend_S","Replay:SS_hec_4+1","BottledTime+1"],"score":2384,"play_id":"f2acaebf-94c9-4396-8052-0c977fd25ad5","local_time":"20210107182010","is_ascension_mode":true,"campfire_choices":[],"circlet_count":0,"master_deck":["BlessedFruit+1","Strike_S","Defend_S+36","KidneyShot+1","SilverBlades+1","ReplayUltimateDefense+1","BestPractice+1","BottledTime+1","BottledTime+1","Panacea+1","SilverBlades+1","Luminosity+1","Sunlight+1","BottledTime+1","Embodiment+1","BottledTime+1","BestPractice+1","BottledTime+1","InstantArmor+1","SilverBlades+1","MurderousAura+1","SurpressingFire+1","TheWorld+1","SilverBlades+1","BottledTime+1","hubris:Insight+1","infinitespire:Execution+1","ReplayUltimateDefense+1","BottledTime+1","Dilation+1","Sadistic Nature+1","Panacea+1","Replay:SS_hec_1+1"],"relics":["Uniform","NeowsBlessing","Molten Egg 2","Frozen Egg 2","Toxic Egg 2","Ice Cream","Quantum Egg","infinitespire:Bottled Soul","aspiration:Lifesprig","Juzu Bracelet","Simple Rune","Kunai","Mirror","jedi:heavyjacket","halation:LettersToHer","hubris:TenFootPole","TheAbacus","Mummified Hand","Ginger","Bronze Scales","Replay:Rubber Ducky","ClockworkSouvenir","Fusion Hammer","halation:Diary","halation:ShiningIdol","Bloody Idol","Golden Idol","vexMod:BarristanHead","Regal Pillow","Cauldron","Matryoshka","ReplayTheSpireMod:Ninjato","hubris:MobiusCoin","jedi:shrinkray","Anchor","hubris:SlimyHat","aspiration:StickyExplosives_weak","halation:Sosunser","hubris:TerracottaHorce","Vajra","conspire:TopHat","BicycleWheel","ReplayTheSpireMod:Lightbulb","Eternal Feather","halation:TwoAmDonut","infinitespire:Lucky Rock","ReplayFunnel","Pen Nib","Blue Doll","DollysMirror","MealTicket","Blood Vial","InkBottle","ReplayTheSpireMod:Shallot","Replay:Baseball","Centennial Puzzle","Sundial"],"acts_visited":["Exordium","TheCity","TheBeyond","TheEnding"],"potions_floor_usage":[],"damage_taken":[{"damage":0,"enemies":"Cultist","floor":1,"turns":1},{"damage":0,"enemies":"Jaw Worm","floor":11,"turns":1},{"damage":0,"enemies":"3 Sentries","floor":12,"turns":1},{"damage":0,"enemies":"Gremlin Nob","floor":14,"turns":3},{"damage":0,"enemies":"Hexaghost","floor":16,"turns":6},{"damage":0,"enemies":"2 Thieves","floor":18,"turns":3},{"damage":0,"enemies":"Spheric Guardian","floor":19,"turns":2},{"damage":0,"enemies":"Snake Plant","floor":21,"turns":2},{"damage":0,"enemies":"Gremlin Leader","floor":23,"turns":2},{"damage":0,"enemies":"Book of Stabbing","floor":25,"turns":1},{"damage":0,"enemies":"3 Cultists","floor":28,"turns":2},{"damage":0,"enemies":"Slavers","floor":29,"turns":3},{"damage":0,"enemies":"Centurion and Healer","floor":31,"turns":2},{"damage":0,"enemies":"conspire:MysteriousRune","floor":33,"turns":2},{"damage":0,"enemies":"3 Shapes","floor":35,"turns":2},{"damage":0,"enemies":"3 Darklings","floor":37,"turns":2},{"damage":0,"enemies":"Jaw Worm Horde","floor":38,"turns":2},{"damage":0,"enemies":"Nemesis","floor":40,"turns":1},{"damage":0,"enemies":"Nightmare","floor":42,"turns":1},{"damage":0,"enemies":"Maw","floor":46,"turns":1},{"damage":0,"enemies":"Nemesis","floor":47,"turns":1},{"damage":0,"enemies":"4 Shapes","floor":48,"turns":1},{"damage":0,"enemies":"Awakened One","floor":50,"turns":3},{"damage":0,"enemies":"Shield and Spear","floor":54,"turns":1},{"damage":0,"enemies":"The Heart","floor":55,"turns":4}],"seed_played":"-2294370998802999714","potions_obtained":[{"floor":18,"key":"LiquidBronze"},{"floor":21,"key":"EssenceOfSteel"},{"floor":22,"key":"EntropicBrew"},{"floor":38,"key":"Energy Potion"},{"floor":40,"key":"ColorlessPotion"},{"floor":46,"key":"Fruit Juice"},{"floor":48,"key":"infinitespire:BlackPotion"}],"is_trial":false,"path_per_floor":["M","?","$","?","?","R","?","$","T","R","M","E","?","E","R","B",null,"M","M","$","M","$","E","R","E","T","?","M","E","?","M","R","B",null,"M","$","M","M","$","E","R","NM","T","R","AVR","M","E","M","R","B",null,"R","$","E","B",null],"character_chosen":"THE_SERVANT","items_purchased":["aspiration:Lifesprig","ReplayUltimateDefense+1","Juzu Bracelet","Simple Rune","BestPractice+1","BottledTime+1","BottledTime+1","Kunai","Mirror","Ricochet+1","halation:LettersToHer","hubris:TenFootPole","TheAbacus","Panacea+1","ClockworkSouvenir","Luminosity+1","Snipe+1","Embodiment+1","vexMod:BarristanHead","Regal Pillow","Cauldron","BottledTime+1","ReplayTheSpireMod:Ninjato","BestPractice+1","BottledTime+1","SilverBlades+1","hubris:SlimyHat","aspiration:StickyExplosives_weak","halation:Sosunser","Vajra","conspire:TopHat","SurpressingFire+1","SkillPotion","Milkshake","GamblersBrew","BicycleWheel","ReplayTheSpireMod:Lightbulb","SpeedPotion","Strength Potion","LiquidMemories","Replay:SS_hec_4+1","halation:TwoAmDonut","SilverBlades+1","BottledTime+1","infinitespire:Lucky Rock","hubris:Insight+1","Pen Nib","Blue Doll","DollysMirror","BottledTime+1","Blood Vial","InkBottle","Sadistic Nature+1","ReplayTheSpireMod:Shallot","Panacea+1","Replay:Baseball","Centennial Puzzle","Replay:SS_hec_1+1"],"campfire_rested":0,"item_purchase_floors":[3,3,6,6,6,6,8,8,8,8,10,10,10,10,15,15,20,22,22,22,22,22,24,24,24,32,32,32,32,36,36,36,36,36,36,39,39,39,39,39,39,41,41,41,41,41,44,44,44,44,49,49,49,52,52,53,53,53],"current_hp_per_floor":[65,52,52,52,36,36,30,30,30,30,30,32,32,32,32,42,77,77,79,79,81,81,83,83,85,85,81,87,91,91,93,93,95,95,97,97,101,103,103,105,105,107,107,107,107,109,115,117,117,127,127,127,127,131,141],"gold":4269,"neow_bonus":"THREE_ENEMY_KILL","is_daily":false,"chose_seed":false,"campfire_upgraded":0,"win_rate":0.0,"timestamp":1610018410,"path_taken":["M","?","$","?","?","R","?","$","T","R","M","E","?","E","R","BOSS","M","M","$","M","$","E","R","E","T","?","M","E","?","M","R","BOSS","M","$","M","M","$","E","R","NM","T","R","AVR","M","E","M","R","BOSS","R","$","E","BOSS"],"items_purchased_type":["Relic","Card","Relic","Relic","Card","Card","Card","Relic","Relic","Card","Relic","Relic","Relic","Card","Relic","Card","Card","Card","Relic","Relic","Relic","Card","Relic","Card","Card","Card","Relic","Relic","Relic","Relic","Relic","Card","Potion","Potion","Potion","Relic","Relic","Potion","Potion","Potion","Card","Relic","Card","Card","Relic","Card","Relic","Relic","Relic","Card","Relic","Relic","Card","Relic","Card","Relic","Relic","Card"],"build_version":"2020-12-22","purchased_purges":11,"victory":true,"max_hp_per_floor":[65,65,65,65,65,65,65,65,65,65,65,67,67,67,67,77,77,77,79,79,81,81,83,83,85,85,85,87,91,91,93,93,95,95,97,97,101,103,103,105,105,107,107,107,107,109,115,117,117,127,127,127,127,131,141],"relic_stats":{"Regal Pillow":0,"counters":[25,50],"Golden Idol":220,"Eternal Feather":0,"Pen Nib":[3],"Juzu Bracelet":2,"Ginger":[4],"Blood Vial":0,"Centennial Puzzle":[0],"TheAbacus":[258],"Mummified Hand":[225],"Sundial":[4],"Bronze Scales":[121],"Bloody Idol":4,"MealTicket":0,"Kunai":[14],"obtain_stats":[{"Ice Cream":0,"Vajra":36,"Uniform":0,"Ginger":12,"jedi:shrinkray":26,"hubris:TerracottaHorce":34,"Blood Vial":49,"Centennial Puzzle":53,"DollysMirror":44,"Sundial":54,"MealTicket":47,"Fusion Hammer":17,"Kunai":8,"Toxic Egg 2":0,"hubris:MobiusCoin":26,"Eternal Feather":40,"Pen Nib":44,"halation:ShiningIdol":20,"jedi:heavyjacket":9,"Replay:Baseball":53,"ReplayTheSpireMod:Shallot":52,"Bronze Scales":13,"Molten Egg 2":0,"Simple Rune":6,"hubris:TenFootPole":10,"Mirror":8,"ReplayFunnel":43,"halation:Diary":0,"aspiration:Lifesprig":3,"Regal Pillow":22,"halation:Sosunser":32,"Blue Doll":44,"Juzu Bracelet":6,"hubris:SlimyHat":32,"conspire:TopHat":36,"Replay:Rubber Ducky":14,"ClockworkSouvenir":15,"aspiration:StickyExplosives_weak":32,"TheAbacus":10,"Matryoshka":23,"infinitespire:Bottled Soul":0,"Mummified Hand":10,"halation:LettersToHer":10,"BicycleWheel":39,"InkBottle":49,"ReplayTheSpireMod:Ninjato":24,"NeowsBlessing":0,"Golden Idol":5,"Quantum Egg":0,"infinitespire:Lucky Rock":41,"Frozen Egg 2":0,"Cauldron":22,"Anchor":27,"vexMod:BarristanHead":22,"Bloody Idol":20,"halation:TwoAmDonut":41,"ReplayTheSpireMod:Lightbulb":39},{"Ice Cream":0,"Vajra":15,"Uniform":0,"Ginger":3,"jedi:shrinkray":10,"hubris:TerracottaHorce":14,"Blood Vial":22,"Centennial Puzzle":23,"DollysMirror":19,"Sundial":24,"MealTicket":21,"Fusion Hammer":5,"Kunai":1,"Toxic Egg 2":0,"hubris:MobiusCoin":10,"Eternal Feather":18,"Pen Nib":19,"halation:ShiningIdol":7,"jedi:heavyjacket":1,"Replay:Baseball":23,"ReplayTheSpireMod:Shallot":23,"Bronze Scales":3,"Molten Egg 2":0,"Simple Rune":1,"hubris:TenFootPole":1,"Mirror":1,"ReplayFunnel":19,"halation:Diary":0,"aspiration:Lifesprig":1,"Regal Pillow":8,"halation:Sosunser":13,"Blue Doll":19,"Juzu Bracelet":1,"hubris:SlimyHat":13,"conspire:TopHat":15,"Replay:Rubber Ducky":4,"ClockworkSouvenir":4,"aspiration:StickyExplosives_weak":13,"TheAbacus":1,"Matryoshka":9,"infinitespire:Bottled Soul":0,"Mummified Hand":1,"halation:LettersToHer":1,"BicycleWheel":17,"InkBottle":22,"ReplayTheSpireMod:Ninjato":9,"NeowsBlessing":0,"Golden Idol":1,"Quantum Egg":0,"infinitespire:Lucky Rock":18,"Frozen Egg 2":0,"Cauldron":8,"Anchor":10,"vexMod:BarristanHead":8,"Bloody Idol":7,"halation:TwoAmDonut":18,"ReplayTheSpireMod:Lightbulb":17},{"Ice Cream":0,"Vajra":33,"Uniform":0,"Ginger":3,"jedi:shrinkray":22,"hubris:TerracottaHorce":31,"Blood Vial":42,"Centennial Puzzle":45,"DollysMirror":39,"Sundial":46,"MealTicket":41,"Fusion Hammer":12,"Kunai":1,"Toxic Egg 2":0,"hubris:MobiusCoin":22,"Eternal Feather":38,"Pen Nib":39,"halation:ShiningIdol":17,"jedi:heavyjacket":1,"Replay:Baseball":45,"ReplayTheSpireMod:Shallot":45,"Bronze Scales":3,"Molten Egg 2":0,"Simple Rune":1,"hubris:TenFootPole":1,"Mirror":1,"ReplayFunnel":39,"halation:Diary":0,"aspiration:Lifesprig":1,"Regal Pillow":19,"halation:Sosunser":29,"Blue Doll":39,"Juzu Bracelet":1,"hubris:SlimyHat":29,"conspire:TopHat":33,"Replay:Rubber Ducky":6,"ClockworkSouvenir":6,"aspiration:StickyExplosives_weak":29,"TheAbacus":1,"Matryoshka":21,"infinitespire:Bottled Soul":0,"Mummified Hand":1,"halation:LettersToHer":1,"BicycleWheel":37,"InkBottle":42,"ReplayTheSpireMod:Ninjato":21,"NeowsBlessing":0,"Golden Idol":1,"Quantum Egg":0,"infinitespire:Lucky Rock":38,"Frozen Egg 2":0,"Cauldron":19,"Anchor":22,"vexMod:BarristanHead":19,"Bloody Idol":17,"halation:TwoAmDonut":38,"ReplayTheSpireMod:Lightbulb":37}],"InkBottle":[15]},"card_choices":[{"not_picked":["Replace+1","TimeWarp+1"],"picked":"SilverBlades+1","floor":1},{"not_picked":["Potential+1","Advance+1"],"picked":"SilverBlades+1","floor":11},{"not_picked":["Revamp+1","PendulumOfEternity+1","Advance+1"],"picked":"SKIP","floor":12},{"not_picked":["Rewind+1","Moondial+1"],"picked":"Rearm+1","floor":14},{"not_picked":["Initiator+1","PendulumOfEternity+1"],"picked":"Sunlight+1","floor":16},{"not_picked":["FastForward+1","Replace+1","Unruled+1"],"picked":"SKIP","floor":18},{"not_picked":["FastForward+1","RealityMarble+1","SpecialFormula+1"],"picked":"SKIP","floor":19},{"not_picked":["Rearm+1","WasteNot+1"],"picked":"BottledTime+1","floor":21},{"not_picked":["Collapse+1","Defy+1","ShatteredReality+1"],"picked":"SKIP","floor":23},{"not_picked":["SoulSculpture+1","Hightail+1","Alleviate+1"],"picked":"SKIP","floor":25},{"not_picked":["Replace+1","TimeWarp+1","Revamp+1"],"picked":"SKIP","floor":28},{"not_picked":["Sabotage+1","Dilation+1","Revamp+1"],"picked":"SKIP","floor":29},{"not_picked":["TimeWarp+1","Rearm+1"],"picked":"InstantArmor+1","floor":31},{"not_picked":["TheWorld+1","ForgedInTime+1"],"picked":"MurderousAura+1","floor":33},{"not_picked":["DoubleEdge+1","Potential+1","Revamp+1"],"picked":"SKIP","floor":35},{"not_picked":["ShatteredReality+1","Rewind+1","Alleviate+1"],"picked":"SKIP","floor":37},{"not_picked":["Moondial+1","Snipe+1","Starlight+1"],"picked":"SKIP","floor":38},{"not_picked":["DoubleEdge+1","Ricochet+1"],"picked":"TheWorld+1","floor":40},{"not_picked":["infinitespire:Oblivion","infinitespire:Punishment"],"picked":"infinitespire:Execution","floor":42},{"not_picked":["Revamp+1","PendulumOfEternity+1","RealityMarble+1"],"picked":"SKIP","floor":42},{"not_picked":["Barrier+1","Replace+1","BottledTime+1"],"picked":"SKIP","floor":46},{"not_picked":["Rewind+1","TimeWarp+1"],"picked":"Dilation+1","floor":47},{"not_picked":["Moondial+1","ShatteredReality+1"],"picked":"BottledTime+1","floor":48},{"not_picked":["Defy+1","Foresight+1","FastForward+1"],"picked":"SKIP","floor":54}],"player_experience":124653,"relics_obtained":[{"floor":9,"key":"jedi:heavyjacket"},{"floor":12,"key":"Ginger"},{"floor":14,"key":"Replay:Rubber Ducky"},{"floor":23,"key":"Matryoshka"},{"floor":26,"key":"halation:LettersToHer"},{"floor":26,"key":"hubris:MobiusCoin"},{"floor":26,"key":"jedi:shrinkray"},{"floor":40,"key":"Eternal Feather"},{"floor":43,"key":"halation:LettersToHer"},{"floor":43,"key":"ReplayFunnel"},{"floor":47,"key":"MealTicket"},{"floor":54,"key":"Sundial"}],"event_choices":[{"damage_healed":0,"gold_gain":0,"player_choice":"Entered Light","damage_taken":13,"max_hp_gain":0,"max_hp_loss":0,"event_name":"Shining Light","floor":2,"gold_loss":0,"cards_upgraded":["Defend_S","KidneyShot"]},{"damage_healed":0,"gold_gain":0,"player_choice":"Grow","damage_taken":0,"max_hp_gain":0,"max_hp_loss":0,"event_name":"Living Wall","floor":4,"gold_loss":0,"cards_upgraded":["Exchange"]},{"damage_healed":0,"gold_gain":0,"player_choice":"Take Damage","damage_taken":16,"relics_obtained":["Golden Idol"],"max_hp_gain":0,"max_hp_loss":0,"event_name":"Golden Idol","floor":5,"gold_loss":0},{"damage_healed":0,"gold_gain":0,"player_choice":"Damaged","damage_taken":6,"max_hp_gain":0,"max_hp_loss":0,"event_name":"Wheel of Change","floor":7,"gold_loss":0},{"damage_healed":0,"gold_gain":0,"player_choice":"Paid Gold","damage_taken":0,"relics_obtained":["Bronze Scales"],"max_hp_gain":0,"max_hp_loss":0,"event_name":"WeMeetAgain","floor":13,"gold_loss":61},{"cards_removed":["Ricochet"],"damage_healed":5,"gold_gain":0,"player_choice":"Offered Common","damage_taken":0,"max_hp_gain":0,"max_hp_loss":0,"event_name":"Bonfire Elementals","floor":20,"gold_loss":0},{"cards_removed":["Ricochet"],"damage_healed":5,"gold_gain":0,"player_choice":"Offered Special","damage_taken":0,"max_hp_gain":0,"max_hp_loss":0,"event_name":"Bonfire Elementals","floor":20,"gold_loss":0},{"damage_healed":0,"gold_gain":0,"player_choice":"Gave Idol","damage_taken":0,"relics_obtained":["Bloody Idol"],"max_hp_gain":0,"max_hp_loss":0,"event_name":"Forgotten Altar","floor":20,"relics_lost":["Golden Idol"],"gold_loss":0},{"damage_healed":0,"gold_gain":0,"player_choice":"Upgraded","damage_taken":0,"max_hp_gain":0,"max_hp_loss":0,"event_name":"Upgrade Shrine","floor":20,"gold_loss":0,"cards_upgraded":["Strike_S"]},{"damage_healed":0,"gold_gain":0,"player_choice":"Upgraded","damage_taken":0,"max_hp_gain":0,"max_hp_loss":0,"event_name":"Upgrade Shrine","floor":20,"gold_loss":0,"cards_upgraded":["Strike_S"]},{"damage_healed":0,"gold_gain":0,"player_choice":"Upgraded","damage_taken":0,"max_hp_gain":0,"max_hp_loss":0,"event_name":"Upgrade Shrine","floor":20,"gold_loss":0,"cards_upgraded":["Strike_S"]},{"damage_healed":0,"gold_gain":0,"player_choice":"Upgraded","damage_taken":0,"max_hp_gain":0,"max_hp_loss":0,"event_name":"Upgrade Shrine","floor":20,"gold_loss":0,"cards_upgraded":["Strike_S"]},{"damage_healed":0,"gold_gain":0,"player_choice":"Upgraded","damage_taken":0,"max_hp_gain":0,"max_hp_loss":0,"event_name":"Upgrade Shrine","floor":20,"gold_loss":0,"cards_upgraded":["Defend_S"]},{"damage_healed":0,"gold_gain":0,"player_choice":"Upgraded","damage_taken":0,"max_hp_gain":0,"max_hp_loss":0,"event_name":"Upgrade Shrine","floor":20,"gold_loss":0,"cards_upgraded":["Defend_S"]},{"damage_healed":0,"gold_gain":0,"player_choice":"Upgraded","damage_taken":0,"max_hp_gain":0,"max_hp_loss":0,"event_name":"Upgrade Shrine","floor":20,"gold_loss":0,"cards_upgraded":["Defend_S"]},{"damage_healed":0,"gold_gain":0,"player_choice":"Upgraded","damage_taken":0,"max_hp_gain":0,"max_hp_loss":0,"event_name":"Upgrade Shrine","floor":20,"gold_loss":0,"cards_upgraded":["Defend_S"]},{"damage_healed":0,"gold_gain":0,"player_choice":"Upgraded","damage_taken":0,"max_hp_gain":0,"max_hp_loss":0,"event_name":"Upgrade Shrine","floor":20,"gold_loss":0,"cards_upgraded":["Defend_S"]},{"damage_healed":0,"gold_gain":0,"player_choice":"Upgraded","damage_taken":0,"max_hp_gain":0,"max_hp_loss":0,"event_name":"Upgrade Shrine","floor":20,"gold_loss":0,"cards_upgraded":["Defend_S"]},{"damage_healed":0,"gold_gain":0,"player_choice":"Upgraded","damage_taken":0,"max_hp_gain":0,"max_hp_loss":0,"event_name":"Upgrade Shrine","floor":20,"gold_loss":0,"cards_upgraded":["Defend_S"]},{"damage_healed":0,"gold_gain":0,"player_choice":"Upgraded","damage_taken":0,"max_hp_gain":0,"max_hp_loss":0,"event_name":"Upgrade Shrine","floor":20,"gold_loss":0,"cards_upgraded":["Defend_S"]},{"damage_healed":0,"gold_gain":0,"player_choice":"Anchor","damage_taken":0,"relics_obtained":["Anchor"],"max_hp_gain":0,"max_hp_loss":0,"event_name":"blackbeard:ShipwreckEvent","floor":27,"gold_loss":0}],"is_beta":false,"boss_relics":[{"not_picked":["Kintsugi","Replay:Grab Bag","Velvet Choker"]},{"not_picked":["MysterySword","ChewingGum"],"picked":"hubris:TerracottaHorce"}],"items_purged_floors":[3,6,8,10,15,20,22,24,32,39,53],"is_endless":false,"potions_floor_spawned":[16,18,21,25,28,31,38,40,46,48],"ascension_level":6}}