{"host":"rolltorest","time":1610063120,"event":{"mods":["BaseMod","Minty Spire (QoL Compilation)","Relic Stats","Robot Space Explorer","Slay the Relics Exporter","StSLib"],"gold_per_floor":[114,114,39,56,56,56,88,88,88,88,105,136,164,179,179,253,253,273,287,287,60,74,99,115,115,115,149,64,76,76,110,110,188,188,198,198,223,223,278,308,321,355,355,355,355],"floor_reached":44,"playtime":1646,"items_purged":["Pain","Decay"],"score":1091,"play_id":"80f044b3-f84a-48d9-a4b8-4e486c9ebdf1","local_time":"20210107154520","is_ascension_mode":true,"campfire_choices":[{"data":"RobotSpaceExplorer:Blitz","floor":6,"key":"SMITH"},{"data":"RobotSpaceExplorer:MiniLasers","floor":8,"key":"SMITH"},{"data":"RobotSpaceExplorer:Scan","floor":10,"key":"SMITH"},{"data":"RobotSpaceExplorer:DoubleBlock","floor":15,"key":"SMITH"},{"floor":25,"key":"REST"},{"floor":30,"key":"REST"},{"floor":32,"key":"REST"}],"circlet_count":0,"master_deck":["AscendersBane","RobotSpaceExplorer:Strike","RobotSpaceExplorer:Strike","RobotSpaceExplorer:Strike","RobotSpaceExplorer:Strike","RobotSpaceExplorer:Defend","RobotSpaceExplorer:Defend","RobotSpaceExplorer:Defend","RobotSpaceExplorer:Defend","RobotSpaceExplorer:Scan+1","RobotSpaceExplorer:MiniLasers+1","RobotSpaceExplorer:Blitz+1","RobotSpaceExplorer:StunGrenade","RobotSpaceExplorer:DoubleBlock+1","RobotSpaceExplorer:GearShield","RobotSpaceExplorer:Comet","RobotSpaceExplorer:FranticSearch+1","RobotSpaceExplorer:StarDust","RobotSpaceExplorer:Fix","RobotSpaceExplorer:HighVoltage","RobotSpaceExplorer:DoubleFind","RobotSpaceExplorer:ScrapMissile+1","RobotSpaceExplorer:Explosion","RobotSpaceExplorer:SelfCleaning+1","RobotSpaceExplorer:ScrapMissile","RobotSpaceExplorer:ScrapShield+1"],"relics":["RobotSpaceExplorer:RoboCore","NeowsBlessing","WarpedTongs","Anchor","White Beast Statue","WingedGreaves","RobotSpaceExplorer:PlasmaHourglass","RobotSpaceExplorer:Reprocessor","Tiny Chest","Pear","Orichalcum","Toy Ornithopter","Coffee Dripper","Peace Pipe","The Courier","Dead Branch","Pocketwatch","Meat on the Bone"],"acts_visited":["Exordium","TheCity","TheBeyond"],"potions_floor_usage":[12,13,14,16,19,22,23,24,27,31,33,35,35,35,35,37,39,39,39,39,40,42,44,44],"damage_taken":[{"damage":0,"enemies":"2 Louse","floor":1,"turns":1},{"damage":0,"enemies":"Cultist","floor":4,"turns":1},{"damage":0,"enemies":"Gremlin Nob","floor":7,"turns":1},{"damage":2,"enemies":"Small Slimes","floor":11,"turns":3},{"damage":0,"enemies":"3 Sentries","floor":12,"turns":10},{"damage":33,"enemies":"Gremlin Nob","floor":13,"turns":5},{"damage":4,"enemies":"Gremlin Gang","floor":14,"turns":5},{"damage":29,"enemies":"Hexaghost","floor":16,"turns":12},{"damage":0,"enemies":"Spheric Guardian","floor":18,"turns":4},{"damage":0,"enemies":"Chosen","floor":19,"turns":4},{"damage":20,"enemies":"Snecko","floor":22,"turns":6},{"damage":24,"enemies":"Book of Stabbing","floor":23,"turns":8},{"damage":5,"enemies":"Chosen and Byrds","floor":24,"turns":6},{"damage":40,"enemies":"Slavers","floor":27,"turns":6},{"damage":22,"enemies":"Centurion and Healer","floor":29,"turns":7},{"damage":36,"enemies":"Gremlin Leader","floor":31,"turns":7},{"damage":85,"enemies":"Automaton","floor":33,"turns":10},{"damage":15,"enemies":"3 Darklings","floor":35,"turns":6},{"damage":0,"enemies":"Mind Bloom Boss Battle","floor":37,"turns":5},{"damage":46,"enemies":"2 Orb Walkers","floor":39,"turns":4},{"damage":53,"enemies":"Giant Head","floor":40,"turns":8},{"damage":0,"enemies":"3 Shapes","floor":41,"turns":5},{"damage":25,"enemies":"Nemesis","floor":42,"turns":9},{"damage":23,"enemies":"Reptomancer","floor":44,"turns":2}],"seed_played":"-756493661395257971","potions_obtained":[{"floor":1,"key":"Strength Potion"},{"floor":11,"key":"EssenceOfSteel"},{"floor":12,"key":"Regen Potion"},{"floor":13,"key":"RobotSpaceExplorer:RecyclePotion"},{"floor":14,"key":"Regen Potion"},{"floor":16,"key":"RobotSpaceExplorer:LiquidFusion"},{"floor":18,"key":"GamblersBrew"},{"floor":19,"key":"Explosive Potion"},{"floor":20,"key":"Fruit Juice"},{"floor":22,"key":"FairyPotion"},{"floor":23,"key":"Fruit Juice"},{"floor":24,"key":"Weak Potion"},{"floor":27,"key":"Swift Potion"},{"floor":31,"key":"LiquidBronze"},{"floor":33,"key":"EntropicBrew"},{"floor":35,"key":"Fire Potion"},{"floor":37,"key":"EntropicBrew"},{"floor":39,"key":"SteroidPotion"},{"floor":40,"key":"BlessingOfTheForge"},{"floor":41,"key":"Dexterity Potion"},{"floor":42,"key":"Fruit Juice"}],"is_trial":false,"path_per_floor":["M","?","$","M","?","R","E","R","T","R","M","E","E","M","R","B",null,"M","M","?","$","M","E","M","R","T","E","$","M","R","E","R","B",null,"M","?","?","T","?","E","M","E","T","E"],"character_chosen":"RobotSpaceExplorer","items_purchased":["RobotSpaceExplorer:StarDust","RobotSpaceExplorer:Fix","RobotSpaceExplorer:DoubleFind"],"campfire_rested":3,"item_purchase_floors":[21,21,28],"current_hp_per_floor":[64,64,64,64,64,64,64,64,64,64,62,62,43,39,39,10,56,56,56,56,56,45,25,29,53,63,27,27,9,36,4,31,11,71,80,80,89,89,60,18,22,6,6,0,0],"gold":355,"neow_bonus":"THREE_ENEMY_KILL","is_daily":false,"chose_seed":false,"campfire_upgraded":4,"win_rate":0.0,"timestamp":1610063120,"path_taken":["M","?","$","?","?","R","E","R","T","R","M","E","E","M","R","BOSS","M","?","?","$","M","E","?","R","T","E","$","M","R","E","R","BOSS","M","?","?","?","?","E","M","E","T","E"],"items_purchased_type":["Card","Card","Card"],"build_version":"2020-12-18","purchased_purges":2,"victory":false,"max_hp_per_floor":[71,71,71,71,71,71,71,71,71,71,71,71,71,71,71,71,71,71,71,71,71,76,76,81,81,91,91,91,91,91,91,91,91,91,91,91,91,91,91,91,91,91,91,96,96],"relic_stats":{"Peace Pipe":0,"counters":[24,135],"Dead Branch":[33],"Tiny Chest":1,"Orichalcum":[78],"obtain_stats":[{"Pear":26,"NeowsBlessing":0,"RobotSpaceExplorer:PlasmaHourglass":13,"Dead Branch":39,"RobotSpaceExplorer:RoboCore":0,"The Courier":38,"RobotSpaceExplorer:Reprocessor":17,"Orichalcum":27,"White Beast Statue":9,"WarpedTongs":2,"Peace Pipe":37,"Anchor":7,"Tiny Chest":23,"WingedGreaves":12,"Coffee Dripper":34,"Toy Ornithopter":31,"Pocketwatch":40,"Meat on the Bone":42},{"Pear":13,"NeowsBlessing":0,"RobotSpaceExplorer:PlasmaHourglass":6,"Dead Branch":20,"RobotSpaceExplorer:RoboCore":0,"The Courier":19,"RobotSpaceExplorer:Reprocessor":8,"Orichalcum":14,"White Beast Statue":3,"WarpedTongs":1,"Peace Pipe":19,"Anchor":3,"Tiny Chest":12,"WingedGreaves":5,"Coffee Dripper":17,"Toy Ornithopter":16,"Pocketwatch":21,"Meat on the Bone":23},{"Pear":66,"NeowsBlessing":0,"RobotSpaceExplorer:PlasmaHourglass":21,"Dead Branch":111,"RobotSpaceExplorer:RoboCore":0,"The Courier":107,"RobotSpaceExplorer:Reprocessor":38,"Orichalcum":72,"White Beast Statue":3,"WarpedTongs":1,"Peace Pipe":107,"Anchor":3,"Tiny Chest":60,"WingedGreaves":16,"Coffee Dripper":96,"Toy Ornithopter":86,"Pocketwatch":119,"Meat on the Bone":133}],"Toy Ornithopter":67,"WarpedTongs":[127],"Pocketwatch":[12],"Meat on the Bone":0},"card_choices":[{"not_picked":["RobotSpaceExplorer:LaserBurst","RobotSpaceExplorer:GlueShot"],"picked":"RobotSpaceExplorer:Blitz","floor":1},{"not_picked":["RobotSpaceExplorer:Ammunition","RobotSpaceExplorer:MakeshiftVolley","RobotSpaceExplorer:SwiftStep"],"picked":"SKIP","floor":4},{"not_picked":["RobotSpaceExplorer:SurgingShield","RobotSpaceExplorer:LuckyStrike"],"picked":"RobotSpaceExplorer:StunGrenade","floor":7},{"not_picked":["RobotSpaceExplorer:GlueSpray","RobotSpaceExplorer:SelfCleaning"],"picked":"RobotSpaceExplorer:DoubleBlock","floor":11},{"not_picked":["RobotSpaceExplorer:LuckyStrike","RobotSpaceExplorer:GlueShot","RobotSpaceExplorer:SwiftStep"],"picked":"SKIP","floor":12},{"not_picked":["RobotSpaceExplorer:SurgingShield","RobotSpaceExplorer:BigMissile"],"picked":"RobotSpaceExplorer:GearShield","floor":13},{"not_picked":["RobotSpaceExplorer:FreezeRay","RobotSpaceExplorer:StunGrenade","RobotSpaceExplorer:DualCore"],"picked":"SKIP","floor":14},{"not_picked":["RobotSpaceExplorer:BlastShield","RobotSpaceExplorer:ChargingLaser"],"picked":"RobotSpaceExplorer:Comet","floor":16},{"not_picked":["RobotSpaceExplorer:Probe","RobotSpaceExplorer:ShovelStrike"],"picked":"RobotSpaceExplorer:FranticSearch+1","floor":18},{"not_picked":["RobotSpaceExplorer:ImprovisedAttack","RobotSpaceExplorer:SwiftStep","RobotSpaceExplorer:StunGrenade+1"],"picked":"SKIP","floor":19},{"not_picked":["RobotSpaceExplorer:MiniDrones","RobotSpaceExplorer:BigMissile","RobotSpaceExplorer:ShockKick+1"],"picked":"SKIP","floor":22},{"not_picked":["RobotSpaceExplorer:Probe","RobotSpaceExplorer:Ammunition+1","RobotSpaceExplorer:MiniDrones"],"picked":"SKIP","floor":23},{"not_picked":["RobotSpaceExplorer:Counterblock","RobotSpaceExplorer:ScrapMissile","RobotSpaceExplorer:ToxicBomb"],"picked":"SKIP","floor":24},{"not_picked":["RobotSpaceExplorer:PlasmaMissile","RobotSpaceExplorer:MiniDrones"],"picked":"RobotSpaceExplorer:HighVoltage","floor":27},{"not_picked":["RobotSpaceExplorer:StunGrenade","RobotSpaceExplorer:Smokescreen","RobotSpaceExplorer:FranticSearch"],"picked":"SKIP","floor":29},{"not_picked":["RobotSpaceExplorer:ScrapToss","RobotSpaceExplorer:ShockKick"],"picked":"RobotSpaceExplorer:ScrapMissile+1","floor":31},{"not_picked":["RobotSpaceExplorer:DroneSwarm","RobotSpaceExplorer:ShockMissile"],"picked":"RobotSpaceExplorer:Explosion","floor":33},{"not_picked":["RobotSpaceExplorer:MiniDrones","RobotSpaceExplorer:ShovelStrike"],"picked":"RobotSpaceExplorer:SelfCleaning+1","floor":35},{"not_picked":["RobotSpaceExplorer:GlueShot","RobotSpaceExplorer:DualCore","RobotSpaceExplorer:ShovelStrike"],"picked":"SKIP","floor":40},{"not_picked":["RobotSpaceExplorer:ShovelStrike","RobotSpaceExplorer:Pulsar"],"picked":"RobotSpaceExplorer:ScrapMissile","floor":41},{"not_picked":["RobotSpaceExplorer:Probe","RobotSpaceExplorer:Smokescreen"],"picked":"RobotSpaceExplorer:ScrapShield+1","floor":42}],"player_experience":1780846,"relics_obtained":[{"floor":7,"key":"Anchor"},{"floor":9,"key":"White Beast Statue"},{"floor":12,"key":"WingedGreaves"},{"floor":13,"key":"RobotSpaceExplorer:PlasmaHourglass"},{"floor":23,"key":"Tiny Chest"},{"floor":26,"key":"Pear"},{"floor":27,"key":"Orichalcum"},{"floor":31,"key":"Toy Ornithopter"},{"floor":37,"key":"Peace Pipe"},{"floor":38,"key":"The Courier"},{"floor":39,"key":"Dead Branch"},{"floor":40,"key":"Pocketwatch"},{"floor":42,"key":"Meat on the Bone"}],"event_choices":[{"damage_healed":0,"gold_gain":0,"player_choice":"Rummage","damage_taken":0,"relics_obtained":["WarpedTongs"],"max_hp_gain":0,"max_hp_loss":0,"event_name":"Accursed Blacksmith","floor":2,"gold_loss":0,"cards_obtained":["Pain"]},{"damage_healed":0,"gold_gain":0,"player_choice":"Cursed","damage_taken":0,"max_hp_gain":0,"max_hp_loss":0,"event_name":"Wheel of Change","floor":5,"gold_loss":0,"cards_obtained":["Decay"]},{"damage_healed":0,"gold_gain":0,"player_choice":"Got Potions","damage_taken":0,"max_hp_gain":0,"max_hp_loss":0,"event_name":"Lab","floor":20,"gold_loss":0},{"damage_healed":0,"gold_gain":0,"player_choice":"Ignored","damage_taken":0,"max_hp_gain":0,"max_hp_loss":0,"event_name":"Tomb of Lord Red Mask","floor":36,"gold_loss":0},{"damage_healed":0,"gold_gain":0,"player_choice":"Fight","damage_taken":0,"max_hp_gain":0,"max_hp_loss":0,"event_name":"MindBloom","floor":37,"gold_loss":0},{"damage_healed":0,"gold_gain":0,"player_choice":"Fight","damage_taken":0,"max_hp_gain":0,"max_hp_loss":0,"event_name":"Mysterious Sphere","floor":39,"gold_loss":0}],"is_beta":true,"boss_relics":[{"not_picked":["Runic Dome","RobotSpaceExplorer:TurboCore"],"picked":"RobotSpaceExplorer:Reprocessor"},{"not_picked":["Busted Crown","Empty Cage"],"picked":"Coffee Dripper"}],"items_purged_floors":[3,21],"is_endless":false,"potions_floor_spawned":[1,11,12,13,14,16,18,19,22,23,24,27,29,31,33,35,37,39,40,41,42],"killed_by":"Reptomancer","ascension_level":16}}