{"host":"i41n6wh529970c2c","time":1610061345,"event":{"mods":["Act Like it!","BaseMod","BetterRewards","Friendly Minions","Gold Saver","Hallownest","Hermit","Minty Spire (QoL Compilation)","Replay The Spire","Shop Mod","StSLib","The Bug Knight"],"gold_per_floor":[260,24,42,60,60,60,86,102,102,135,35,51,64,94,94,192,192,206,221,365,432,444,474,492,518,518,611,611,667,577,607,607,733,733,763,678,678,760,760],"floor_reached":38,"playtime":47119,"items_purged":["HollowMod:NailStrikeStart","HollowMod:QuickDashStart"],"score":711,"play_id":"10de187a-61c2-4040-8d87-aaaff4007279","local_time":"20210107181544","is_ascension_mode":true,"campfire_choices":[{"data":"HollowMod:MantisMark","floor":6.0,"key":"SMITH"},{"data":"HollowMod:AwokenDreamNail","floor":15.0,"key":"SMITH"},{"data":"HollowMod:CycloneSlash","floor":28.0,"key":"SMITH"},{"data":"HollowMod:MidwifesHunger","floor":32.0,"key":"SMITH"}],"circlet_count":0,"master_deck":["HollowMod:NailStrikeStart","HollowMod:NailStrikeStart","HollowMod:QuickDashStart+1","HollowMod:QuickDashStart","HollowMod:FocusHealStart","HollowMod:PogoStrike","HollowMod:GoodIntentions+1","HollowMod:MantisMark+1","HollowMod:PerfectDash","HollowMod:HeavyBlow","HollowMod:CycloneSlash+1","HollowMod:LifebloodCocoon","HollowMod:SoulSplash","HollowMod:DreamGate","HollowMod:HowlingWraiths","HollowMod:AwokenDreamNail+1","HollowMod:MidwifesHunger+1","HollowMod:QuirrelsAssistance","HollowMod:ChannelNail","ReplayTheSpireMod:Splinters","HollowMod:NewJinnsSoul","HollowMod:NewLittleFool","HollowMod:MantisMark","HollowMod:MantisMark+1","HollowMod:VengefulSpirit","HollowMod:SoulEater","HollowMod:ZotesMagnificence","HollowMod:GoodIntentions+1","Hallownest:skillKingdomsEdgeMap"],"relics":["HollowMod:KingsSoulRelic","CaptainsWheel","Ornamental Fan","Matryoshka","War Paint","HollowMod:KingsBrand","Velvet Choker","ReplayTheSpireMod:TigerMarble","TungstenRod","ReplayTheSpireMod:Shallot","Replay:Bandana","Letter Opener","MealTicket","Hallownest:StagBellRelic1"],"acts_visited":["Hallownest:Greenpath","Hallownest:CityofTears","Hallownest:KingdomsEdge"],"potions_floor_usage":[38,38],"damage_taken":[{"damage":0.0,"enemies":"Hallownest:monsterHuskGuard","floor":1.0,"turns":4.0},{"damage":0.0,"enemies":"Hallownest:2_Tiktiks_and_1_Crawlid","floor":3.0,"turns":3.0},{"damage":0.0,"enemies":"Hallownest:monsterHuskWarrior","floor":4.0,"turns":4.0},{"damage":13.0,"enemies":"Hallownest:monsterMarmu","floor":5.0,"turns":7.0},{"damage":15.0,"enemies":"Hallownest:eliteMossKnight","floor":7.0,"turns":8.0},{"damage":11.0,"enemies":"Hallownest:1_Ooma_and_2_Uuma","floor":8.0,"turns":6.0},{"damage":6.0,"enemies":"Hallownest:eliteVengeflyKing","floor":10.0,"turns":7.0},{"damage":4.0,"enemies":"Hallownest:1_Baldur_1_Crawlid_1_Warrior","floor":12.0,"turns":4.0},{"damage":0.0,"enemies":"Hallownest:monsterMossCharger","floor":13.0,"turns":4.0},{"damage":4.0,"enemies":"Hallownest:eliteMossKnight","floor":14.0,"turns":4.0},{"damage":36.0,"enemies":"Hallownest:BossFalseKnight","floor":16.0,"turns":10.0},{"damage":0.0,"enemies":"Hallownest:Flukemon_and_Top","floor":18.0,"turns":4.0},{"damage":0.0,"enemies":"Hallownest:3_Youths","floor":19.0,"turns":5.0},{"damage":2.0,"enemies":"Hallownest:Glutton_and_Coward","floor":21.0,"turns":3.0},{"damage":18.0,"enemies":"Hallownest:2_Husk_Sentries","floor":22.0,"turns":5.0},{"damage":5.0,"enemies":"Hallownest:eliteSoulWarrior","floor":23.0,"turns":9.0},{"damage":0.0,"enemies":"Hallownest:Warrior_and_Youth","floor":24.0,"turns":5.0},{"damage":2.0,"enemies":"Hallownest:Nosk","floor":25.0,"turns":8.0},{"damage":7.0,"enemies":"Hallownest:Glutton_and_Coward","floor":27.0,"turns":4.0},{"damage":22.0,"enemies":"Hallownest:eliteWatcherKnight","floor":29.0,"turns":9.0},{"damage":3.0,"enemies":"Hallownest:Master_and_Novice","floor":31.0,"turns":5.0},{"damage":21.0,"enemies":"Hallownest:BossSoulMaster","floor":33.0,"turns":10.0},{"damage":5.0,"enemies":"Hallownest:3_Siblings","floor":35.0,"turns":6.0},{"damage":0,"enemies":"Hallownest:3_Siblings","floor":38,"turns":4},{"damage":0,"enemies":"Hallownest:3_Siblings","floor":38,"turns":5},{"damage":40,"enemies":"Hallownest:3_Siblings","floor":38,"turns":5}],"seed_played":"-5915786139826458639","potions_obtained":[{"floor":3.0,"key":"DuplicationPotion"},{"floor":10.0,"key":"SkillPotion"},{"floor":12.0,"key":"Adrenaline Potion"},{"floor":14.0,"key":"ColorlessPotion"},{"floor":16.0,"key":"Block Potion"},{"floor":18.0,"key":"Dexterity Potion"},{"floor":20.0,"key":"AttackPotion"},{"floor":22.0,"key":"Elixir"},{"floor":23.0,"key":"Ancient Potion"},{"floor":25.0,"key":"SteroidPotion"},{"floor":33.0,"key":"Energy Potion"},{"floor":35.0,"key":"SpeedPotion"}],"is_trial":false,"path_per_floor":["M","$","M","M","?","R","E","M","T","E","$","M","M","E","R","B",null,"M","M","?","M","M","E","M","E","T","M","R","E","?","M","R","B",null,"M","?","?","?"],"character_chosen":"THE_BUGKNIGHT","items_purchased":["HollowMod:MantisMark","HollowMod:PerfectDash"],"campfire_rested":0,"item_purchase_floors":[2,2],"current_hp_per_floor":[75,75,75,75,68,68,53,48,48,48,48,50,50,52,52,22,75,75,75,75,73,57,58,68,72,72,71,71,49,49,52,52,37,75,70,70,70,36,36],"gold":760,"neow_bonus":"","is_daily":false,"chose_seed":false,"campfire_upgraded":4,"win_rate":0.0,"timestamp":1610061344,"path_taken":["M","$","M","M","?","R","E","M","T","E","$","M","M","E","R","BOSS","M","M","?","M","M","E","M","E","T","?","R","E","?","M","R","BOSS","M","?","?","?"],"items_purchased_type":["Card","Card"],"build_version":"2020-12-22","purchased_purges":2,"victory":false,"max_hp_per_floor":[75,75,75,75,75,75,75,75,75,75,75,75,75,75,75,75,75,75,75,75,75,75,75,75,75,75,75,75,75,75,75,75,75,75,75,75,70,70,70],"card_choices":[{"not_picked":["HollowMod:TaintedHusks","HollowMod:VengefulVoid"],"picked":"HollowMod:GoodIntentions","floor":1.0},{"not_picked":["HollowMod:AbyssShriek","HollowMod:LifebloodCocoon"],"picked":"HollowMod:HeavyBlow","floor":3.0},{"not_picked":["HollowMod:DescendingDark","HollowMod:InfectedAttack"],"picked":"HollowMod:CycloneSlash","floor":4.0},{"not_picked":["HollowMod:SharpenedShadows","HollowMod:VengefulVoid"],"picked":"HollowMod:LifebloodCocoon","floor":7.0},{"not_picked":["HollowMod:MothsMistake","HollowMod:QuirrelsAssistance"],"picked":"HollowMod:SoulSplash","floor":8.0},{"not_picked":["HollowMod:WraithStrike","HollowMod:RecoilStrike"],"picked":"HollowMod:DreamGate","floor":10.0},{"not_picked":["HollowMod:RecoilStrike","HollowMod:DescendingDark","HollowMod:DashSlash"],"picked":"SKIP","floor":12.0},{"not_picked":["HollowMod:ElderbugsWisdom","HollowMod:SoulVessel"],"picked":"HollowMod:HowlingWraiths","floor":13.0},{"not_picked":["HollowMod:ElderbugsWisdom","HollowMod:CloakDash"],"picked":"HollowMod:AwokenDreamNail","floor":14.0},{"not_picked":["HollowMod:NewInfectedGuardian","HollowMod:PaleKingsBlessing"],"picked":"HollowMod:MidwifesHunger","floor":16.0},{"not_picked":["HollowMod:SharpenedNail","HollowMod:SoulStrike"],"picked":"HollowMod:QuirrelsAssistance","floor":18.0},{"not_picked":["HollowMod:HeavyBlow","HollowMod:GoodIntentions+1"],"picked":"HollowMod:ChannelNail","floor":19.0},{"not_picked":["HollowMod:QuirrelsAssistance","HollowMod:SiblingsSouls"],"picked":"HollowMod:NewJinnsSoul","floor":20.0},{"not_picked":["HollowMod:FallenFury","HollowMod:DescendingDark"],"picked":"HollowMod:NewLittleFool","floor":20.0},{"not_picked":["HollowMod:DescendingDark","HollowMod:SoulStrike+1","HollowMod:PaleKingsBlessing"],"picked":"SKIP","floor":21.0},{"not_picked":["HollowMod:MawleksShell","HollowMod:ShadowDash"],"picked":"HollowMod:MantisMark","floor":22.0},{"not_picked":["HollowMod:VengefulVoid+1","HollowMod:BlackTendrils+1"],"picked":"HollowMod:MantisMark+1","floor":23.0},{"not_picked":["HollowMod:BrokenVessel","HollowMod:TaintedHusks+1","HollowMod:AbyssShriek"],"picked":"SKIP","floor":24.0},{"not_picked":["HollowMod:WraithStrike","HollowMod:SoulVessel"],"picked":"HollowMod:VengefulSpirit","floor":25.0},{"not_picked":["HollowMod:MawleksShell","HollowMod:InfectionAssault","HollowMod:VengefulSpirit"],"picked":"SKIP","floor":27.0},{"not_picked":["HollowMod:VengefulVoid","HollowMod:GoodIntentions"],"picked":"HollowMod:SoulEater","floor":29.0},{"not_picked":["HollowMod:CloakDash","HollowMod:LifebloodCocoon","HollowMod:BlackTendrils"],"picked":"SKIP","floor":31.0},{"not_picked":["HollowMod:Hiveblood","HollowMod:RadiancesLament"],"picked":"HollowMod:ZotesMagnificence","floor":33.0},{"not_picked":["HollowMod:CrystalDash+1","HollowMod:DescendingDark"],"picked":"HollowMod:GoodIntentions+1","floor":35.0}],"player_experience":929687,"relics_obtained":[{"floor":7.0,"key":"Ornamental Fan"},{"floor":9.0,"key":"Matryoshka"},{"floor":10.0,"key":"War Paint"},{"floor":14.0,"key":"HollowMod:KingsBrand"},{"floor":20.0,"key":"ReplayTheSpireMod:TigerMarble"},{"floor":23.0,"key":"TungstenRod"},{"floor":25.0,"key":"ReplayTheSpireMod:Shallot"},{"floor":26.0,"key":"Replay:Bandana"},{"floor":26.0,"key":"Letter Opener"},{"floor":29.0,"key":"MealTicket"}],"event_choices":[],"is_beta":false,"boss_relics":[{"not_picked":["Kintsugi","Painkiller Herb"],"picked":"Velvet Choker"},{"not_picked":["Replay:Wanted Poster","Runic Dome"],"picked":"HollowMod:KingsSoulRelic"}],"items_purged_floors":[2,11],"is_endless":false,"potions_floor_spawned":[3,5,10,12,14,16,18,22,23,25,33,35],"killed_by":"Hallownest:3_Siblings","ascension_level":3}}