{"host":"g01l53quoe6lrer0","time":1610018337,"event":{"mods":["2.2 Compatiblity","AchievementEnabler","BaseMod","Colored Map","Highlight Path","Keyboard Shortcuts","Minty Spire (QoL Compilation)","Permanent Neow","StSLib","SuperFastMode","everything is the same but u backflip on backflip"],"gold_per_floor":[366,366,379,379,379,379,396,179,205,205,216,216,234,244,244,344,344,357,357,357,367,217,217,229,248,300,300,300],"floor_reached":27,"playtime":561,"items_purged":["Strike_R","Bite"],"score":230,"play_id":"5520f8b8-f6ec-419e-b8d8-8c9354ed702e","local_time":"20210107201857","is_ascension_mode":false,"campfire_choices":[{"data":"Bash","floor":6.0,"key":"SMITH"},{"data":"Inflame","floor":10.0,"key":"SMITH"},{"data":"Heavy Blade","floor":15.0,"key":"SMITH"},{"floor":23.0,"key":"REST"}],"circlet_count":0,"master_deck":["Defend_R","Defend_R","Defend_R","Defend_R","Bash+1","Dark Embrace+1","Shrug It Off","Wild Strike","Inflame+1","Pummel","Twin Strike","Heavy Blade+1","Exhume","Flex","Bite","Bite","Bite","Bite","Dual Wield+1","Uppercut","Shrug It Off"],"relics":["Burning Blood"],"acts_visited":["Exordium","TheCity"],"potions_floor_usage":[],"damage_taken":[{"damage":3.0,"enemies":"Jaw Worm","floor":1.0,"turns":5.0},{"damage":0.0,"enemies":"2 Louse","floor":3.0,"turns":2.0},{"damage":0.0,"enemies":"Small Slimes","floor":7.0,"turns":3.0},{"damage":9.0,"enemies":"Blue Slaver","floor":11.0,"turns":3.0},{"damage":15.0,"enemies":"Exordium Thugs","floor":13.0,"turns":3.0},{"damage":7.0,"enemies":"3 Louse","floor":14.0,"turns":4.0},{"damage":53.0,"enemies":"The Guardian","floor":16.0,"turns":12.0},{"damage":19.0,"enemies":"Spheric Guardian","floor":18.0,"turns":4.0},{"damage":34.0,"enemies":"Shell Parasite","floor":21.0,"turns":5.0},{"damage":36.0,"enemies":"Centurion and Healer","floor":24.0,"turns":9.0},{"damage":33.0,"enemies":"Shelled Parasite and Fungi","floor":25.0,"turns":3.0},{"damage":0,"enemies":"Cultist and Chosen","floor":27,"turns":1}],"seed_played":"1074498285440331078","potions_obtained":[{"floor":1.0,"key":"LiquidBronze"},{"floor":13.0,"key":"Strength Potion"},{"floor":16.0,"key":"LiquidMemories"},{"floor":21.0,"key":"PowerPotion"},{"floor":24.0,"key":"CultistPotion"}],"is_trial":false,"path_per_floor":["M","?","M","?","?","R","M","$","T","R","M","T","M","M","R","B",null,"M","?","?","M","$","R","M","M","T","M"],"character_chosen":"IRONCLAD","items_purchased":["Inflame","Pummel","SteroidPotion"],"campfire_rested":1,"item_purchase_floors":[8,8,22],"current_hp_per_floor":[80,64,70,63,68,68,74,74,74,74,71,71,62,61,61,14,85,72,59,49,35,35,54,42,21,21,21,21],"gold":300,"neow_bonus":"TWO_FIFTY_GOLD","is_daily":false,"chose_seed":false,"campfire_upgraded":3,"win_rate":0.0,"timestamp":1610018337,"path_taken":["M","?","M","?","?","R","?","$","T","R","M","?","M","M","R","BOSS","M","?","?","M","$","R","M","M","T","M"],"items_purchased_type":["Card","Card","Potion"],"build_version":"2020-12-22","purchased_purges":2,"victory":false,"max_hp_per_floor":[80,80,80,80,85,85,85,85,85,85,85,85,85,85,85,85,85,85,59,64,64,64,64,64,64,64,64,64],"card_choices":[{"not_picked":["True Grit","Thunderclap"],"picked":"Dark Embrace","floor":1.0},{"not_picked":["Pommel Strike","Sword Boomerang"],"picked":"Shrug It Off","floor":3.0},{"not_picked":["Bloodletting","Shrug It Off"],"picked":"Wild Strike","floor":7.0},{"not_picked":["Clothesline","Thunderclap"],"picked":"Twin Strike","floor":11.0},{"not_picked":["Clash","Twin Strike"],"picked":"Heavy Blade","floor":13.0},{"not_picked":["Sentinel","Havoc","Perfected Strike"],"picked":"SKIP","floor":14.0},{"not_picked":["Impervious","Juggernaut"],"picked":"Exhume","floor":16.0},{"not_picked":["Fire Breathing","True Grit+1"],"picked":"Flex","floor":18.0},{"not_picked":["Anger","Clothesline"],"picked":"Dual Wield+1","floor":21.0},{"not_picked":["Clash","Havoc"],"picked":"Uppercut","floor":24.0},{"not_picked":["Carnage","Body Slam+1"],"picked":"Shrug It Off","floor":25.0}],"player_experience":56808,"relics_obtained":[],"event_choices":[{"damage_healed":0.0,"max_hp_gain":0.0,"max_hp_loss":0.0,"gold_gain":0.0,"event_name":"Shining Light","player_choice":"Entered Light","floor":2.0,"gold_loss":0.0,"damage_taken":16.0,"cards_upgraded":["Strike_R","Dark Embrace"]},{"cards_removed":["Writhe"],"damage_healed":0.0,"max_hp_gain":0.0,"max_hp_loss":0.0,"gold_gain":0.0,"event_name":"Golden Wing","player_choice":"Card Removal","floor":4.0,"gold_loss":0.0,"damage_taken":7.0},{"damage_healed":0.0,"max_hp_gain":5.0,"max_hp_loss":0.0,"gold_gain":0.0,"event_name":"Big Fish","player_choice":"Donut","floor":5.0,"gold_loss":0.0,"damage_taken":0.0},{"damage_healed":0.0,"max_hp_gain":0.0,"max_hp_loss":26.0,"gold_gain":0.0,"event_name":"Vampires","player_choice":"Became a vampire","floor":19.0,"gold_loss":0.0,"damage_taken":0.0,"cards_obtained":["Bite","Bite","Bite","Bite","Bite"]},{"damage_healed":0.0,"max_hp_gain":5.0,"max_hp_loss":0.0,"gold_gain":0.0,"event_name":"Forgotten Altar","player_choice":"Shed Blood","floor":20.0,"gold_loss":0.0,"damage_taken":15.0}],"is_beta":false,"boss_relics":[{"not_picked":[]}],"items_purged_floors":[8,22],"is_endless":false,"potions_floor_spawned":[1,13,16,21,24],"killed_by":"Cultist and Chosen","ascension_level":0}}