{"host":"Connor","time":1610056509,"event":{"mods":["BaseMod","Downfall","Marisa????????","Minty Spire (QoL Compilation)","Replay The Spire","StSLib","The Animator","The Cursed","The Jungle","The Servant 0.9.4"],"gold_per_floor":[114,164,33,43,18,51,51,71,94,94,94],"floor_reached":10,"playtime":443,"items_purged":["Strike_B"],"score":132,"play_id":"39628fbc-91a8-4a83-89a0-3fe32343be00","local_time":"20210107135509","is_ascension_mode":true,"campfire_choices":[{"floor":7,"key":"REST"}],"circlet_count":0,"master_deck":["AscendersBane","Strike_B","Strike_B","Strike_B","Defend_B","Defend_B","Defend_B","Defend_B","Zap","Dualcast","Creative AI","Lockon","Hologram","White Noise","Leap","Ball Lightning","Biased Cognition"],"relics":["Cracked Core","Boot"],"acts_visited":["Exordium"],"potions_floor_usage":[6],"damage_taken":[{"damage":4,"enemies":"Small Slimes","floor":1,"turns":3},{"damage":7,"enemies":"Cultist","floor":4,"turns":6},{"damage":36,"enemies":"Lagavulin","floor":6,"turns":9},{"damage":8,"enemies":"2 Louse","floor":8,"turns":4},{"damage":31,"enemies":"Gremlin Nob","floor":10,"turns":3}],"seed_played":"-8442065489028921190","potions_obtained":[{"floor":1,"key":"Milkshake"},{"floor":4,"key":"sneckomod:MuddlingPotion"},{"floor":6,"key":"Ancient Potion"}],"is_trial":false,"path_per_floor":["M","?","$","M","$","E","R","M","T","E"],"character_chosen":"DEFECT","items_purchased":["Hologram","Leap"],"campfire_rested":1,"item_purchase_floors":[3,5],"current_hp_per_floor":[60,53,53,46,46,10,31,23,23,0,0],"gold":94,"neow_bonus":"ONE_RANDOM_RARE_CARD","is_daily":false,"chose_seed":false,"campfire_upgraded":0,"win_rate":0.0,"timestamp":1610056509,"path_taken":["M","?","$","M","?","E","R","M","T","E"],"items_purchased_type":["Card","Card"],"build_version":"2020-12-18","purchased_purges":1,"victory":false,"max_hp_per_floor":[71,71,71,71,71,71,71,71,71,71,71],"card_choices":[{"not_picked":["FTL","Rebound"],"picked":"Lockon","floor":1},{"not_picked":["Recycle","Redo"],"picked":"White Noise","floor":4},{"not_picked":["Streamline","Panic Button"],"picked":"Ball Lightning","floor":6},{"not_picked":["Steam Power","Ball Lightning"],"picked":"Biased Cognition","floor":8}],"player_experience":557942,"relics_obtained":[{"floor":6,"key":"Boot"}],"event_choices":[{"damage_healed":0,"gold_gain":50,"player_choice":"Touch","damage_taken":7,"max_hp_gain":0,"max_hp_loss":0,"event_name":"FaceTrader","floor":2,"gold_loss":0}],"is_beta":true,"boss_relics":[],"items_purged_floors":[3],"is_endless":false,"potions_floor_spawned":[1,4,6],"killed_by":"Gremlin Nob","ascension_level":20}}