{"host":"jpzdg3po3tjxdjri","time":1610051927,"event":{"mods":["BaseMod","Better Third Choice","Colored Map","Colored Powertips","Minty Spire (QoL Compilation)","StSLib"],"gold_per_floor":[109,126,301,301,301,301,146,172,223,257,273,37,37,18,18,89,89,107,118,58,58,70,70,100,118,118,118,143,1,34,34,34,34,34],"floor_reached":33,"playtime":752,"items_purged":["Strike_R","Strike_R"],"score":525,"play_id":"84c8da19-0819-4804-beae-dacae4d63878","local_time":"20210107203847","is_ascension_mode":true,"campfire_choices":[{"data":"Bash","floor":6,"key":"SMITH"},{"data":"Flex","floor":15,"key":"SMITH"},{"data":"Inflame","floor":23,"key":"SMITH"},{"data":"Rampage","floor":27,"key":"SMITH"},{"floor":32,"key":"REST"}],"circlet_count":0,"master_deck":["AscendersBane","Strike_R","Strike_R","Strike_R","Defend_R","Defend_R","Defend_R","Defend_R","Bash+1","Cleave","Headbutt","Rampage+1","Inflame+1","Flex+1","Clothesline","Immolate","Flame Barrier","Heavy Blade","Shrug It Off","Bloodletting","Headbutt","Demon Form+1","Metallicize+1","Sword Boomerang"],"relics":["Burning Blood","Bronze Scales","Red Skull","Turnip","MealTicket","The Courier","ClockworkSouvenir","Vajra","Anchor","Philosopher\u0027s Stone","Frozen Egg 2","Bag of Marbles","Centennial Puzzle","Meat on the Bone","TungstenRod"],"acts_visited":["Exordium","TheCity"],"potions_floor_usage":[16,16,22,24,28,33],"damage_taken":[{"damage":6,"enemies":"Jaw Worm","floor":1,"turns":5},{"damage":0,"enemies":"Small Slimes","floor":2,"turns":3},{"damage":30,"enemies":"3 Sentries","floor":8,"turns":6},{"damage":30,"enemies":"Lagavulin","floor":10,"turns":5},{"damage":0,"enemies":"2 Louse","floor":11,"turns":2},{"damage":45,"enemies":"Hexaghost","floor":16,"turns":9},{"damage":12,"enemies":"Shell Parasite","floor":18,"turns":4},{"damage":7,"enemies":"Spheric Guardian","floor":19,"turns":3},{"damage":9,"enemies":"3 Cultists","floor":22,"turns":3},{"damage":35,"enemies":"Book of Stabbing","floor":24,"turns":5},{"damage":9,"enemies":"Shelled Parasite and Fungi","floor":25,"turns":4},{"damage":8,"enemies":"Slavers","floor":28,"turns":2},{"damage":33,"enemies":"Gremlin Leader","floor":30,"turns":5},{"damage":64,"enemies":"Collector","floor":33,"turns":5}],"seed_played":"-6547171039959212107","potions_obtained":[{"floor":2,"key":"Swift Potion"},{"floor":10,"key":"Energy Potion"},{"floor":16,"key":"SpeedPotion"},{"floor":18,"key":"Explosive Potion"},{"floor":19,"key":"Dexterity Potion"},{"floor":25,"key":"Strength Potion"},{"floor":30,"key":"BlessingOfTheForge"}],"is_trial":false,"path_per_floor":["M","M","?","?","?","R","$","E","T","E","M","$","T","$","R","B",null,"M","M","$","?","M","R","E","M","T","R","E","$","E","?","R","B"],"character_chosen":"IRONCLAD","items_purchased":["Red Skull","ClockworkSouvenir","Vajra","Clothesline","Metallicize+1"],"campfire_rested":1,"item_purchase_floors":[7,12,12,14,29],"current_hp_per_floor":[68,74,74,74,79,79,79,55,55,31,37,52,52,67,67,28,67,61,60,75,75,72,72,43,40,40,40,38,53,38,38,62,0,0],"gold":34,"neow_bonus":"RANDOM_COMMON_RELIC","is_daily":false,"chose_seed":false,"campfire_upgraded":4,"win_rate":0.0,"timestamp":1610051927,"path_taken":["M","M","?","?","?","R","$","E","T","E","M","$","?","$","R","BOSS","M","M","$","?","M","R","E","M","T","R","E","$","E","?","R","BOSS"],"items_purchased_type":["Relic","Relic","Relic","Card","Card"],"build_version":"2020-12-22","purchased_purges":2,"victory":false,"max_hp_per_floor":[75,75,75,75,80,80,80,80,80,80,80,80,80,80,80,80,80,80,80,80,80,80,80,80,80,80,80,80,80,80,80,80,80,80],"card_choices":[{"not_picked":["Armaments","Infernal Blade"],"picked":"Cleave","floor":1},{"not_picked":["Havoc","Burning Pact"],"picked":"Headbutt","floor":2},{"not_picked":["Power Through","Twin Strike"],"picked":"Rampage","floor":8},{"not_picked":["Havoc","Fire Breathing"],"picked":"Inflame","floor":10},{"not_picked":["Sentinel","Feel No Pain"],"picked":"Flex","floor":11},{"not_picked":["Offering","Berserk"],"picked":"Immolate","floor":16},{"not_picked":["Armaments","Wild Strike"],"picked":"Flame Barrier","floor":18},{"not_picked":["Anger","Clothesline"],"picked":"Heavy Blade","floor":19},{"not_picked":["Clash","Sword Boomerang"],"picked":"Shrug It Off","floor":22},{"not_picked":["Body Slam","Wild Strike"],"picked":"Bloodletting","floor":24},{"not_picked":["Perfected Strike","Clothesline"],"picked":"Headbutt","floor":25},{"not_picked":["Warcry","Rage"],"picked":"Demon Form+1","floor":28},{"not_picked":["Perfected Strike","Rupture+1"],"picked":"Sword Boomerang","floor":30}],"player_experience":824935,"relics_obtained":[{"floor":8,"key":"Turnip"},{"floor":9,"key":"MealTicket"},{"floor":10,"key":"The Courier"},{"floor":13,"key":"Anchor"},{"floor":24,"key":"Bag of Marbles"},{"floor":26,"key":"Centennial Puzzle"},{"floor":28,"key":"Meat on the Bone"},{"floor":30,"key":"TungstenRod"}],"event_choices":[{"damage_healed":0,"gold_gain":175,"player_choice":"AGREE","damage_taken":126,"max_hp_gain":0,"max_hp_loss":0,"event_name":"betterThird:BetterSerpent","floor":3,"gold_loss":0},{"cards_removed":["Doubt"],"damage_healed":0,"gold_gain":0,"player_choice":"Forget","damage_taken":0,"max_hp_gain":0,"max_hp_loss":0,"event_name":"Living Wall","floor":4,"gold_loss":0},{"damage_healed":0,"gold_gain":0,"player_choice":"Donut","damage_taken":0,"max_hp_gain":5,"max_hp_loss":0,"event_name":"Big Fish","floor":5,"gold_loss":0},{"damage_healed":0,"gold_gain":0,"player_choice":"Opened","damage_taken":0,"relics_obtained":["Frozen Egg 2"],"max_hp_gain":0,"max_hp_loss":0,"event_name":"The Mausoleum","floor":21,"gold_loss":0},{"damage_healed":0,"gold_gain":0,"player_choice":"Ignored","damage_taken":0,"max_hp_gain":0,"max_hp_loss":0,"event_name":"Ghosts","floor":31,"gold_loss":0}],"is_beta":false,"boss_relics":[{"not_picked":["Runic Dome","Black Blood"],"picked":"Philosopher\u0027s Stone"}],"items_purged_floors":[20,29],"is_endless":false,"potions_floor_spawned":[2,10,16,18,19,25,30],"killed_by":"Collector","ascension_level":14}}