{"host":"t0r9wuv4zaiwets7","time":1610053243,"event":{"mods":["AchievementEnabler","BaseMod","Bestiary","Colored Map","Colored Powertips","Highlight Path","Minty Spire (QoL Compilation)","StSLib"],"gold_per_floor":[109,119,134,154,174,174,187,187,239,255,5,23,58,68,68,172,172,184,259,277,277,277],"floor_reached":21,"playtime":1337,"items_purged":["Strike_R"],"score":206,"play_id":"d329f170-5ac8-475a-a764-26158f7c9a11","local_time":"20210107130043","is_ascension_mode":true,"campfire_choices":[{"data":"Dual Wield","floor":6.0,"key":"SMITH"},{"data":"Armaments","floor":15.0,"key":"SMITH"}],"circlet_count":0,"master_deck":["Strike_R+1","Strike_R","Strike_R","Strike_R","Defend_R+1","Defend_R","Defend_R","Defend_R","Bash","Rampage","Iron Wave","Dual Wield+1","Thunderclap","Impervious","Entrench","Armaments+1","Body Slam","Shrug It Off","Cleave","Battle Trance","Berserk","Heavy Blade+1","Uppercut+1"],"relics":["Burning Blood","Unceasing Top","Happy Flower","HandDrill","The Courier","Black Star"],"acts_visited":["Exordium","TheCity"],"potions_floor_usage":[21],"damage_taken":[{"damage":1.0,"enemies":"Cultist","floor":1.0,"turns":3.0},{"damage":7.0,"enemies":"Jaw Worm","floor":2.0,"turns":3.0},{"damage":11.0,"enemies":"2 Louse","floor":3.0,"turns":3.0},{"damage":22.0,"enemies":"Looter","floor":4.0,"turns":3.0},{"damage":15.0,"enemies":"2 Fungi Beasts","floor":5.0,"turns":4.0},{"damage":19.0,"enemies":"Large Slime","floor":7.0,"turns":6.0},{"damage":7.0,"enemies":"Blue Slaver","floor":10.0,"turns":4.0},{"damage":10.0,"enemies":"Gremlin Gang","floor":12.0,"turns":4.0},{"damage":1.0,"enemies":"3 Sentries","floor":13.0,"turns":7.0},{"damage":2.0,"enemies":"3 Louse","floor":14.0,"turns":3.0},{"damage":23.0,"enemies":"Slime Boss","floor":16.0,"turns":9.0},{"damage":35.0,"enemies":"Shell Parasite","floor":18.0,"turns":9.0},{"damage":17,"enemies":"3 Byrds","floor":20,"turns":4},{"damage":29,"enemies":"Snake Plant","floor":21,"turns":3}],"seed_played":"-8314650829828454908","potions_obtained":[{"floor":2.0,"key":"BloodPotion"},{"floor":3.0,"key":"Explosive Potion"},{"floor":5.0,"key":"Strength Potion"},{"floor":7.0,"key":"Dexterity Potion"},{"floor":16.0,"key":"Ancient Potion"},{"floor":20,"key":"SkillPotion"}],"is_trial":false,"path_per_floor":["M","M","M","M","M","R","M","?","T","M","$","M","E","M","R","B",null,"M","?","M","M"],"character_chosen":"IRONCLAD","items_purchased":["HandDrill","Body Slam"],"campfire_rested":0,"item_purchase_floors":[11,11],"current_hp_per_floor":[72,71,66,50,41,41,28,14,14,13,13,9,28,32,32,15,72,43,36,25,0,0],"gold":277,"neow_bonus":"ONE_RARE_RELIC","is_daily":false,"chose_seed":false,"campfire_upgraded":2,"win_rate":0.0,"timestamp":1610053243,"path_taken":["M","M","M","M","?","R","M","?","T","M","$","M","E","M","R","BOSS","M","?","?","M"],"items_purchased_type":["Relic","Card"],"build_version":"2020-12-22","purchased_purges":1,"victory":false,"max_hp_per_floor":[72,72,72,72,72,72,72,72,72,72,72,72,72,72,72,72,72,72,72,72,72,72],"card_choices":[{"not_picked":["Perfected Strike","Sword Boomerang"],"picked":"Rampage","floor":1.0},{"not_picked":["Sword Boomerang","Inflame"],"picked":"Iron Wave","floor":2.0},{"not_picked":["Rampage","Combust"],"picked":"Dual Wield","floor":3.0},{"not_picked":["Flex","Twin Strike"],"picked":"Thunderclap","floor":4.0},{"not_picked":["Body Slam","Shrug It Off"],"picked":"Impervious","floor":5.0},{"not_picked":["Pommel Strike","Sword Boomerang"],"picked":"Entrench","floor":7.0},{"not_picked":["Seeing Red","Hemokinesis"],"picked":"Armaments","floor":10.0},{"not_picked":["Sever Soul","Anger"],"picked":"Shrug It Off","floor":12.0},{"not_picked":["Armaments","Ghostly Armor"],"picked":"Cleave","floor":13.0},{"not_picked":["Perfected Strike","Corruption"],"picked":"Battle Trance","floor":14.0},{"not_picked":["Immolate","Bludgeon"],"picked":"Berserk","floor":16.0},{"not_picked":["Shrug It Off","Blood for Blood"],"picked":"Heavy Blade+1","floor":18.0},{"not_picked":["Rampage+1","Dual Wield"],"picked":"Uppercut+1","floor":20}],"player_experience":150849,"relics_obtained":[{"floor":9.0,"key":"Happy Flower"},{"floor":13.0,"key":"The Courier"}],"event_choices":[{"damage_healed":0.0,"max_hp_gain":0.0,"max_hp_loss":0.0,"gold_gain":0.0,"event_name":"Shining Light","player_choice":"Entered Light","floor":8.0,"gold_loss":0.0,"damage_taken":14.0,"cards_upgraded":["Strike_R","Defend_R"]},{"damage_healed":0,"gold_gain":75,"player_choice":"Touch","damage_taken":7,"max_hp_gain":0,"max_hp_loss":0,"event_name":"FaceTrader","floor":19,"gold_loss":0}],"is_beta":false,"boss_relics":[{"not_picked":["SlaversCollar","Velvet Choker"],"picked":"Black Star"}],"items_purged_floors":[11],"is_endless":false,"potions_floor_spawned":[2,3,5,7,16,20],"killed_by":"Snake Plant","ascension_level":2}}