{"host":"1kq2ingo3j45gyyp","time":1610056034,"event":{"mods":["BaseMod","Better Note","Better Third Choice","Downfall","Minty Spire (QoL Compilation)","StSLib"],"gold_per_floor":[99,115,290,290,310,410,410,168,180,30,60,11,27,39,49,150,150,150,167,181,0,0,12,12,27,59,59,59,59,59,72,82,187,187,112,126,32,43,58,77,130,121,153,170,190,190,207,62,72,72,72,99,21,21,21],"floor_reached":56,"playtime":3842,"items_purged":["Guardian:Defend_Guardian","Guardian:Defend_Guardian"],"score":1295,"play_id":"79a9cc11-c8a0-4271-ad2c-f408b91e5c91","local_time":"20210107164714","is_ascension_mode":false,"campfire_choices":[{"floor":1,"key":"RECALL"},{"floor":10,"key":"REST"},{"data":"Guardian:CompilePackage","floor":18,"key":"SMITH"},{"data":"Guardian:PiercingHide","floor":27,"key":"SMITH"},{"data":"expansioncontent:QuickStudy","floor":29,"key":"SMITH"},{"data":"Guardian:Harden","floor":35,"key":"SMITH"},{"floor":46,"key":"REST"},{"data":"Guardian:ChargeUp","floor":54,"key":"SMITH"}],"circlet_count":0,"master_deck":["Guardian:Defend_Guardian","Guardian:Defend_Guardian","Guardian:CurlUp+1","Guardian:TwinSlam+1","Guardian:ChargeUp+1","Guardian:PiercingHide+1","Guardian:SpikerProtocol","Guardian:FloatingOrbs","Guardian:Harden+1","Guardian:ShieldCharger","Guardian:CompilePackage+1","Guardian:SpikerProtocol","expansioncontent:QuickStudy+1","Guardian:ArmoredProtocol","Guardian:EvasiveProtocol","Guardian:RollAttack","Guardian:ExploitGems","Guardian:BronzeArmor","Guardian:ShieldSpikes+1","Guardian:RollAttack","expansioncontent:CaCaw","Guardian:SpikerProtocol+1","Guardian:SpikerProtocol+1","Guardian:PiercingHide+1"],"relics":["Guardian:ModeShifter","Membership Card","Vajra","downfall:HeartBlessingRed","downfall:HeartBlessingBlue","Guardian:StasisSlotReductionRelic","Matryoshka","Shuriken","Runic Dome","downfall:HeartBlessingGreen","Guardian:BottledStasis","MealTicket","Regal Pillow","Happy Flower","HandDrill","Bronze Scales","Thread and Needle","Blood Vial","Toolbox"],"acts_visited":["Exordium","TheCity","TheBeyond","TheEnding"],"potions_floor_usage":[23,26,55,55],"damage_taken":[{"damage":0,"enemies":"Cultist","floor":2,"turns":3},{"damage":0,"enemies":"2 Louse","floor":5,"turns":3},{"damage":57,"enemies":"downfall:Heads","floor":6,"turns":10},{"damage":0,"enemies":"downfall:FleeingMerchant","floor":8,"turns":4},{"damage":0,"enemies":"Small Slimes","floor":9,"turns":3},{"damage":2,"enemies":"downfall:FleeingMerchant","floor":12,"turns":4},{"damage":0,"enemies":"Blue Slaver","floor":13,"turns":2},{"damage":6,"enemies":"Red Slaver","floor":14,"turns":4},{"damage":0,"enemies":"2 Fungi Beasts","floor":15,"turns":3},{"damage":26,"enemies":"downfall:Defect","floor":16,"turns":7},{"damage":2,"enemies":"3 Byrds","floor":19,"turns":2},{"damage":0,"enemies":"Spheric Guardian","floor":20,"turns":5},{"damage":0,"enemies":"downfall:FleeingMerchant","floor":21,"turns":4},{"damage":6,"enemies":"Snake Plant","floor":23,"turns":4},{"damage":4,"enemies":"Centurion and Healer","floor":25,"turns":4},{"damage":16,"enemies":"Gremlin Leader","floor":26,"turns":6},{"damage":0,"enemies":"Cultist and Chosen","floor":31,"turns":5},{"damage":0,"enemies":"3 Cultists","floor":32,"turns":5},{"damage":4,"enemies":"downfall:Silent","floor":33,"turns":5},{"damage":0,"enemies":"3 Shapes","floor":36,"turns":4},{"damage":0,"enemies":"downfall:FleeingMerchant","floor":37,"turns":4},{"damage":2,"enemies":"3 Darklings","floor":38,"turns":3},{"damage":0,"enemies":"Writhing Mass","floor":39,"turns":5},{"damage":2,"enemies":"4 Shapes","floor":40,"turns":4},{"damage":2,"enemies":"downfall:FleeingMerchant","floor":42,"turns":3},{"damage":10,"enemies":"Nemesis","floor":43,"turns":5},{"damage":27,"enemies":"Transient","floor":44,"turns":5},{"damage":8,"enemies":"Jaw Worm Horde","floor":45,"turns":4},{"damage":0,"enemies":"Maw","floor":47,"turns":6},{"damage":0,"enemies":"Spire Growth","floor":49,"turns":5},{"damage":0,"enemies":"downfall:Ironclad","floor":50,"turns":6},{"damage":9,"enemies":"downfall:CharBossMerchant","floor":52,"turns":10},{"damage":0,"enemies":"downfall:NeowBoss","floor":55,"turns":21}],"seed_played":"-3697035975491808637","potions_obtained":[{"floor":2,"key":"Energy Potion"},{"floor":9,"key":"DuplicationPotion"},{"floor":13,"key":"Swift Potion"},{"floor":15,"key":"Strength Potion"},{"floor":25,"key":"Guardian:AcceleratePotion"},{"floor":26,"key":"champ:CounterPotion"},{"floor":40,"key":"PowerPotion"},{"floor":44,"key":"FairyPotion"}],"is_trial":false,"path_per_floor":["R","M","?","?","M","?","T","$","M","R","?","$","M","M","M","B",null,"R","M","M","$","?","M","T","M","E","R","?","R","?","M","M","B",null,"R","M","$","M","M","M","T","$","E","M","M","R","M","$","M","B",null,"E","$","R","B",null],"character_chosen":"GUARDIAN","items_purchased":["Membership Card","Vajra","Guardian:FloatingOrbs","Guardian:SpikerProtocol","expansioncontent:QuickStudy","Guardian:BottledStasis","Happy Flower","Guardian:RollAttack","Guardian:Gem_Orange","HandDrill","expansioncontent:CaCaw","PowerPotion","Thread and Needle","Toolbox"],"campfire_rested":2,"item_purchase_floors":[8,8,12,21,21,37,42,42,42,42,42,42,48,53],"current_hp_per_floor":[80,80,80,80,80,23,23,23,23,60,60,58,58,52,52,26,90,90,88,88,88,88,82,82,78,62,62,62,62,62,62,62,58,90,90,90,90,88,88,86,86,88,78,51,43,85,85,90,90,90,90,81,90,90,90],"gold":21,"neow_bonus":"REMOVE_CARD","is_daily":false,"chose_seed":false,"campfire_upgraded":5,"win_rate":0.0,"timestamp":1610056034,"path_taken":["R","M","?","?","?","?","T","$","M","R","?","?","M","?","M","BOSS","R","M","M","$","?","M","T","M","E","R","?","R","?","M","M","BOSS","R","M","$","M","M","?","T","$","E","M","M","R","M","$","M","BOSS","E","$","R","BOSS"],"items_purchased_type":["Relic","Relic","Card","Card","Card","Relic","Relic","Card","Card","Relic","Card","Potion","Relic","Relic"],"build_version":"2020-12-22","purchased_purges":2,"victory":true,"max_hp_per_floor":[80,80,80,80,80,80,80,80,80,90,90,90,90,90,90,90,90,90,90,90,90,90,90,90,90,90,90,90,90,90,90,90,90,90,90,90,90,90,90,90,90,90,90,90,90,90,90,90,90,90,90,90,90,90,90],"card_choices":[{"not_picked":["Guardian:PrimingBeam","Guardian:CrystalBeam"],"picked":"Guardian:Gem_Fragmented","floor":2},{"not_picked":["Guardian:PrimingBeam","Guardian:WalkerClaw"],"picked":"Guardian:Gem_Cyan","floor":5},{"not_picked":["Guardian:TemporalStrike","Guardian:Reroute"],"picked":"Guardian:ChargeUp","floor":6},{"not_picked":["Guardian:GemFinder","Guardian:Gem_Yellow"],"picked":"Guardian:Gem_Cyan","floor":8},{"not_picked":["Guardian:Gem_White","Guardian:Incinerate"],"picked":"Guardian:PiercingHide","floor":9},{"not_picked":["Guardian:Emergency","Guardian:Planning"],"picked":"Guardian:SpikerProtocol","floor":12},{"not_picked":["Guardian:PrismaticBarrier","Guardian:Recover"],"picked":"Guardian:Harden","floor":13},{"not_picked":["Guardian:MultiBeam","Guardian:Gem_Lightblue"],"picked":"Guardian:ShieldCharger","floor":14},{"not_picked":["Guardian:Gem_Crimson","Guardian:StasisStrike","Guardian:Suspension"],"picked":"SKIP","floor":15},{"not_picked":["Guardian:HyperBeam_Guardian","Guardian:FierceBash"],"picked":"Guardian:CompilePackage","floor":16},{"not_picked":["Guardian:Incinerate","Guardian:Suspension+1","Guardian:WalkerClaw"],"picked":"SKIP","floor":19},{"not_picked":["Guardian:Gem_Cyan","Guardian:TemporalStrike+1"],"picked":"Guardian:Gem_Green","floor":20},{"not_picked":["Guardian:PolyBeam","Guardian:TemporalStrike","Guardian:Reroute+1"],"picked":"SKIP","floor":21},{"not_picked":["Guardian:ShieldCharger","Guardian:StasisStrike","Guardian:GuardianWhirl+1"],"picked":"SKIP","floor":23},{"not_picked":["Guardian:Reroute","Guardian:Suspension"],"picked":"Guardian:Gem_Lightblue","floor":25},{"not_picked":["Guardian:VentSteam+1","Guardian:Orbwalk+1"],"picked":"Guardian:ArmoredProtocol","floor":26},{"not_picked":["Guardian:ShieldCharger","Guardian:MultiBeam+1","Guardian:Incinerate"],"picked":"SKIP","floor":31},{"not_picked":["Guardian:SentryBeam","Guardian:VentSteam"],"picked":"Guardian:RollAttack","floor":32},{"not_picked":["Guardian:Gem_Orange","Guardian:FierceBash"],"picked":"Guardian:ExploitGems","floor":33},{"not_picked":["Guardian:Recover","Guardian:TemporalShield","Guardian:Gem_Blue"],"picked":"SKIP","floor":36},{"not_picked":["Guardian:Reroute","Guardian:VentSteam+1","Guardian:ExploitGems"],"picked":"SKIP","floor":37},{"not_picked":["Guardian:PrimingBeam","Guardian:EvasiveProtocol"],"picked":"Guardian:BronzeArmor","floor":38},{"not_picked":["Guardian:WalkerClaw","Guardian:Preprogram","Guardian:Gem_Cyan"],"picked":"SKIP","floor":39},{"not_picked":["Guardian:Gem_Red","Guardian:ShieldCharger+1"],"picked":"Guardian:ShieldSpikes+1","floor":40},{"not_picked":["Guardian:ShieldCharger+1","Guardian:SentryBeam+1","Guardian:Gem_Green"],"picked":"SKIP","floor":42},{"not_picked":["Guardian:DonusPower","Guardian:ChargeCore+1","Guardian:Gem_Lightblue"],"picked":"SKIP","floor":43},{"not_picked":["Guardian:FuturePlans+1","Guardian:Gem_White"],"picked":"Guardian:SpikerProtocol+1","floor":44},{"not_picked":["Guardian:CrystalBeam","Guardian:Gem_Cyan","Guardian:TimeCapacitor+1"],"picked":"SKIP","floor":45},{"not_picked":["Guardian:PrismaticBarrier","Guardian:Repulse+1","Guardian:TimeBomb+1"],"picked":"SKIP","floor":47},{"not_picked":["Guardian:Gem_Lightblue","Guardian:ChargeCore+1"],"picked":"Guardian:SpikerProtocol+1","floor":49},{"not_picked":["Guardian:GatlingBeam","Guardian:ChargeUp+1"],"picked":"Guardian:PiercingHide+1","floor":52}],"player_experience":851964,"relics_obtained":[{"floor":24,"key":"Matryoshka"},{"floor":26,"key":"Shuriken"},{"floor":41,"key":"MealTicket"},{"floor":41,"key":"Regal Pillow"},{"floor":43,"key":"Bronze Scales"},{"floor":52,"key":"Blood Vial"}],"event_choices":[{"damage_healed":0,"gold_gain":0,"cards_transformed":["Guardian:Strike_Guardian"],"player_choice":"Transformed","damage_taken":0,"max_hp_gain":0,"max_hp_loss":0,"event_name":"Transmorgrifier","floor":28,"gold_loss":0,"cards_obtained":["Guardian:EvasiveProtocol"]},{"cards_removed":["Guardian:Strike_Guardian"],"damage_healed":0,"gold_gain":0,"player_choice":"Purged","damage_taken":0,"max_hp_gain":0,"max_hp_loss":0,"event_name":"Purifier","floor":30,"gold_loss":0}],"is_beta":false,"boss_relics":[{"not_picked":["Philosopher\u0027s Stone","Black Star"],"picked":"Guardian:StasisSlotReductionRelic"},{"not_picked":["Tiny House","Coffee Dripper"],"picked":"Runic Dome"}],"items_purged_floors":[21,42],"is_endless":false,"potions_floor_spawned":[2,9,13,14,15,20,25,26,36,40,44,45,49],"ascension_level":0}}