{"host":"ywfi9m1me2oie74o","time":1610059375,"event":{"mods":["AchievementEnabler","BaseMod","Colored Map","Colored Powertips","Faster Ascension Climbing","Minty Spire (QoL Compilation)","Permanent Neow","Quick Restart","SuperFastMode"],"gold_per_floor":[114,22,22,34,54,54,54,54,54,71,99,117,128,128,128],"floor_reached":14,"playtime":491,"items_purged":[],"score":184,"play_id":"68d8cf1a-07ce-4d09-8db3-d100749031ec","local_time":"20210107174255","is_ascension_mode":true,"campfire_choices":[{"data":"Zap","floor":6.0,"key":"SMITH"},{"data":"Dualcast","floor":8.0,"key":"SMITH"}],"circlet_count":0,"master_deck":["AscendersBane","Strike_B","Strike_B","Strike_B","Strike_B","Defend_B","Defend_B","Defend_B","Defend_B","Zap+1","Dualcast+1","Biased Cognition","Ball Lightning","Ball Lightning","Conserve Battery"],"relics":["Cracked Core","Ornamental Fan","FaceOfCleric","White Beast Statue","Unceasing Top"],"acts_visited":["Exordium"],"potions_floor_usage":[14],"damage_taken":[{"damage":10.0,"enemies":"Small Slimes","floor":1.0,"turns":3.0},{"damage":0.0,"enemies":"Cultist","floor":4.0,"turns":3.0},{"damage":9.0,"enemies":"2 Louse","floor":5.0,"turns":3.0},{"damage":2.0,"enemies":"Lots of Slimes","floor":10.0,"turns":3.0},{"damage":12.0,"enemies":"Gremlin Nob","floor":11.0,"turns":3.0},{"damage":8.0,"enemies":"Blue Slaver","floor":12.0,"turns":2.0},{"damage":13.0,"enemies":"Exordium Thugs","floor":13.0,"turns":3.0},{"damage":20,"enemies":"Lagavulin","floor":14,"turns":3}],"seed_played":"-8319135682413507376","potions_obtained":[{"floor":4.0,"key":"Regen Potion"},{"floor":5.0,"key":"SpeedPotion"},{"floor":10.0,"key":"Ancient Potion"},{"floor":12.0,"key":"Strength Potion"}],"is_trial":false,"path_per_floor":["M","?","$","M","M","R","?","R","T","M","E","M","M","E"],"character_chosen":"DEFECT","items_purchased":[],"campfire_rested":0,"item_purchase_floors":[],"current_hp_per_floor":[54,54,54,54,45,45,45,45,45,44,33,31,19,0,0],"gold":128,"neow_bonus":"ONE_RANDOM_RARE_CARD","is_daily":false,"chose_seed":false,"campfire_upgraded":2,"win_rate":0.0,"timestamp":1610059375,"path_taken":["M","?","?","M","M","R","?","R","T","?","E","?","M","E"],"items_purchased_type":[],"build_version":"2020-12-22","purchased_purges":0,"victory":false,"max_hp_per_floor":[71,71,71,71,71,71,71,71,71,72,73,74,75,75,75],"card_choices":[{"not_picked":["Cold Snap","Compile Driver"],"picked":"Ball Lightning","floor":1.0},{"not_picked":["Leap","White Noise","Skim"],"picked":"SKIP","floor":4.0},{"not_picked":["Rebound","Go for the Eyes"],"picked":"Ball Lightning","floor":5.0},{"not_picked":["BootSequence","Rip and Tear","Cold Snap"],"picked":"SKIP","floor":10.0},{"not_picked":["Redo","All For One"],"picked":"Conserve Battery","floor":11.0},{"not_picked":["Rebound","Aggregate","Fusion"],"picked":"SKIP","floor":12.0},{"not_picked":["Stack","Beam Cell","Static Discharge"],"picked":"SKIP","floor":13.0}],"player_experience":278192,"relics_obtained":[{"floor":9.0,"key":"White Beast Statue"},{"floor":11.0,"key":"Unceasing Top"}],"event_choices":[{"damage_healed":0.0,"max_hp_gain":0.0,"max_hp_loss":0.0,"gold_gain":0.0,"event_name":"WeMeetAgain","player_choice":"Paid Gold","floor":2.0,"gold_loss":92.0,"damage_taken":0.0,"relics_obtained":["Ornamental Fan"]},{"damage_healed":0.0,"max_hp_gain":0.0,"max_hp_loss":0.0,"gold_gain":0.0,"event_name":"FaceTrader","player_choice":"Trade","floor":7.0,"gold_loss":0.0,"damage_taken":0.0,"relics_obtained":["FaceOfCleric"]}],"is_beta":false,"boss_relics":[],"items_purged_floors":[],"is_endless":false,"potions_floor_spawned":[4,5,10,11,12,13],"killed_by":"Lagavulin","ascension_level":20}}