{"host":"9v3x998ddbx8o276","time":1610009385,"event":{"mods":["AchievementEnabler","BaseMod","Colored Map","Colored Powertips","Highlight Path","Minty Spire (QoL Compilation)","Quick Restart","Rare Cards Sparkle"],"gold_per_floor":[113,131,131,39,51,80,80,112,112,112,112,129,144,144,144,223,223,237,237,197,208,227,227,227],"floor_reached":23,"playtime":707,"items_purged":[],"score":402,"play_id":"2d9c577c-7310-4b22-98ef-9ae0939063a7","local_time":"20210107191945","is_ascension_mode":true,"campfire_choices":[{"data":"Whirlwind","floor":7,"key":"SMITH"},{"data":"Spot Weakness","floor":11,"key":"SMITH"},{"floor":15,"key":"REST"}],"circlet_count":0,"master_deck":["AscendersBane","Strike_R","Strike_R","Strike_R","Strike_R","Strike_R","Defend_R","Defend_R","Defend_R","Defend_R","Bash+1","Bludgeon","Whirlwind+1","Spot Weakness+1","Discovery","Sever Soul+1","Inflame+1","Burning Pact","Battle Trance","Metallicize","Feed","Combust","Rupture","Bloodletting","Hemokinesis"],"relics":["Black Blood","Blood Vial","Charon\u0027s Ashes","Matryoshka"],"acts_visited":["Exordium","TheCity"],"potions_floor_usage":[8,16,22,23,23],"damage_taken":[{"damage":1,"enemies":"Cultist","floor":1,"turns":3},{"damage":0,"enemies":"Small Slimes","floor":2,"turns":2},{"damage":1,"enemies":"2 Louse","floor":5,"turns":2},{"damage":6,"enemies":"Gremlin Nob","floor":6,"turns":3},{"damage":15,"enemies":"Lagavulin","floor":8,"turns":3},{"damage":6,"enemies":"2 Fungi Beasts","floor":12,"turns":2},{"damage":21,"enemies":"Exordium Thugs","floor":13,"turns":3},{"damage":31,"enemies":"Slime Boss","floor":16,"turns":8},{"damage":11,"enemies":"Spheric Guardian","floor":18,"turns":3},{"damage":39,"enemies":"2 Thieves","floor":21,"turns":3},{"damage":44,"enemies":"Sentry and Sphere","floor":22,"turns":4},{"damage":11,"enemies":"Slavers","floor":23,"turns":1}],"seed_played":"1146208696460979832","potions_obtained":[{"floor":1,"key":"DuplicationPotion"},{"floor":6,"key":"BloodPotion"},{"floor":16,"key":"LiquidBronze"},{"floor":20,"key":"SteroidPotion"},{"floor":21,"key":"DuplicationPotion"},{"floor":22,"key":"LiquidBronze"}],"is_trial":false,"path_per_floor":["M","M","?","$","M","E","R","E","T","?","R","M","M","?","R","B",null,"M","?","?","M","M","E"],"character_chosen":"IRONCLAD","items_purchased":["Discovery"],"campfire_rested":1,"item_purchase_floors":[4],"current_hp_per_floor":[73,75,75,75,75,75,75,66,66,66,66,68,55,32,54,46,68,71,71,71,46,16,7,7],"gold":227,"neow_bonus":"ONE_RANDOM_RARE_CARD","is_daily":false,"chose_seed":false,"campfire_upgraded":2,"win_rate":0.0,"timestamp":1610009385,"path_taken":["M","M","?","$","M","E","R","E","T","?","R","M","M","?","R","BOSS","M","?","?","M","M","E"],"items_purchased_type":["Card"],"build_version":"2020-12-22","purchased_purges":0,"victory":false,"max_hp_per_floor":[75,75,75,75,75,75,75,75,75,75,75,75,75,75,75,75,75,75,75,75,75,75,75,75],"card_choices":[{"not_picked":["Entrench","Cleave"],"picked":"Whirlwind","floor":1},{"not_picked":["Sword Boomerang","Iron Wave"],"picked":"Spot Weakness","floor":2},{"not_picked":["Iron Wave","Combust"],"picked":"Sever Soul","floor":5},{"not_picked":["Cleave","Clothesline"],"picked":"Inflame","floor":6},{"not_picked":["Twin Strike","Sword Boomerang"],"picked":"Burning Pact","floor":8},{"not_picked":["Reckless Charge","Havoc"],"picked":"Battle Trance","floor":12},{"not_picked":["Perfected Strike","Body Slam"],"picked":"Metallicize","floor":13},{"not_picked":["Immolate","Berserk"],"picked":"Feed","floor":16},{"not_picked":["Rage","Hemokinesis"],"picked":"Combust","floor":18},{"not_picked":["Body Slam+1","Rampage"],"picked":"Bloodletting","floor":21},{"not_picked":["Warcry","Shockwave"],"picked":"Hemokinesis","floor":22}],"player_experience":2090474,"relics_obtained":[{"floor":6,"key":"Blood Vial"},{"floor":8,"key":"Charon\u0027s Ashes"},{"floor":9,"key":"Matryoshka"}],"event_choices":[{"damage_healed":0,"gold_gain":0,"player_choice":"Grow","damage_taken":0,"max_hp_gain":0,"max_hp_loss":0,"event_name":"Living Wall","floor":3,"gold_loss":0,"cards_upgraded":["Bash"]},{"damage_healed":0,"gold_gain":0,"player_choice":"Ignored","damage_taken":0,"max_hp_gain":0,"max_hp_loss":0,"event_name":"Liars Game","floor":10,"gold_loss":0},{"damage_healed":0,"gold_gain":0,"player_choice":"Entered Light","damage_taken":23,"max_hp_gain":0,"max_hp_loss":0,"event_name":"Shining Light","floor":14,"gold_loss":0,"cards_upgraded":["Sever Soul","Inflame"]},{"damage_healed":0,"gold_gain":0,"player_choice":"Read","damage_taken":0,"max_hp_gain":0,"max_hp_loss":0,"event_name":"The Library","floor":19,"gold_loss":0,"cards_obtained":["Rupture"]},{"damage_healed":0,"gold_gain":0,"player_choice":"Bought 3 Potions","damage_taken":0,"max_hp_gain":0,"max_hp_loss":0,"event_name":"The Woman in Blue","floor":20,"gold_loss":0}],"is_beta":false,"boss_relics":[{"not_picked":["Tiny House","Runic Dome"],"picked":"Black Blood"}],"items_purged_floors":[],"is_endless":false,"potions_floor_spawned":[1,6,16,21,22],"killed_by":"Slavers","ascension_level":20}}