{"host":"u7lm8z2rvb4dg2oo","time":1610058322,"event":{"mods":["AchievementEnabler","BaseMod","Colored Map","Colored Powertips","Curses Come First","Googly Eyes","Highlight Path","Minty Spire (QoL Compilation)","Quick Restart","StSLib"],"gold_per_floor":[112,132,145,145,165,198,198,229,229,229,404,422,422,450,450,546,546,560,579,2,2,12,12,47,47,73,109,109,121,156,201,201,201,201],"floor_reached":33,"playtime":1780,"items_purged":[],"score":582,"play_id":"9f6ed6b4-1529-46bf-875f-8a1a10151682","local_time":"20210107172522","is_ascension_mode":true,"campfire_choices":[{"data":"Eruption","floor":7.0,"key":"SMITH"},{"floor":10.0,"key":"REST"},{"floor":13.0,"key":"REST"},{"floor":15.0,"key":"REST"},{"data":"Establishment","floor":23.0,"key":"SMITH"},{"floor":25.0,"key":"REST"},{"floor":28.0,"key":"REST"},{"floor":32.0,"key":"REST"}],"circlet_count":0,"master_deck":["AscendersBane","Defend_P","Defend_P","Defend_P+1","Defend_P","Eruption+1","Vigilance","Swivel+1","WindmillStrike","WheelKick","Doubt","CutThroughFate","ReachHeaven","Establishment+1","BattleHymn","LessonLearned","Bite","Bite","Bite","Bite","Bite"],"relics":["PureWater","Blood Vial","Du-Vu Doll","Potion Belt","Blue Candle","Matryoshka","Vajra","SacredBark","Gambling Chip","CeramicFish","Ornamental Fan","Gremlin Horn","PreservedInsect","War Paint","Bronze Scales"],"acts_visited":["Exordium","TheCity"],"potions_floor_usage":[],"damage_taken":[{"damage":0.0,"enemies":"Jaw Worm","floor":1.0,"turns":3.0},{"damage":0.0,"enemies":"Small Slimes","floor":2.0,"turns":3.0},{"damage":0.0,"enemies":"2 Louse","floor":3.0,"turns":2.0},{"damage":0.0,"enemies":"2 Fungi Beasts","floor":5.0,"turns":4.0},{"damage":15.0,"enemies":"Lagavulin","floor":6.0,"turns":7.0},{"damage":33.0,"enemies":"Gremlin Nob","floor":8.0,"turns":5.0},{"damage":23.0,"enemies":"Exordium Thugs","floor":12.0,"turns":4.0},{"damage":15.0,"enemies":"Lagavulin","floor":14.0,"turns":5.0},{"damage":25.0,"enemies":"Hexaghost","floor":16.0,"turns":7.0},{"damage":15.0,"enemies":"Shell Parasite","floor":18.0,"turns":5.0},{"damage":5.0,"enemies":"Chosen","floor":19.0,"turns":3.0},{"damage":0.0,"enemies":"Sentry and Sphere","floor":22.0,"turns":2.0},{"damage":62.0,"enemies":"Book of Stabbing","floor":24.0,"turns":3.0},{"damage":1.0,"enemies":"Gremlin Leader","floor":27.0,"turns":3.0},{"damage":4.0,"enemies":"Centurion and Healer","floor":29.0,"turns":4.0},{"damage":45.0,"enemies":"Book of Stabbing","floor":30.0,"turns":5.0},{"damage":49,"enemies":"Collector","floor":33,"turns":5}],"seed_played":"-3467416697092656163","potions_obtained":[{"floor":3.0,"key":"GamblersBrew"},{"floor":6.0,"key":"Ancient Potion"},{"floor":8.0,"key":"SkillPotion"},{"floor":14.0,"key":"Swift Potion"},{"floor":24.0,"key":"Block Potion"},{"floor":27.0,"key":"Strength Potion"},{"floor":30.0,"key":"StancePotion"}],"is_trial":false,"path_per_floor":["M","M","M","?","M","E","R","E","T","R","?","M","R","E","R","B",null,"M","M","$","?","M","R","E","R","T","E","R","M","E","?","R","B"],"character_chosen":"WATCHER","items_purchased":["Gambling Chip","CeramicFish","AttackPotion","StancePotion"],"campfire_rested":6,"item_purchase_floors":[20,20,20,20],"current_hp_per_floor":[67,69,71,64,66,53,53,22,22,43,43,22,43,30,51,28,61,48,45,45,69,71,71,10,31,31,32,53,51,8,8,23,0,0],"gold":201,"neow_bonus":"RANDOM_COMMON_RELIC","is_daily":false,"chose_seed":false,"campfire_upgraded":2,"win_rate":0.0,"timestamp":1610058322,"path_taken":["M","M","M","?","M","E","R","E","T","R","?","M","R","E","R","BOSS","M","M","$","?","M","R","E","R","T","E","R","M","E","?","R","BOSS"],"items_purchased_type":["Relic","Relic","Potion","Potion"],"build_version":"2020-12-22","purchased_purges":0,"victory":false,"max_hp_per_floor":[72,72,72,72,72,72,72,72,72,72,72,72,72,72,72,72,72,72,72,72,72,72,72,72,72,72,72,72,72,72,50,50,50,50],"card_choices":[{"not_picked":["ClearTheMind","SashWhip"],"picked":"Swivel","floor":1.0},{"not_picked":["Evaluate","SignatureMove"],"picked":"WindmillStrike","floor":2.0},{"not_picked":["FlurryOfBlows","SignatureMove","Evaluate"],"picked":"SKIP","floor":3.0},{"not_picked":["BowlingBash","SashWhip","InnerPeace"],"picked":"SKIP","floor":5.0},{"not_picked":["ForeignInfluence","Collect","ClearTheMind"],"picked":"SKIP","floor":6.0},{"not_picked":["ThirdEye","LikeWater"],"picked":"WheelKick","floor":8.0},{"not_picked":["Wish","Halt"],"picked":"CutThroughFate","floor":12.0},{"not_picked":["EmptyMind","FearNoEvil"],"picked":"ReachHeaven","floor":14.0},{"not_picked":["ConjureBlade","Brilliance"],"picked":"Establishment","floor":16.0},{"not_picked":["BowlingBash","Crescendo","EmptyFist+1"],"picked":"SKIP","floor":18.0},{"not_picked":["Halt","CarveReality+1"],"picked":"BattleHymn","floor":19.0},{"not_picked":["PathToVictory","SashWhip","MentalFortress"],"picked":"SKIP","floor":22.0},{"not_picked":["Brilliance","CrushJoints","PathToVictory+1"],"picked":"SKIP","floor":24.0},{"not_picked":["Collect","MentalFortress"],"picked":"LessonLearned","floor":27.0},{"not_picked":["FollowUp","EmptyBody","Meditate"],"picked":"SKIP","floor":29.0},{"not_picked":["EmptyFist","Wish","Weave"],"picked":"SKIP","floor":30.0}],"player_experience":1119326,"relics_obtained":[{"floor":6.0,"key":"Potion Belt"},{"floor":8.0,"key":"Blue Candle"},{"floor":9.0,"key":"Matryoshka"},{"floor":14.0,"key":"Vajra"},{"floor":24.0,"key":"Ornamental Fan"},{"floor":26.0,"key":"Gremlin Horn"},{"floor":26.0,"key":"PreservedInsect"},{"floor":27.0,"key":"War Paint"},{"floor":30.0,"key":"Bronze Scales"}],"event_choices":[{"damage_healed":0.0,"max_hp_gain":0.0,"max_hp_loss":0.0,"gold_gain":0.0,"event_name":"Scrap Ooze","player_choice":"Success","floor":4.0,"gold_loss":0.0,"damage_taken":7.0,"relics_obtained":["Du-Vu Doll"]},{"damage_healed":0.0,"max_hp_gain":0.0,"max_hp_loss":0.0,"gold_gain":175.0,"event_name":"Liars Game","player_choice":"AGREE","floor":11.0,"gold_loss":0.0,"damage_taken":0.0,"cards_obtained":["Doubt"]},{"damage_healed":24.0,"max_hp_gain":0.0,"max_hp_loss":0.0,"gold_gain":0.0,"event_name":"The Library","player_choice":"Heal","floor":21.0,"gold_loss":0.0,"damage_taken":0.0},{"damage_healed":0.0,"max_hp_gain":0.0,"max_hp_loss":22.0,"gold_gain":0.0,"event_name":"Vampires","player_choice":"Became a vampire","floor":31.0,"gold_loss":0.0,"damage_taken":0.0,"cards_obtained":["Bite","Bite","Bite","Bite","Bite"]}],"is_beta":false,"boss_relics":[{"not_picked":["Astrolabe","Runic Pyramid"],"picked":"SacredBark"}],"items_purged_floors":[],"is_endless":false,"potions_floor_spawned":[3,6,8,14,24,27,30],"killed_by":"Collector","ascension_level":12}}