{"host":"wghdsg8ym2wc7ov9","time":1610004525,"event":{"mods":["AchievementEnabler","Astrologer","BaseMod","Beaked The Cultist","Better Altar","Better Note","Colored Map","Downfall","Hermit","Highlight Path","Jorbs\u0027s Wanderer Trilogy","KinomotoSakuraMod(????)","Minty Spire (QoL Compilation)","Random Character Button","Relic Stats","SIMod","Shop Mod","StSLib","The Blackbeard","The Bladedancer","The Construct","The Cursed","The Death Knight","The Gatherer","The Hierophant","The Marked","The Mystic","The Necromancer","The Runesmith","The Senshi","The Servant 0.9.4"],"gold_per_floor":[116,132,132,143,153,184,184,199,223,223,223,223,241,251,251,355,355,340,355,374,388,388,388],"floor_reached":22,"playtime":3351,"items_purged":[],"score":192,"play_id":"7bf6c9f9-7641-4c36-804f-ece9dbbe399c","local_time":"20210106232845","is_ascension_mode":false,"campfire_choices":[{"floor":7,"key":"REST"},{"floor":10,"key":"RECALL"},{"floor":12,"key":"REST"},{"floor":15,"key":"REST"}],"circlet_count":0,"master_deck":["Strike_S","Strike_S","Strike_S","Strike_S","Defend_S","Defend_S","Defend_S","Defend_S","KidneyShot","Exchange","Dramatic Entrance","BestPractice+1","RealityMarble","Rearm","Defy","ShatteredReality","Replace","Desolation","Gouge","Embodiment","Defy","Hightail+1","MoonPhase+1","DualDimension"],"relics":["Uniform","MealTicket","MysterySword"],"acts_visited":["Exordium","TheCity"],"potions_floor_usage":[16,18,18,19],"damage_taken":[{"damage":0,"enemies":"Small Slimes","floor":1,"turns":3},{"damage":0,"enemies":"Cultist","floor":2,"turns":4},{"damage":7,"enemies":"2 Louse","floor":4,"turns":2},{"damage":11,"enemies":"Lots of Slimes","floor":5,"turns":3},{"damage":44,"enemies":"3 Sentries","floor":6,"turns":11},{"damage":0,"enemies":"3 Louse","floor":8,"turns":4},{"damage":0,"enemies":"2 Fungi Beasts","floor":13,"turns":4},{"damage":0,"enemies":"Exordium Wildlife","floor":14,"turns":3},{"damage":8,"enemies":"Hexaghost","floor":16,"turns":9},{"damage":24,"enemies":"2 Thieves","floor":18,"turns":4},{"damage":25,"enemies":"Spheric Guardian","floor":19,"turns":9},{"damage":8,"enemies":"Centurion and Healer","floor":20,"turns":9},{"damage":4,"enemies":"Snecko","floor":21,"turns":6},{"damage":15,"enemies":"Snake Plant","floor":22,"turns":1}],"seed_played":"5684877422476817603","potions_obtained":[{"floor":2,"key":"Weak Potion"},{"floor":5,"key":"champ:CounterPotion"},{"floor":8,"key":"Energy Potion"},{"floor":14,"key":"Strength Potion"},{"floor":18,"key":"Fruit Juice"}],"is_trial":false,"path_per_floor":["M","M","?","M","M","E","R","M","T","R","?","R","M","M","R","B",null,"M","M","M","M","M"],"character_chosen":"THE_SERVANT","items_purchased":[],"campfire_rested":3,"item_purchase_floors":[],"current_hp_per_floor":[65,65,65,58,47,3,22,22,22,22,22,41,41,41,60,52,65,46,21,13,9,0,0],"gold":388,"neow_bonus":"RANDOM_COLORLESS","is_daily":false,"chose_seed":false,"campfire_upgraded":0,"win_rate":0.0,"timestamp":1610004525,"path_taken":["M","M","?","M","M","E","R","?","T","R","?","R","M","M","R","BOSS","M","M","M","?","M"],"items_purchased_type":[],"build_version":"2020-12-22","purchased_purges":0,"victory":false,"max_hp_per_floor":[65,65,65,65,65,65,65,65,65,65,65,65,65,65,65,65,65,70,70,70,70,70,70],"relic_stats":{"counters":[14,72],"MealTicket":0,"obtain_stats":[{"MysterySword":17,"MealTicket":6,"Uniform":0},{"MysterySword":9,"MealTicket":5,"Uniform":0},{"MysterySword":43,"MealTicket":23,"Uniform":0}]},"card_choices":[{"not_picked":["Forethought","PanicButton"],"picked":"Dramatic Entrance","floor":0},{"not_picked":["Spin","Reset"],"picked":"BestPractice","floor":1},{"not_picked":["Collapse","Desolation"],"picked":"RealityMarble","floor":2},{"not_picked":["FastForward","DoubleEdge"],"picked":"Rearm","floor":4},{"not_picked":["FastForward","Spin"],"picked":"Defy","floor":5},{"not_picked":["FanOfKnives","DualDimension"],"picked":"ShatteredReality","floor":6},{"not_picked":["DualDimension","TimeWarp"],"picked":"Replace","floor":8},{"not_picked":["BottledTime","Comet"],"picked":"Desolation","floor":13},{"not_picked":["Revamp","Starlight"],"picked":"Gouge","floor":14},{"not_picked":["FloweringNight","SoulSculpture"],"picked":"Embodiment","floor":16},{"not_picked":["DoubleEdge","Spin"],"picked":"Defy","floor":18},{"not_picked":["Spin","DoubleEdge"],"picked":"Hightail+1","floor":19},{"not_picked":["Defy","Rearm"],"picked":"MoonPhase+1","floor":20},{"not_picked":["FanOfKnives","Shuttle"],"picked":"DualDimension","floor":21}],"player_experience":624355,"relics_obtained":[{"floor":6,"key":"MealTicket"}],"event_choices":[{"damage_healed":0,"gold_gain":0,"player_choice":"Forge","damage_taken":0,"max_hp_gain":0,"max_hp_loss":0,"event_name":"Accursed Blacksmith","floor":3,"gold_loss":0,"cards_upgraded":["BestPractice"]},{"damage_healed":0,"gold_gain":0,"player_choice":"Bought 0 Potions","damage_taken":0,"max_hp_gain":0,"max_hp_loss":0,"event_name":"The Woman in Blue","floor":11,"gold_loss":0}],"is_beta":false,"boss_relics":[{"not_picked":["Calling Bell","Cursed Key"],"picked":"MysterySword"}],"items_purged_floors":[],"is_endless":false,"potions_floor_spawned":[2,5,8,13,14,18],"killed_by":"Snake Plant","ascension_level":0}}