{"host":"y1gy3vaohdji07z5","time":1610044414,"event":{"mods":["AchievementEnabler","BaseMod","Colored Map","Colored Powertips","Hermit","Minty Spire (QoL Compilation)","Random Character Button","Rare Cards Sparkle","StSLib"],"gold_per_floor":[111,111,36,51,62,62,72,72,117,117,154,154,190,190,190,301,301,321,347,347,347,37,37,65,76,76,94,45,85,85,100,100,204,204,221,0,21,38,38,38,38,38,38,65,89,89,89,89],"floor_reached":47,"playtime":2780,"items_purged":["hermit:Strike_Hermit"],"score":573,"play_id":"88ed3f1c-586f-4259-82f0-3d56efdd7ac9","local_time":"20210107193334","is_ascension_mode":true,"campfire_choices":[{"data":"hermit:BigShot","floor":6,"key":"SMITH"},{"data":"hermit:CalledShot","floor":8,"key":"SMITH"},{"data":"hermit:EyeOfTheStorm","floor":10,"key":"SMITH"},{"data":"hermit:Scavenge","floor":12,"key":"SMITH"},{"data":"hermit:GhostlyPresence","floor":15,"key":"SMITH"},{"data":"hermit:OverwhelmingPower","floor":23,"key":"SMITH"},{"floor":32,"key":"REST"},{"data":"1","floor":40,"key":"LIFT"},{"data":"2","floor":42,"key":"LIFT"}],"circlet_count":0,"master_deck":["hermit:Strike_Hermit","hermit:Defend_Hermit","hermit:Defend_Hermit","hermit:Defend_Hermit","hermit:Snapshot","hermit:Covet","hermit:BigShot+1","hermit:EyeOfTheStorm+1","hermit:CalledShot+1","hermit:Scavenge+1","hermit:Deadeye","hermit:GhostlyPresence+1","hermit:OverwhelmingPower+1","hermit:EyeOfTheStorm","hermit:Ricochet","hermit:OverwhelmingPower","hermit:CalledShot","hermit:EyeOfTheStorm","hermit:GhostlyPresence+1"],"relics":["hermit:Momento","Bag of Preparation","Nunchaku","Shuriken","Question Card","Black Star","hermit:Horseshoe","Ice Cream","Potion Belt","Bronze Scales","Thread and Needle","Girya","HornCleat","Philosopher\u0027s Stone","Red Mask","Omamori"],"acts_visited":["Exordium","TheCity","TheBeyond"],"potions_floor_usage":[24,24,29,31,35],"damage_taken":[{"damage":0,"enemies":"2 Louse","floor":1,"turns":2},{"damage":0,"enemies":"Cultist","floor":4,"turns":3},{"damage":1,"enemies":"Jaw Worm","floor":5,"turns":4},{"damage":20,"enemies":"Large Slime","floor":7,"turns":5},{"damage":3,"enemies":"Gremlin Nob","floor":11,"turns":3},{"damage":11,"enemies":"3 Sentries","floor":13,"turns":7},{"damage":4,"enemies":"The Guardian","floor":16,"turns":8},{"damage":8,"enemies":"Shell Parasite","floor":18,"turns":5},{"damage":6,"enemies":"Chosen","floor":19,"turns":4},{"damage":18,"enemies":"Book of Stabbing","floor":24,"turns":4},{"damage":9,"enemies":"Snecko","floor":25,"turns":6},{"damage":16,"enemies":"Snake Plant","floor":27,"turns":4},{"damage":24,"enemies":"Gremlin Leader","floor":29,"turns":6},{"damage":7,"enemies":"3 Cultists","floor":31,"turns":4},{"damage":22,"enemies":"Champ","floor":33,"turns":6},{"damage":8,"enemies":"Orb Walker","floor":35,"turns":3},{"damage":24,"enemies":"3 Darklings","floor":37,"turns":2},{"damage":42,"enemies":"4 Shapes","floor":38,"turns":21},{"damage":20,"enemies":"Writhing Mass","floor":44,"turns":2},{"damage":16,"enemies":"3 Darklings","floor":45,"turns":2},{"damage":36,"enemies":"Giant Head","floor":47,"turns":3}],"seed_played":"24399859187612646","potions_obtained":[{"floor":1,"key":"Dexterity Potion"},{"floor":13,"key":"PowerPotion"},{"floor":16,"key":"EssenceOfSteel"},{"floor":18,"key":"Dexterity Potion"},{"floor":19,"key":"Explosive Potion"},{"floor":33,"key":"Strength Potion"},{"floor":35,"key":"Fruit Juice"},{"floor":45,"key":"AttackPotion"}],"is_trial":false,"path_per_floor":["M","?","$","M","M","R","M","R","T","R","E","R","E","?","R","B",null,"M","M","?","T","$","R","E","M","T","M","$","E","?","M","R","B",null,"M","?","M","M","?","R","?","R","T","M","M","?","E"],"character_chosen":"HERMIT","items_purchased":["Ice Cream","Fire Potion"],"campfire_rested":1,"item_purchase_floors":[22,28],"current_hp_per_floor":[75,75,75,75,74,74,54,54,54,54,51,51,40,40,40,36,75,67,61,75,75,75,75,57,48,48,32,32,8,8,1,23,1,75,72,72,48,6,70,70,70,70,70,50,34,34,0,0],"gold":89,"neow_bonus":"REMOVE_CARD","is_daily":false,"chose_seed":false,"campfire_upgraded":6,"win_rate":0.0,"timestamp":1610044414,"path_taken":["M","?","$","?","M","R","M","R","T","R","E","R","E","?","R","BOSS","M","M","?","?","$","R","E","M","T","M","$","E","?","?","R","BOSS","M","?","M","M","?","R","?","R","T","?","M","?","E"],"items_purchased_type":["Relic","Potion"],"build_version":"2020-12-22","purchased_purges":1,"victory":false,"max_hp_per_floor":[75,75,75,75,75,75,75,75,75,75,75,75,75,75,75,75,75,75,75,75,75,75,75,75,75,75,75,75,75,75,75,75,75,75,80,80,80,80,70,70,70,70,70,70,70,70,70,70],"card_choices":[{"not_picked":["hermit:LuckOfTheDraw","hermit:Glare"],"picked":"hermit:BigShot","floor":1},{"not_picked":["hermit:Feint","hermit:Glare"],"picked":"hermit:EyeOfTheStorm","floor":4},{"not_picked":["hermit:FullyLoaded","hermit:Virtue"],"picked":"hermit:CalledShot","floor":5},{"not_picked":["hermit:TakeAim","hermit:Glare"],"picked":"hermit:Scavenge","floor":7},{"not_picked":["hermit:NoHoldsBarred","hermit:Ricochet"],"picked":"hermit:Deadeye","floor":11},{"not_picked":["hermit:CalledShot","hermit:EternalForm"],"picked":"hermit:GhostlyPresence","floor":13},{"not_picked":["hermit:Dissolve","hermit:Purgatory","hermit:FromBeyond"],"picked":"hermit:OverwhelmingPower","floor":16},{"not_picked":["hermit:Desperado","hermit:BodyArmor+1","hermit:FlashPowder","hermit:Cheat+1"],"picked":"SKIP","floor":18},{"not_picked":["hermit:ShadowCloak+1","hermit:Determination","hermit:Ricochet","hermit:Brawl"],"picked":"SKIP","floor":19},{"not_picked":["hermit:FinalCanter","hermit:SprayPray","hermit:WideOpen+1","hermit:Desperado"],"picked":"SKIP","floor":24},{"not_picked":["hermit:Horror","hermit:HoleUp","hermit:Spite"],"picked":"hermit:EyeOfTheStorm","floor":25},{"not_picked":["hermit:Ricochet","hermit:ItchyTrigger","hermit:Glare","hermit:HighCaliber"],"picked":"SKIP","floor":27},{"not_picked":["hermit:BodyArmor+1","hermit:PistolWhip+1","hermit:NoHoldsBarred","hermit:LowProfile+1"],"picked":"SKIP","floor":29},{"not_picked":["hermit:Malice","hermit:Purgatory","hermit:Roulette","hermit:Gestalt"],"picked":"SKIP","floor":31},{"not_picked":["hermit:FinalCanter","hermit:Dissolve","hermit:Gambit"],"picked":"hermit:OverwhelmingPower","floor":33},{"not_picked":["hermit:LuckOfTheDraw+1","hermit:Showdown+1","hermit:Brawl","hermit:Misfire"],"picked":"SKIP","floor":35},{"not_picked":["hermit:HighCaliber+1","hermit:Roulette+1","hermit:Scavenge"],"picked":"hermit:CalledShot","floor":37},{"not_picked":["hermit:Roulette+1","hermit:BodyArmor","hermit:Showdown"],"picked":"hermit:EyeOfTheStorm","floor":38},{"not_picked":["hermit:Quickdraw","hermit:Desperado+1","hermit:DeadMansHand+1","hermit:BodyArmor"],"picked":"SKIP","floor":44},{"not_picked":["hermit:Desperado+1","hermit:DeadMansHand","hermit:LowProfile"],"picked":"hermit:GhostlyPresence+1","floor":45}],"player_experience":404838,"relics_obtained":[{"floor":9,"key":"Nunchaku"},{"floor":11,"key":"Shuriken"},{"floor":13,"key":"Question Card"},{"floor":21,"key":"hermit:Horseshoe"},{"floor":24,"key":"Potion Belt"},{"floor":24,"key":"Bronze Scales"},{"floor":26,"key":"Thread and Needle"},{"floor":29,"key":"Girya"},{"floor":29,"key":"HornCleat"},{"floor":43,"key":"Omamori"}],"event_choices":[{"damage_healed":0,"gold_gain":0,"player_choice":"Gave Potion","damage_taken":0,"relics_obtained":["Bag of Preparation"],"max_hp_gain":0,"max_hp_loss":0,"event_name":"WeMeetAgain","floor":2,"gold_loss":0},{"damage_healed":0,"gold_gain":0,"player_choice":"Ignored","damage_taken":0,"max_hp_gain":0,"max_hp_loss":0,"event_name":"Liars Game","floor":14,"gold_loss":0},{"damage_healed":25,"gold_gain":0,"player_choice":"Heal","damage_taken":0,"max_hp_gain":0,"max_hp_loss":0,"event_name":"The Library","floor":20,"gold_loss":0},{"damage_healed":0,"gold_gain":0,"cards_transformed":["hermit:Strike_Hermit"],"player_choice":"Transformed","damage_taken":0,"max_hp_gain":0,"max_hp_loss":0,"event_name":"Transmorgrifier","floor":30,"gold_loss":0,"cards_obtained":["hermit:Ricochet"]},{"damage_healed":0,"gold_gain":0,"player_choice":"Paid","damage_taken":0,"relics_obtained":["Red Mask"],"max_hp_gain":0,"max_hp_loss":0,"event_name":"Tomb of Lord Red Mask","floor":36,"gold_loss":221},{"damage_healed":70,"gold_gain":0,"player_choice":"Heal","damage_taken":0,"max_hp_gain":0,"max_hp_loss":10,"event_name":"The Moai Head","floor":39,"gold_loss":0},{"cards_removed":["hermit:Defend_Hermit"],"damage_healed":0,"gold_gain":0,"player_choice":"Removed Skill","damage_taken":0,"max_hp_gain":0,"max_hp_loss":0,"event_name":"Falling","floor":41,"gold_loss":0},{"damage_healed":0,"gold_gain":0,"player_choice":"Memory 1","damage_taken":0,"max_hp_gain":0,"max_hp_loss":0,"event_name":"SensoryStone","floor":46,"gold_loss":0}],"is_beta":false,"boss_relics":[{"not_picked":["Calling Bell","Ectoplasm"],"picked":"Black Star"},{"not_picked":["Fusion Hammer","hermit:DentedPlate"],"picked":"Philosopher\u0027s Stone"}],"items_purged_floors":[3],"is_endless":false,"potions_floor_spawned":[1,13,16,18,19,33,35,45],"killed_by":"Giant Head","ascension_level":3}}