{"host":"28p8ce41sjwa6lzf","time":1610043752,"event":{"mods":["BaseMod","Bestiary","Colored Map","Colored Powertips","Dark Map","Highlight Path","Minty Spire (QoL Compilation)","Permanent Neow","Quick Restart","Random Character Button","Rare Cards Sparkle","Relic Stats","StSLib","Unceasing Turn Reminder"],"gold_per_floor":[368,368,368,38,38,38,123,192,192,244,297,309,379,428,440,525,537,532,544,544],"floor_reached":19,"playtime":755,"items_purged":["Strike_R"],"score":370,"play_id":"32b85043-f5ce-4f1d-9989-e08896d8124e","local_time":"20210107122232","is_ascension_mode":true,"campfire_choices":[{"data":"Bash","floor":6.0,"key":"SMITH"},{"floor":12.0,"key":"REST"},{"floor":15.0,"key":"REST"}],"circlet_count":0,"master_deck":["AscendersBane","Strike_R","Strike_R","Strike_R","Strike_R","Defend_R","Defend_R","Defend_R","Defend_R","Bash+1","Hemokinesis+1","HandOfGreed+1","Power Through","Thunderclap","Second Wind","True Grit","Demon Form","Limit Break","Thunderclap+1"],"relics":["Burning Blood","Question Card","Gremlin Horn","MawBank","Molten Egg 2","Busted Crown"],"acts_visited":["Exordium","TheCity"],"potions_floor_usage":[],"damage_taken":[{"damage":12.0,"enemies":"Jaw Worm","floor":1.0,"turns":4.0},{"damage":31.0,"enemies":"3 Sentries","floor":7.0,"turns":8.0},{"damage":2.0,"enemies":"2 Louse","floor":8.0,"turns":3.0},{"damage":32.0,"enemies":"Lagavulin","floor":10.0,"turns":4.0},{"damage":3.0,"enemies":"Small Slimes","floor":11.0,"turns":2.0},{"damage":10.0,"enemies":"Gremlin Nob","floor":13.0,"turns":3.0},{"damage":2.0,"enemies":"Gremlin Gang","floor":14.0,"turns":3.0},{"damage":32.0,"enemies":"Slime Boss","floor":16.0,"turns":6.0},{"damage":39,"enemies":"2 Thieves","floor":18,"turns":5},{"damage":31,"enemies":"Shell Parasite","floor":19,"turns":2}],"seed_played":"1403665557286873713","potions_obtained":[{"floor":8.0,"key":"AttackPotion"},{"floor":11.0,"key":"BlessingOfTheForge"}],"is_trial":false,"path_per_floor":["M","?","?","$","?","R","E","M","T","E","M","R","E","M","R","B",null,"M","M"],"character_chosen":"IRONCLAD","items_purchased":["HandOfGreed","Swift Potion"],"campfire_rested":2,"item_purchase_floors":[4,4],"current_hp_per_floor":[62,62,55,55,55,55,30,34,34,8,11,33,29,33,55,29,64,31,0,0],"gold":544,"neow_bonus":"TWO_FIFTY_GOLD","is_daily":false,"chose_seed":false,"campfire_upgraded":1,"win_rate":0.0,"timestamp":1610043752,"path_taken":["M","?","?","$","?","R","E","M","T","E","?","R","E","M","R","BOSS","M","M"],"items_purchased_type":["Card","Potion"],"build_version":"2020-12-22","purchased_purges":1,"victory":false,"max_hp_per_floor":[75,75,75,75,75,75,75,75,75,75,75,75,75,75,75,75,75,75,75,75],"relic_stats":{"Busted Crown":2,"Gremlin Horn":[6,6],"counters":[10,40],"Question Card":7,"MawBank":108,"obtain_stats":[{"Busted Crown":17,"Gremlin Horn":9,"Molten Egg 2":13,"Question Card":7,"MawBank":10,"Burning Blood":0},{"Busted Crown":8,"Gremlin Horn":3,"Molten Egg 2":6,"Question Card":2,"MawBank":4,"Burning Blood":0},{"Busted Crown":33,"Gremlin Horn":15,"Molten Egg 2":24,"Question Card":12,"MawBank":19,"Burning Blood":0}],"Burning Blood":54},"card_choices":[{"not_picked":["Body Slam","Thunderclap"],"picked":"Hemokinesis","floor":1.0},{"not_picked":["Infernal Blade","Body Slam"],"picked":"Power Through","floor":7.0},{"not_picked":["Iron Wave","Twin Strike","Heavy Blade"],"picked":"Thunderclap","floor":8.0},{"not_picked":["Iron Wave","Sword Boomerang","Flex"],"picked":"Second Wind","floor":10.0},{"not_picked":["Pommel Strike","Iron Wave","Blood for Blood","Hemokinesis"],"picked":"SKIP","floor":11.0},{"not_picked":["Body Slam+1","Infernal Blade","Dropkick+1"],"picked":"True Grit","floor":13.0},{"not_picked":["Havoc","Sentinel","Wild Strike+1"],"picked":"Demon Form","floor":14.0},{"not_picked":["Immolate+1","Brutality","Feed+1"],"picked":"Limit Break","floor":16.0},{"not_picked":["Body Slam+1"],"picked":"Thunderclap+1","floor":18}],"player_experience":1102885,"relics_obtained":[{"floor":7.0,"key":"Question Card"},{"floor":9.0,"key":"Gremlin Horn"},{"floor":10.0,"key":"MawBank"},{"floor":13.0,"key":"Molten Egg 2"}],"event_choices":[{"damage_healed":0.0,"max_hp_gain":0.0,"max_hp_loss":0.0,"gold_gain":0.0,"event_name":"Living Wall","player_choice":"Grow","floor":2.0,"gold_loss":0.0,"damage_taken":0.0,"cards_upgraded":["Hemokinesis"]},{"cards_removed":["Writhe"],"damage_healed":0.0,"max_hp_gain":0.0,"max_hp_loss":0.0,"gold_gain":0.0,"event_name":"Golden Wing","player_choice":"Card Removal","floor":3.0,"gold_loss":0.0,"damage_taken":7.0},{"damage_healed":0.0,"max_hp_gain":0.0,"max_hp_loss":0.0,"gold_gain":0.0,"event_name":"Upgrade Shrine","player_choice":"Upgraded","floor":5.0,"gold_loss":0.0,"damage_taken":0.0,"cards_upgraded":["HandOfGreed"]}],"is_beta":false,"boss_relics":[{"not_picked":["Astrolabe","Runic Pyramid"],"picked":"Busted Crown"}],"items_purged_floors":[4],"is_endless":false,"potions_floor_spawned":[8,11],"killed_by":"Shell Parasite","ascension_level":20}}