{"host":"z9811rt50ti81n54","time":1610022000,"event":{"mods":["BaseMod","Minty Spire (QoL Compilation)","SuperFastMode"],"gold_per_floor":[116,29,29,42,42,42,61,88,88,88,48,58,58,93,93,189,189,208,7,7,7,7,7,41,41,41,58,72,2,2,72,72,175,175,187,187,187,112,1111,1111,1128,1128,1128,1128,1140,1151,65,65,65,65],"floor_reached":51,"playtime":1243,"items_purged":["Writhe","Normality"],"score":817,"play_id":"94d68417-c17d-409c-9aff-f662d18aa0a1","local_time":"20210107212000","is_ascension_mode":false,"campfire_choices":[{"data":"Apotheosis","floor":6,"key":"SMITH"},{"data":"Infernal Blade","floor":10,"key":"SMITH"},{"data":"Disarm","floor":13,"key":"SMITH"},{"data":"Shockwave","floor":15,"key":"SMITH"},{"data":"Immolate","floor":23,"key":"SMITH"},{"data":"Fire Breathing","floor":32,"key":"SMITH"},{"data":"Evolve","floor":40,"key":"SMITH"},{"data":"Barricade","floor":42,"key":"SMITH"},{"data":"Demon Form","floor":49,"key":"SMITH"}],"circlet_count":0,"master_deck":["Strike_R","Strike_R","Strike_R","Strike_R","Strike_R","Defend_R","Defend_R","Defend_R","Defend_R","Bash","Apotheosis+1","Anger","Power Through","Wild Strike","Infernal Blade+1","Disarm+1","Thunderclap","Cleave","Shockwave+1","Immolate+1","Rupture+1","Barricade+1","Power Through","Warcry","Evolve+1","Fire Breathing+1","Exhume","CurseOfTheBell","True Grit+1","Writhe","Normality","Bloodletting+1","Apotheosis+1","Body Slam+1","Second Wind","Ghostly Armor","Body Slam","Discovery","Magnetism","Demon Form+1"],"relics":["Burning Blood","Meat on the Bone","Ancient Tea Set","Centennial Puzzle","Darkstone Periapt","Sozu","Red Skull","Nunchaku","Bag of Marbles","Ornamental Fan","HornCleat","Calling Bell","PreservedInsect","InkBottle","Incense Burner","Bottled Tornado","Lantern","Sundial","CeramicFish"],"acts_visited":["Exordium","TheCity","TheBeyond"],"potions_floor_usage":[8,16,16,16],"damage_taken":[{"damage":8,"enemies":"Small Slimes","floor":1,"turns":4},{"damage":0,"enemies":"Jaw Worm","floor":4,"turns":3},{"damage":0,"enemies":"2 Louse","floor":7,"turns":3},{"damage":8,"enemies":"Lagavulin","floor":8,"turns":8},{"damage":0,"enemies":"Gremlin Gang","floor":12,"turns":2},{"damage":5,"enemies":"3 Sentries","floor":14,"turns":4},{"damage":11,"enemies":"Slime Boss","floor":16,"turns":6},{"damage":0,"enemies":"Chosen","floor":18,"turns":3},{"damage":15,"enemies":"Book of Stabbing","floor":24,"turns":6},{"damage":6,"enemies":"3 Byrds","floor":27,"turns":5},{"damage":11,"enemies":"Snecko","floor":28,"turns":5},{"damage":7,"enemies":"Champ","floor":33,"turns":12},{"damage":10,"enemies":"Orb Walker","floor":35,"turns":5},{"damage":0,"enemies":"3 Shapes","floor":41,"turns":4},{"damage":16,"enemies":"Jaw Worm Horde","floor":45,"turns":4},{"damage":5,"enemies":"3 Darklings","floor":46,"turns":4},{"damage":8,"enemies":"Awakened One","floor":50,"turns":15}],"seed_played":"3425747460715496231","potions_obtained":[{"floor":7,"key":"SkillPotion"},{"floor":8,"key":"DistilledChaos"},{"floor":11,"key":"Swift Potion"},{"floor":11,"key":"DuplicationPotion"}],"is_trial":false,"path_per_floor":["M","$","?","M","?","R","M","E","T","R","?","M","R","E","R","B",null,"M","$","?","?","$","R","E","$","T","M","M","$","?","T","R","B",null,"M","?","?","$","?","R","M","R","T","?","M","M","$","T","R","B",null],"character_chosen":"IRONCLAD","items_purchased":["Power Through","Wild Strike","Barricade","Havoc","Fire Breathing","Second Wind","Lantern","Sundial","Ghostly Armor","Body Slam","Discovery","Magnetism","Demon Form"],"campfire_rested":0,"item_purchase_floors":[2,2,19,19,29,47,47,47,47,47,47,47,47],"current_hp_per_floor":[70,70,75,77,65,65,71,69,69,69,69,75,75,76,76,71,77,77,77,83,89,89,89,80,80,80,80,75,75,75,75,75,74,95,91,101,101,101,113,113,113,113,113,113,103,104,104,104,104,102],"gold":65,"neow_bonus":"RANDOM_COLORLESS_2","is_daily":false,"chose_seed":false,"campfire_upgraded":9,"win_rate":0.0,"timestamp":1610022000,"path_taken":["M","$","?","M","?","R","M","E","T","R","?","?","R","E","R","BOSS","M","$","?","?","?","R","E","$","T","?","M","?","?","?","R","BOSS","M","?","?","$","?","R","M","R","T","?","?","M","$","?","R","BOSS"],"items_purchased_type":["Card","Card","Card","Card","Card","Card","Relic","Relic","Card","Card","Card","Card","Card"],"build_version":"2020-12-22","purchased_purges":2,"victory":true,"max_hp_per_floor":[72,72,77,77,77,77,77,77,77,77,77,77,77,77,77,77,77,77,77,83,89,89,89,89,89,89,89,89,89,89,89,89,89,95,95,101,101,101,113,113,113,113,113,113,113,113,113,113,113,113],"card_choices":[{"not_picked":["The Bomb","Magnetism"],"picked":"Apotheosis","floor":0},{"not_picked":["Iron Wave","Sword Boomerang"],"picked":"Anger","floor":1},{"not_picked":["Sword Boomerang","Flex"],"picked":"Infernal Blade","floor":4},{"not_picked":["Dropkick","Rage"],"picked":"Disarm","floor":7},{"not_picked":["Iron Wave","Hemokinesis"],"picked":"Thunderclap","floor":8},{"not_picked":["Pommel Strike","Perfected Strike"],"picked":"Cleave","floor":12},{"not_picked":["Thunderclap","Havoc"],"picked":"Shockwave","floor":14},{"not_picked":["Impervious","Demon Form"],"picked":"Immolate","floor":16},{"not_picked":["Perfected Strike+1","Wild Strike"],"picked":"Rupture+1","floor":18},{"not_picked":["Sword Boomerang","Rampage+1"],"picked":"Power Through","floor":24},{"not_picked":["Headbutt+1","Flex"],"picked":"Warcry","floor":27},{"not_picked":["Blood for Blood+1","Flame Barrier"],"picked":"Evolve","floor":28},{"not_picked":["Bludgeon","Limit Break"],"picked":"Exhume","floor":33},{"not_picked":["Combust","Blood for Blood"],"picked":"True Grit+1","floor":35},{"not_picked":["Thunderclap","Blood for Blood"],"picked":"Bloodletting+1","floor":41},{"not_picked":["Armaments","Headbutt","Sentinel+1"],"picked":"SKIP","floor":45},{"not_picked":["Iron Wave+1","Clash"],"picked":"Body Slam+1","floor":46}],"player_experience":306684,"relics_obtained":[{"floor":8,"key":"Ancient Tea Set"},{"floor":9,"key":"Centennial Puzzle"},{"floor":14,"key":"Darkstone Periapt"},{"floor":24,"key":"Bag of Marbles"},{"floor":26,"key":"Ornamental Fan"},{"floor":31,"key":"HornCleat"},{"floor":34,"key":"PreservedInsect"},{"floor":34,"key":"InkBottle"},{"floor":34,"key":"Incense Burner"},{"floor":43,"key":"Bottled Tornado"},{"floor":48,"key":"CeramicFish"}],"event_choices":[{"damage_healed":0,"gold_gain":0,"player_choice":"Donut","damage_taken":0,"max_hp_gain":5,"max_hp_loss":0,"event_name":"Big Fish","floor":3,"gold_loss":0},{"damage_healed":0,"gold_gain":0,"player_choice":"Success","damage_taken":12,"relics_obtained":["Meat on the Bone"],"max_hp_gain":0,"max_hp_loss":0,"event_name":"Scrap Ooze","floor":5,"gold_loss":0},{"damage_healed":0,"gold_gain":0,"player_choice":"Bought 3 Potions","damage_taken":0,"max_hp_gain":0,"max_hp_loss":0,"event_name":"The Woman in Blue","floor":11,"gold_loss":0},{"damage_healed":0,"gold_gain":0,"player_choice":"Stole Relic","damage_taken":0,"relics_obtained":["Red Skull"],"max_hp_gain":0,"max_hp_loss":0,"event_name":"Addict","floor":20,"gold_loss":0,"cards_obtained":["Shame"]},{"damage_healed":0,"gold_gain":0,"player_choice":"Opened","damage_taken":0,"relics_obtained":["Nunchaku"],"max_hp_gain":0,"max_hp_loss":0,"event_name":"The Mausoleum","floor":21,"gold_loss":0,"cards_obtained":["Writhe"]},{"cards_removed":["Shame"],"damage_healed":0,"gold_gain":0,"player_choice":"Elegance","damage_taken":0,"max_hp_gain":0,"max_hp_loss":0,"event_name":"Back to Basics","floor":30,"gold_loss":0},{"damage_healed":24,"gold_gain":0,"player_choice":"Writhe","damage_taken":0,"max_hp_gain":0,"max_hp_loss":0,"event_name":"Winding Halls","floor":36,"gold_loss":0,"cards_obtained":["Writhe"]},{"cards_removed":["Havoc"],"damage_healed":0,"gold_gain":0,"player_choice":"Removed Skill","damage_taken":0,"max_hp_gain":0,"max_hp_loss":0,"event_name":"Falling","floor":37,"gold_loss":0},{"damage_healed":0,"gold_gain":999,"player_choice":"Gold","damage_taken":0,"max_hp_gain":0,"max_hp_loss":0,"event_name":"MindBloom","floor":39,"gold_loss":0,"cards_obtained":["Normality","Normality"]},{"damage_healed":0,"gold_gain":0,"player_choice":"Copied","damage_taken":0,"max_hp_gain":0,"max_hp_loss":0,"event_name":"Duplicator","floor":44,"gold_loss":0,"cards_obtained":["Apotheosis"]}],"is_beta":false,"boss_relics":[{"not_picked":["Runic Cube","Runic Pyramid"],"picked":"Sozu"},{"not_picked":["Black Star","Velvet Choker"],"picked":"Calling Bell"}],"items_purged_floors":[38,47],"is_endless":false,"potions_floor_spawned":[7,8,12,14,33,45],"ascension_level":0}}