{"host":"p4v0hquynnreu717","time":1610037851,"event":{"mods":["BaseMod","Better Vampires","DeckTracker","Googly Eyes","Minty Spire (QoL Compilation)","Quick Restart","StSLib","SuperFastMode"],"gold_per_floor":[10116,10129,9277,8877,8892,8892,8918,8918,8918,8943,8943,8481,8496,8524,8524,8597,8597,8580,8505,8515,7728,7643,7643,6920,6952,6976,7011,6036,6096,6096,6111,6111,6184,6234,6251,6261,6276,5508,5521,5521,5554,5574,5651,5651,4614,4643,4643,3437,3437,3437,3437,3437,2892,2927,2927],"floor_reached":56,"playtime":3187,"items_purged":["Strike_B","Strike_B","Strike_B","Defend_B","Defend_B","Defend_B","Defend_B","Zap","Ball Lightning","Finesse"],"score":2326,"play_id":"f390ac6e-7c19-4cdc-a78d-c554393a38e0","local_time":"20210108004411","is_ascension_mode":true,"campfire_choices":[{"data":"Dualcast","floor":6.0,"key":"SMITH"},{"data":"Coolheaded","floor":11.0,"key":"SMITH"},{"data":"Apotheosis","floor":15.0,"key":"SMITH"},{"data":"Coolheaded","floor":23.0,"key":"SMITH"},{"data":"Heatsinks","floor":32.0,"key":"SMITH"},{"floor":40.0,"key":"RECALL"},{"data":"Loop","floor":44.0,"key":"SMITH"},{"data":"Loop","floor":47.0,"key":"SMITH"},{"data":"Heatsinks","floor":49.0,"key":"SMITH"},{"data":"Biased Cognition","floor":52,"key":"SMITH"}],"circlet_count":0,"master_deck":["AscendersBane","Dualcast+1","Coolheaded+1","Loop+1","Turbo","Hologram","Storm","Coolheaded+1","Consume","Apotheosis+1","Core Surge","Capacitor","Core Surge","Hologram+1","Heatsinks+1","Recycle","Steam Power","Master of Strategy","White Noise","Steam Power+1","Biased Cognition+1","Biased Cognition","Skim","Creative AI","Skim","Loop+1","Master of Strategy","Capacitor","Heatsinks+1","Master of Strategy","Discovery","Defragment","Creative AI"],"relics":["Cracked Core","NeowsBlessing","ClockworkSouvenir","Mummified Hand","Pen Nib","Frozen Eye","Question Card","MealTicket","Anchor","Calling Bell","Oddly Smooth Stone","White Beast Statue","Thread and Needle","Medical Kit","Tiny Chest","Ornamental Fan","Potion Belt","Toy Ornithopter","Molten Egg 2","Lee\u0027s Waffle","Art of War","Blue Candle","Kunai","Bronze Scales","Toolbox","Mango","Tiny House","Bottled Tornado","Orrery","Bag of Preparation","Symbiotic Virus","HornCleat","Happy Flower","Chemical X","PreservedInsect","Sling","Orichalcum","Turnip","Membership Card","Calipers","Vajra","Strawberry"],"acts_visited":["Exordium","TheCity","TheBeyond","TheEnding"],"potions_floor_usage":[],"damage_taken":[{"damage":0.0,"enemies":"Cultist","floor":1.0,"turns":1.0},{"damage":0.0,"enemies":"2 Louse","floor":2.0,"turns":1.0},{"damage":0.0,"enemies":"Small Slimes","floor":5.0,"turns":1.0},{"damage":24.0,"enemies":"Gremlin Nob","floor":7.0,"turns":5.0},{"damage":11.0,"enemies":"Lagavulin","floor":10.0,"turns":5.0},{"damage":13.0,"enemies":"2 Fungi Beasts","floor":13.0,"turns":3.0},{"damage":23.0,"enemies":"Gremlin Nob","floor":14.0,"turns":5.0},{"damage":8.0,"enemies":"Slime Boss","floor":16.0,"turns":6.0},{"damage":1.0,"enemies":"2 Thieves","floor":18.0,"turns":4.0},{"damage":0.0,"enemies":"Chosen","floor":20.0,"turns":4.0},{"damage":13.0,"enemies":"Book of Stabbing","floor":25.0,"turns":5.0},{"damage":7.0,"enemies":"Slavers","floor":27.0,"turns":6.0},{"damage":0.0,"enemies":"Centurion and Healer","floor":29.0,"turns":5.0},{"damage":0.0,"enemies":"Shelled Parasite and Fungi","floor":31.0,"turns":2.0},{"damage":1.0,"enemies":"Champ","floor":33.0,"turns":5.0},{"damage":0.0,"enemies":"Orb Walker","floor":35.0,"turns":2.0},{"damage":0.0,"enemies":"3 Darklings","floor":36.0,"turns":2.0},{"damage":0.0,"enemies":"Sphere and 2 Shapes","floor":37.0,"turns":1.0},{"damage":0.0,"enemies":"4 Shapes","floor":39.0,"turns":1.0},{"damage":0.0,"enemies":"Giant Head","floor":41.0,"turns":7.0},{"damage":0.0,"enemies":"Maw","floor":42.0,"turns":3.0},{"damage":2.0,"enemies":"Reptomancer","floor":46.0,"turns":2.0},{"damage":0,"enemies":"Donu and Deca","floor":50,"turns":3},{"damage":0,"enemies":"Shield and Spear","floor":54,"turns":1},{"damage":17,"enemies":"The Heart","floor":55,"turns":4}],"seed_played":"7431640695806421025","potions_obtained":[{"floor":2.0,"key":"AttackPotion"},{"floor":8.0,"key":"Regen Potion"},{"floor":13.0,"key":"DuplicationPotion"},{"floor":18.0,"key":"Energy Potion"},{"floor":20.0,"key":"Block Potion"},{"floor":25.0,"key":"Fire Potion"},{"floor":27.0,"key":"Strength Potion"},{"floor":29.0,"key":"SkillPotion"},{"floor":31.0,"key":"Weak Potion"},{"floor":34.0,"key":"EntropicBrew"},{"floor":37.0,"key":"DuplicationPotion"},{"floor":41.0,"key":"DistilledChaos"}],"is_trial":false,"path_per_floor":["M","M","$","$","M","R","E","?","T","E","R","$","M","E","R","B",null,"M","?","M","$","?","R","$","E","T","E","$","M","T","M","R","B",null,"M","M","M","$","M","R","E","M","T","R","$","E","R","$","R","B",null,"R","$","E","B",null],"character_chosen":"DEFECT","items_purchased":["ClockworkSouvenir","Mummified Hand","Pen Nib","Ball Lightning","Turbo","Finesse","Block Potion","Hologram","Storm","Coolheaded","Frozen Eye","Apotheosis","Core Surge","Medical Kit","Tiny Chest","Ornamental Fan","Heatsinks","Toy Ornithopter","Molten Egg 2","Lee\u0027s Waffle","Master of Strategy","Kunai","Bronze Scales","Toolbox","White Noise","Bottled Tornado","Orrery","Creative AI","Master of Strategy","Capacitor","HornCleat","Happy Flower","Chemical X","Heatsinks","Sling","Orichalcum","Turnip","Master of Strategy","Discovery","Membership Card","Calipers","Vajra","Defragment"],"campfire_rested":0,"item_purchase_floors":[3,3,3,3,3,3,3,4,4,4,4,12,12,21,21,21,21,24,24,24,28,28,28,28,28,38,38,38,45,45,45,45,45,48,48,48,48,48,48,53,53,53,53],"current_hp_per_floor":[64,64,64,64,64,64,40,40,40,29,29,44,31,8,8,12,56,55,55,55,70,70,70,78,65,65,63,78,78,92,92,92,91,97,97,97,97,97,97,97,97,97,97,97,97,95,95,97,97,97,97,97,97,104,87],"gold":2927,"neow_bonus":"THREE_ENEMY_KILL","is_daily":false,"chose_seed":false,"campfire_upgraded":9,"win_rate":0.0,"timestamp":1610037851,"path_taken":["M","M","?","$","M","R","E","?","T","E","R","$","?","E","R","BOSS","M","?","M","$","?","R","?","E","T","E","$","?","?","M","R","BOSS","M","M","M","$","M","R","E","M","T","R","$","E","R","$","R","BOSS","R","$","E","BOSS"],"items_purchased_type":["Relic","Relic","Relic","Card","Card","Card","Potion","Card","Card","Card","Relic","Card","Card","Relic","Relic","Relic","Card","Relic","Relic","Relic","Card","Relic","Relic","Relic","Card","Relic","Relic","Card","Card","Card","Relic","Relic","Relic","Card","Relic","Relic","Relic","Card","Card","Relic","Relic","Relic","Card"],"build_version":"2020-12-22","purchased_purges":10,"victory":true,"max_hp_per_floor":[71,71,71,71,71,71,71,71,71,71,71,71,71,71,71,71,71,71,71,71,71,71,71,78,78,78,78,78,78,92,92,92,92,97,97,97,97,97,97,97,97,97,97,97,97,97,97,97,97,97,97,97,97,104,104],"card_choices":[{"not_picked":["Redo","Gash"],"picked":"Coolheaded","floor":1.0},{"not_picked":["Force Field","Chill"],"picked":"Loop","floor":2.0},{"not_picked":["Leap","Stack","Rebound"],"picked":"SKIP","floor":5.0},{"not_picked":["Sweeping Beam","Blizzard"],"picked":"Consume","floor":7.0},{"not_picked":["Steam","Coolheaded","Reprogram","Redo"],"picked":"SKIP","floor":10.0},{"not_picked":["Reprogram","Barrage","Compile Driver"],"picked":"Capacitor","floor":13.0},{"not_picked":["Stack","Chill","Cold Snap","Meteor Strike"],"picked":"SKIP","floor":14.0},{"not_picked":["Hyperbeam","Amplify","Buffer"],"picked":"Core Surge","floor":16.0},{"not_picked":["Storm","Leap","Turbo","Consume"],"picked":"SKIP","floor":18.0},{"not_picked":["Auto Shields","Go for the Eyes+1","Beam Cell"],"picked":"Hologram+1","floor":20.0},{"not_picked":["Cold Snap+1","Sweeping Beam+1","Steam Power"],"picked":"Recycle","floor":25.0},{"not_picked":["Amplify","Cold Snap+1","Stack"],"picked":"Steam Power","floor":27.0},{"not_picked":["Force Field","Coolheaded","Conserve Battery+1"],"picked":"Steam Power","floor":29.0},{"not_picked":["Ball Lightning+1","Conserve Battery","Sweeping Beam+1","Redo+1"],"picked":"SKIP","floor":31.0},{"not_picked":["All For One+1","Core Surge+1","Rainbow"],"picked":"Biased Cognition","floor":33.0},{"not_picked":["Gash+1","Reprogram","Streamline+1","Tempest+1"],"picked":"SKIP","floor":35.0},{"not_picked":["Redo","Force Field","Aggregate","Blizzard+1"],"picked":"SKIP","floor":36.0},{"not_picked":["Steam","Sweeping Beam+1","Stack","Streamline+1"],"picked":"SKIP","floor":37.0},{"not_picked":["Stack","Gash+1","Go for the Eyes+1"],"picked":"Biased Cognition","floor":38.0},{"not_picked":["Fusion","Sunder+1","Scrape+1"],"picked":"Skim","floor":38.0},{"not_picked":["Self Repair","Leap+1","FTL+1"],"picked":"Skim","floor":39.0},{"not_picked":["Consume","Rebound+1","Conserve Battery"],"picked":"Loop","floor":41.0},{"not_picked":["Ball Lightning+1","Streamline+1","Sunder+1","BootSequence"],"picked":"SKIP","floor":42.0},{"not_picked":["Scrape+1","Steam","Hyperbeam+1","Beam Cell+1"],"picked":"SKIP","floor":46.0},{"not_picked":["White Noise+1","Force Field+1","Capacitor+1"],"picked":"Creative AI","floor":54}],"player_experience":765596,"relics_obtained":[{"floor":9.0,"key":"Question Card"},{"floor":10.0,"key":"MealTicket"},{"floor":14.0,"key":"Anchor"},{"floor":17.0,"key":"Oddly Smooth Stone"},{"floor":17.0,"key":"White Beast Statue"},{"floor":17.0,"key":"Thread and Needle"},{"floor":25.0,"key":"Art of War"},{"floor":27.0,"key":"Blue Candle"},{"floor":30.0,"key":"Mango"},{"floor":41.0,"key":"Bag of Preparation"},{"floor":43.0,"key":"Symbiotic Virus"},{"floor":46.0,"key":"PreservedInsect"},{"floor":54,"key":"Strawberry"}],"event_choices":[{"damage_healed":0.0,"max_hp_gain":0.0,"max_hp_loss":0.0,"gold_gain":0.0,"event_name":"Lab","player_choice":"Got Potions","floor":8.0,"gold_loss":0.0,"damage_taken":0.0},{"cards_removed":["Strike_B"],"damage_healed":0.0,"max_hp_gain":0.0,"max_hp_loss":0.0,"gold_gain":0.0,"event_name":"Beggar","player_choice":"Gave Gold","floor":19.0,"gold_loss":75.0,"damage_taken":0.0},{"damage_healed":0.0,"max_hp_gain":0.0,"max_hp_loss":0.0,"gold_gain":0.0,"event_name":"Addict","player_choice":"Obtained Relic","floor":22.0,"gold_loss":85.0,"damage_taken":0.0,"relics_obtained":["Potion Belt"]}],"is_beta":false,"boss_relics":[{"not_picked":["Cursed Key","Coffee Dripper"],"picked":"Calling Bell"},{"not_picked":["FrozenCore","Busted Crown"],"picked":"Tiny House"}],"items_purged_floors":[3,4,12,21,24,28,38,45,48,53],"is_endless":false,"potions_floor_spawned":[2,7,13,18,20,25,27,29,31,33,35,36,37,39,41,42,46,54],"ascension_level":15}}