{"host":"x3q4ieql2tr7v8o6","time":1610044137,"event":{"mods":["BaseMod","Bestiary","Better Altar","Better Match","Better Note","Better Sensory Stone","Better Skull","Better Third Choice","Colored Map","Colored Powertips","Curses Come First","Minty Spire (QoL Compilation)","StSLib"],"gold_per_floor":[359,359,634,82,100,100,115,115,166,187,187,203,234,255,255,354,354,369,11,11,23,44,44,3,18,45,88,88,106,124,124,124,124,124],"floor_reached":33,"playtime":1153,"items_purged":["Regret","Injury"],"score":540,"play_id":"e3460ef3-04ef-4672-9868-3088145f607e","local_time":"20210107182857","is_ascension_mode":true,"campfire_choices":[{"data":"Transmutation","floor":6,"key":"SMITH"},{"data":"Choke","floor":8,"key":"SMITH"},{"data":"Caltrops","floor":11,"key":"SMITH"},{"floor":15,"key":"REST"},{"floor":23,"key":"REST"},{"floor":28,"key":"REST"},{"floor":32,"key":"REST"}],"circlet_count":0,"master_deck":["AscendersBane","Strike_G","Strike_G","Strike_G","Strike_G","Strike_G","Defend_G","Defend_G","Defend_G","Defend_G+1","Defend_G","Survivor","Neutralize","Quick Slash","Transmutation+1","Flying Knee","Choke+1","Caltrops+1","Backstab","Footwork","Cloak And Dagger+1","Adrenaline","Acrobatics","Concentrate","Noxious Fumes","Slice","Poisoned Stab","Backflip","Writhe"],"relics":["Ring of the Snake","Golden Idol","Chemical X","Happy Flower","Boot","Darkstone Periapt","Busted Crown","Gremlin Horn","War Paint","Bronze Scales","Regal Pillow"],"acts_visited":["Exordium","TheCity"],"potions_floor_usage":[16,27,33],"damage_taken":[{"damage":12,"enemies":"Jaw Worm","floor":1,"turns":7},{"damage":1,"enemies":"Cultist","floor":5,"turns":3},{"damage":0,"enemies":"2 Louse","floor":7,"turns":3},{"damage":0,"enemies":"Looter","floor":10,"turns":2},{"damage":0,"enemies":"Exordium Wildlife","floor":12,"turns":3},{"damage":10,"enemies":"Lagavulin","floor":13,"turns":4},{"damage":9,"enemies":"Red Slaver","floor":14,"turns":6},{"damage":30,"enemies":"Slime Boss","floor":16,"turns":13},{"damage":1,"enemies":"3 Byrds","floor":18,"turns":5},{"damage":11,"enemies":"2 Thieves","floor":21,"turns":4},{"damage":20,"enemies":"Centurion and Healer","floor":22,"turns":8},{"damage":19,"enemies":"Shelled Parasite and Fungi","floor":25,"turns":3},{"damage":0,"enemies":"Gremlin Leader","floor":27,"turns":4},{"damage":20,"enemies":"Sentry and Sphere","floor":29,"turns":4},{"damage":8,"enemies":"Chosen and Byrds","floor":30,"turns":3},{"damage":81,"enemies":"Champ","floor":33,"turns":8}],"seed_played":"-622431869547392042","potions_obtained":[{"floor":1,"key":"FairyPotion"},{"floor":5,"key":"LiquidBronze"},{"floor":18,"key":"Dexterity Potion"},{"floor":29,"key":"DistilledChaos"}],"is_trial":false,"path_per_floor":["M","?","?","$","M","R","M","R","T","M","R","M","E","M","R","B",null,"M","$","?","M","M","R","$","M","T","E","R","M","M","?","R","B"],"character_chosen":"THE_SILENT","items_purchased":["Chemical X","Transmutation","Happy Flower","Gremlin Horn","Noxious Fumes"],"campfire_rested":4,"item_purchase_floors":[4,4,4,19,24],"current_hp_per_floor":[47,47,47,47,46,46,46,46,46,46,46,46,36,27,45,15,49,48,48,48,37,17,35,35,16,16,16,34,14,6,12,46,0,0],"gold":124,"neow_bonus":"TWO_FIFTY_GOLD","is_daily":false,"chose_seed":false,"campfire_upgraded":3,"win_rate":0.0,"timestamp":1610044137,"path_taken":["M","?","?","$","M","R","M","R","T","M","R","M","E","?","R","BOSS","M","$","?","M","M","R","$","M","T","E","R","M","M","?","R","BOSS"],"items_purchased_type":["Relic","Card","Relic","Relic","Card"],"build_version":"2020-12-22","purchased_purges":2,"victory":false,"max_hp_per_floor":[60,60,60,60,60,60,60,60,60,60,60,60,60,60,60,60,60,60,60,60,60,60,60,60,60,60,60,60,60,60,66,66,66,66],"card_choices":[{"not_picked":["Flechettes","Distraction"],"picked":"Quick Slash","floor":1},{"not_picked":["Flechettes","Prepared"],"picked":"Flying Knee","floor":5},{"not_picked":["Dagger Spray","Flechettes"],"picked":"Choke","floor":7},{"not_picked":["Quick Slash","Well Laid Plans"],"picked":"Caltrops","floor":10},{"not_picked":["Deflect","Corpse Explosion"],"picked":"Backstab","floor":12},{"not_picked":["Sucker Punch","Cloak And Dagger"],"picked":"Footwork","floor":13},{"not_picked":["Dagger Throw","All Out Attack"],"picked":"Cloak And Dagger","floor":14},{"not_picked":["Phantasmal Killer","Night Terror"],"picked":"Adrenaline","floor":16},{"not_picked":[],"picked":"Acrobatics","floor":18},{"not_picked":[],"picked":"Concentrate","floor":21},{"not_picked":["Catalyst"],"picked":"SKIP","floor":22},{"not_picked":[],"picked":"Slice","floor":25},{"not_picked":["Dagger Throw"],"picked":"SKIP","floor":27},{"not_picked":[],"picked":"Poisoned Stab","floor":29},{"not_picked":[],"picked":"Backflip","floor":30}],"player_experience":707676,"relics_obtained":[{"floor":9,"key":"Boot"},{"floor":13,"key":"Darkstone Periapt"},{"floor":26,"key":"War Paint"},{"floor":27,"key":"Bronze Scales"}],"event_choices":[{"damage_healed":0,"gold_gain":0,"player_choice":"Take Wound","damage_taken":0,"relics_obtained":["Golden Idol"],"max_hp_gain":0,"max_hp_loss":0,"event_name":"Golden Idol","floor":2,"gold_loss":0,"cards_obtained":["Injury"]},{"damage_healed":0,"gold_gain":275,"player_choice":"Desecrate","damage_taken":0,"max_hp_gain":0,"max_hp_loss":0,"event_name":"Golden Shrine","floor":3,"gold_loss":0,"cards_obtained":["Regret"]},{"damage_healed":0,"gold_gain":0,"player_choice":"Ignored","damage_taken":0,"max_hp_gain":0,"max_hp_loss":0,"event_name":"Vampires","floor":20,"gold_loss":0},{"damage_healed":0,"gold_gain":0,"player_choice":"Opened","damage_taken":0,"relics_obtained":["Regal Pillow"],"max_hp_gain":0,"max_hp_loss":0,"event_name":"The Mausoleum","floor":31,"gold_loss":0,"cards_obtained":["Writhe"]}],"is_beta":false,"boss_relics":[{"not_picked":["Ectoplasm","SlaversCollar"],"picked":"Busted Crown"}],"items_purged_floors":[4,19],"is_endless":false,"potions_floor_spawned":[1,5,12,14,18,21,29],"killed_by":"Champ","ascension_level":15}}