{"host":"69rply1jf2d1wbmp","time":1610017294,"event":{"mods":["BaseMod","Minty Spire (QoL Compilation)","Quick Restart"],"gold_per_floor":[15,115,130,144,144,171,171,22,22,22,22,22,22,33,33,132,132,147,166,166,186,40,40,60,60,60,60,60,73,73,0,0,103,103,123,123,0,20,36,36,86,115,115,135,154,170,170,170],"floor_reached":47,"playtime":1661,"items_purged":[],"score":480,"play_id":"9d964355-cfeb-4e89-906e-aa34f53bc61d","local_time":"20210107060134","is_ascension_mode":false,"campfire_choices":[{"floor":7,"key":"REST"},{"floor":10,"key":"REST"},{"floor":12,"key":"REST"},{"floor":15,"key":"REST"},{"floor":23,"key":"REST"},{"floor":25,"key":"DIG"},{"data":"Envenom","floor":30,"key":"SMITH"},{"floor":32,"key":"REST"},{"floor":40,"key":"DIG"}],"circlet_count":0,"master_deck":["Strike_G","Strike_G+1","Strike_G","Strike_G","Strike_G","Defend_G","Defend_G","Defend_G","Defend_G","Defend_G","Survivor","Neutralize","Panache","Deflect","Accuracy+1","Deadly Poison","Dagger Spray+1","Corpse Explosion","CurseOfTheBell","Cloak And Dagger+1","Terror+1","Blade Dance+1","Blade Dance","Envenom+1","Neutralize+1","Footwork","Envenom","Adrenaline","Bane+1","Noxious Fumes+1","After Image"],"relics":["Ring of the Snake","The Specimen","Sling","Ornamental Fan","Molten Egg 2","Calling Bell","Omamori","Sundial","Shovel","Orrery","Bottled Tornado","Tiny Chest","Philosopher\u0027s Stone","Pear","Red Mask","Strawberry","Tough Bandages","Letter Opener","The Courier"],"acts_visited":["Exordium","TheCity","TheBeyond"],"potions_floor_usage":[6,16,33,44,47],"damage_taken":[{"damage":0,"enemies":"Small Slimes","floor":1,"turns":5},{"damage":0,"enemies":"Cultist","floor":3,"turns":5},{"damage":4,"enemies":"Jaw Worm","floor":4,"turns":6},{"damage":41,"enemies":"3 Sentries","floor":6,"turns":15},{"damage":8,"enemies":"Exordium Wildlife","floor":14,"turns":8},{"damage":46,"enemies":"The Guardian","floor":16,"turns":12},{"damage":3,"enemies":"Shell Parasite","floor":18,"turns":8},{"damage":45,"enemies":"Spheric Guardian","floor":19,"turns":8},{"damage":4,"enemies":"3 Cultists","floor":21,"turns":3},{"damage":12,"enemies":"Snecko","floor":24,"turns":5},{"damage":6,"enemies":"Chosen and Byrds","floor":29,"turns":3},{"damage":59,"enemies":"Collector","floor":33,"turns":7},{"damage":4,"enemies":"Orb Walker","floor":35,"turns":3},{"damage":12,"enemies":"3 Darklings","floor":38,"turns":2},{"damage":1,"enemies":"Writhing Mass","floor":39,"turns":5},{"damage":0,"enemies":"Mind Bloom Boss Battle","floor":41,"turns":5},{"damage":23,"enemies":"Reptomancer","floor":42,"turns":5},{"damage":13,"enemies":"Jaw Worm Horde","floor":44,"turns":3},{"damage":12,"enemies":"Spire Growth","floor":45,"turns":4},{"damage":10,"enemies":"4 Shapes","floor":46,"turns":2},{"damage":19,"enemies":"Maw","floor":47,"turns":5}],"seed_played":"2944876524826648770","potions_obtained":[{"floor":3,"key":"ColorlessPotion"},{"floor":14,"key":"BlessingOfTheForge"},{"floor":16,"key":"Explosive Potion"},{"floor":21,"key":"Block Potion"},{"floor":29,"key":"Poison Potion"},{"floor":38,"key":"Swift Potion"},{"floor":44,"key":"SteroidPotion"},{"floor":46,"key":"Block Potion"}],"is_trial":false,"path_per_floor":["M","?","M","M","?","E","R","$","T","R","$","R","?","M","R","B",null,"M","M","?","M","$","R","M","R","T","?","?","M","R","$","R","B",null,"M","T","?","M","M","R","?","E","T","M","M","M","M"],"character_chosen":"THE_SILENT","items_purchased":["Sling","Orrery","Envenom"],"campfire_rested":6,"item_purchase_floors":[8,22,31],"current_hp_per_floor":[70,70,70,66,52,11,32,32,32,53,53,70,52,44,65,19,70,67,22,45,41,41,62,50,50,50,50,50,44,44,44,65,6,70,66,76,76,64,63,70,70,47,47,34,22,12,0,0],"gold":170,"neow_bonus":"RANDOM_COLORLESS_2","is_daily":false,"chose_seed":false,"campfire_upgraded":1,"win_rate":0.0,"timestamp":1610017294,"path_taken":["M","?","M","?","?","E","R","?","T","R","?","R","?","M","R","BOSS","M","M","?","M","$","R","M","R","T","?","?","?","R","$","R","BOSS","M","?","?","M","M","R","?","E","T","M","?","M","M"],"items_purchased_type":["Relic","Relic","Card"],"build_version":"2020-12-22","purchased_purges":0,"victory":false,"max_hp_per_floor":[70,70,70,70,70,70,70,70,70,70,70,70,70,70,70,70,70,70,70,70,70,70,70,70,70,70,70,70,70,70,70,70,70,70,70,80,80,80,80,87,87,87,87,87,87,87,87,87],"card_choices":[{"not_picked":["Violence","Master of Strategy"],"picked":"Panache","floor":0},{"not_picked":["Reflex","Cloak And Dagger","Dagger Throw"],"picked":"SKIP","floor":1},{"not_picked":["Escape Plan","Dagger Spray"],"picked":"Deflect","floor":3},{"not_picked":["Flying Knee","Poisoned Stab"],"picked":"Accuracy","floor":4},{"not_picked":["A Thousand Cuts","PiercingWail"],"picked":"Deadly Poison","floor":6},{"not_picked":["Quick Slash+1","Heel Hook+1"],"picked":"Dagger Spray+1","floor":14},{"not_picked":["Tools of the Trade","After Image"],"picked":"Corpse Explosion","floor":16},{"not_picked":["Well Laid Plans+1","Outmaneuver","Underhanded Strike+1"],"picked":"SKIP","floor":18},{"not_picked":["Distraction","Backstab+1"],"picked":"Cloak And Dagger+1","floor":19},{"not_picked":["Deflect","Choke+1"],"picked":"Terror+1","floor":21},{"not_picked":["Slice+1","Dash+1"],"picked":"Blade Dance+1","floor":22},{"not_picked":["Dagger Spray+1","Poisoned Stab+1"],"picked":"Blade Dance","floor":22},{"not_picked":["Calculated Gamble+1","Distraction+1"],"picked":"Envenom","floor":24},{"not_picked":["Prepared","PiercingWail","Outmaneuver"],"picked":"SKIP","floor":29},{"not_picked":["Corpse Explosion","Malaise"],"picked":"Adrenaline","floor":33},{"not_picked":["Cloak And Dagger+1","Terror+1"],"picked":"Bane+1","floor":35},{"not_picked":["Bane+1","Finisher+1","Acrobatics"],"picked":"SKIP","floor":38},{"not_picked":["Outmaneuver+1","Blur","Slice+1"],"picked":"SKIP","floor":39},{"not_picked":["Prepared","Riddle With Holes+1"],"picked":"Noxious Fumes+1","floor":41},{"not_picked":["Blur+1","Catalyst"],"picked":"After Image","floor":42},{"not_picked":["Setup","Bane+1","Sucker Punch+1"],"picked":"SKIP","floor":44},{"not_picked":["Tactician","Concentrate","Predator+1"],"picked":"SKIP","floor":45},{"not_picked":["Heel Hook+1","Bane+1","Leg Sweep+1"],"picked":"SKIP","floor":46}],"player_experience":424601,"relics_obtained":[{"floor":6,"key":"The Specimen"},{"floor":9,"key":"Ornamental Fan"},{"floor":17,"key":"Omamori"},{"floor":17,"key":"Sundial"},{"floor":17,"key":"Shovel"},{"floor":25,"key":"Bottled Tornado"},{"floor":26,"key":"Tiny Chest"},{"floor":36,"key":"Pear"},{"floor":40,"key":"Strawberry"},{"floor":41,"key":"Tough Bandages"},{"floor":42,"key":"Letter Opener"},{"floor":43,"key":"The Courier"}],"event_choices":[{"damage_healed":0,"gold_gain":100,"player_choice":"Pray","damage_taken":0,"max_hp_gain":0,"max_hp_loss":0,"event_name":"Golden Shrine","floor":2,"gold_loss":0},{"damage_healed":0,"gold_gain":0,"player_choice":"Entered Light","damage_taken":14,"max_hp_gain":0,"max_hp_loss":0,"event_name":"Shining Light","floor":5,"gold_loss":0,"cards_upgraded":["Accuracy","Strike_G"]},{"damage_healed":0,"gold_gain":0,"player_choice":"Success","damage_taken":18,"relics_obtained":["Molten Egg 2"],"max_hp_gain":0,"max_hp_loss":0,"event_name":"Scrap Ooze","floor":13,"gold_loss":0},{"damage_healed":23,"gold_gain":0,"player_choice":"Heal","damage_taken":0,"max_hp_gain":0,"max_hp_loss":0,"event_name":"The Library","floor":20,"gold_loss":0},{"damage_healed":0,"gold_gain":0,"player_choice":"Ignored","damage_taken":0,"max_hp_gain":0,"max_hp_loss":0,"event_name":"Vampires","floor":27,"gold_loss":0},{"damage_healed":0,"gold_gain":0,"player_choice":"2 cards matched","damage_taken":0,"max_hp_gain":0,"max_hp_loss":0,"event_name":"Match and Keep!","floor":28,"gold_loss":0,"cards_obtained":["Neutralize","Footwork"]},{"damage_healed":0,"gold_gain":0,"player_choice":"Paid","damage_taken":0,"relics_obtained":["Red Mask"],"max_hp_gain":0,"max_hp_loss":0,"event_name":"Tomb of Lord Red Mask","floor":37,"gold_loss":123},{"damage_healed":0,"gold_gain":0,"player_choice":"Fight","damage_taken":0,"max_hp_gain":0,"max_hp_loss":0,"event_name":"MindBloom","floor":41,"gold_loss":0}],"is_beta":false,"boss_relics":[{"not_picked":["Ectoplasm","Fusion Hammer"],"picked":"Calling Bell"},{"not_picked":["SlaversCollar","Snecko Eye"],"picked":"Philosopher\u0027s Stone"}],"items_purged_floors":[],"is_endless":false,"potions_floor_spawned":[3,14,16,21,29,38,39,44,45,46],"killed_by":"Maw","ascension_level":0}}