{"host":"qvm8mnkwg7phaqzl","time":1610014696,"event":{"mods":["2.2 Compatiblity","Act Like it!","Aspiration","Astrologer","Bard","BaseMod","Beaked The Cultist","Better Altar","Better Match","Better Note","Better Sensory Stone","Better Skull","Better Third Choice","CCEM","CapriCore","CatGirl Mod","Chen","Colored Map","Conspire","DeckTracker","Downfall","Elementarium","Friendly Minions","Gensokyo","GifTheSpireLib","Gremlin Mod","Halation","Hermit","Hubris","Koishi","Marisa（霧雨　魔理沙）","Marked Mod","Mathematician","Minty Spire (QoL Compilation)","Onozuka Komachi Mod","Potionbrewer","Random Character Button","Rare Cards Sparkle","Reimu（博??梦）","Replay The Spire","Shade Mod","Somnambulant","StSLib","The Accelerator","The Administrix","The Alterego","The Blackbeard","The Bladedancer","The Bug Knight","The Caster","The Construct","The Cursed","The Disciple","The Dragon Tamer","The Druid","The Elementalist","The Factory","The Florist","The Forsaken","The Gatherer","The Hierophant","The Immortal","The Judge","The Juggle","The Jungle","The Marked","The Mystic","The Necromancer","The Poker Player","The Problem Sleuth","The Runesmith","The Sage","The Servant 0.9.4","The Spell Scribe","The Valiant","The Witch","TheArtist","TheBandit","TheFirefly","Wandering Minibosses","Yakumo Yukari mod","Yuyuko","vexMod","yUi"],"gold_per_floor":[99,111,111,36,56,24,24,24,42,42,77,77,77,177,139,64,92,145,70,85,110,128,231,231,231,243,51,66,31,46,46,46,46,46,81,6,31,42,42,42,42,42,142,174,198,198,48,61,74,103,34,51,51,61,72,7,42,53,107,157,177,281,281,281,292,311,311,10,29,29,29,48,59,59,59,88,119,200,200,200,251,251,251,262,293,118,136,156,183,183,202,2,12,27,53,53,65,85,85,85,110,110,110,110],"floor_reached":75,"playtime":9257,"items_purged":["champ:Strike","champ:Strike","champ:Defend","Sickly","champ:Strike","champ:Strike"],"score":2353,"play_id":"a3803d80-7b11-459f-937d-8b6da3b51376","local_time":"20210107041816","is_ascension_mode":true,"campfire_choices":[{"data":"champ:Taunt","floor":1.0,"key":"SMITH"},{"data":"champ:FanOfKnives","floor":5.0,"key":"SMITH"},{"data":"expansioncontent:DefensiveStance","floor":8.0,"key":"SMITH"},{"data":"champ:Lariat","floor":9.0,"key":"SMITH"},{"data":"champ:CheapShot","floor":15.0,"key":"SMITH"},{"floor":24.0,"key":"RECALL"},{"data":"champ:IronFortress","floor":24.0,"key":"SMITH"},{"data":"champ:FlashCut","floor":27.0,"key":"SMITH"},{"data":"RitualDagger","floor":32.0,"key":"SMITH"},{"data":"champ:CrownThrow","floor":48.0,"key":"SMITH"},{"floor":59.0,"key":"REST"},{"data":"champ:Lariat","floor":62.0,"key":"SMITH"},{"data":"champ:Lariat","floor":66.0,"key":"SMITH"},{"data":"champ:SteelEdge","floor":73,"key":"SMITH"}],"circlet_count":0,"master_deck":["champ:Execute","champ:Taunt+1","champ:GutPunch","champ:Aggression","champ:Balance","champ:Balance+1","champ:FanOfKnives+1","champ:Backstep","champ:ShieldThrow","champ:FlashCut+1","expansioncontent:DefensiveStance+1","champ:Lariat+1","champ:BringItOn+1","champ:IronFortress+1","champ:CheapShot+1","champ:ShieldThrow","CurseOfTheBell","champ:AdrenalArmor+1","champ:EndlessRage+1","champ:CrownThrow+1","champ:IgnorePain+1","champ:IronFortress+1","champ:GladiatorStyle+1","RitualDagger+1","champ:RapidStrikes","champ:StrikeOfGenius+1","J.A.X.+1","champ:CalledShot+1","champ:IronFortress+1","champ:DefensiveStyle+1","champ:DancingMaster+1","champ:BerserkerStyle+1","champ:Lariat+1","champ:Lariat+1","champ:SteelEdge+1","champ:Control+1"],"relics":["champ:ChampionCrown","aspiration:Nostalgia","Uniform","Gensokyo:PortableGap","champ:DefensiveTrainingManual","theCatGirl:DriedFish","Onion Ring","CCEMRelics:Pendulum","downfall:HeartBlessingBlue","Gremlin Horn","Quantum Egg","downfall:HeartBlessingGreen","theForsaken:Gavel","Calling Bell","Centennial Puzzle","Frozen Egg 2","hubris:CuriousFeather","Orichalcum","Replay:Bottled Snecko","Ring of Searing","Ring of Panic","Potion Belt","downfall:HeartBlessingRed","hubris:TenFootPole","MutagenicStrength","potionbrewer:DrinkingBird","War Paint","theCatGirl:Ambush","Replay:PocketPolymizer","RuthlessExorcism:ReiMu","ReplayFunnel","hubris:TerracottaHorce","Kunai","Pear","CCEMRelics:FryingPan","Ornamental Fan","hubris:Towel","halation:AfternoonTea","Anchor","CCEMRelics:TinyMinotavrHorn","theForsaken:Kindling","Gremlin Food","Toy Ornithopter","Ice Cream","Strawberry","CCEMRelics:SpiritsEdge"],"acts_visited":["Gensokyo:Gensokyo","TheCity","TheBeyond","TheEnding"],"potions_floor_usage":[74,74,74,74,74,74],"damage_taken":[{"damage":5.0,"enemies":"Gensokyo:2_Kodama","floor":2.0,"turns":5.0},{"damage":18.0,"enemies":"downfall:FleeingMerchant","floor":2.0,"turns":4.0},{"damage":4.0,"enemies":"Gensokyo:Python","floor":3.0,"turns":3.0},{"damage":10.0,"enemies":"Gensokyo:3_Fairies","floor":5.0,"turns":4.0},{"damage":25.0,"enemies":"Gensokyo:Mamizou","floor":7.0,"turns":7.0},{"damage":18.0,"enemies":"downfall:FleeingMerchant","floor":7.0,"turns":4.0},{"damage":10.0,"enemies":"Gensokyo:Cirno","floor":7.0,"turns":7.0},{"damage":8.0,"enemies":"Gensokyo:Gryphon_and_Rabbit","floor":10.0,"turns":3.0},{"damage":0.0,"enemies":"Gensokyo:Mamizou","floor":11.0,"turns":6.0},{"damage":9.0,"enemies":"Gensokyo:2_Rabbits","floor":12.0,"turns":2.0},{"damage":32.0,"enemies":"downfall:Silent","floor":13.0,"turns":9.0},{"damage":0.0,"enemies":"3 Byrds","floor":16.0,"turns":3.0},{"damage":19.0,"enemies":"downfall:FleeingMerchant","floor":17.0,"turns":5.0},{"damage":4.0,"enemies":"Snake Plant","floor":18.0,"turns":3.0},{"damage":10.0,"enemies":"downfall:FleeingMerchant","floor":19.0,"turns":5.0},{"damage":21.0,"enemies":"Centurion and Healer","floor":20.0,"turns":6.0},{"damage":17.0,"enemies":"conspire:Head Lice","floor":25.0,"turns":4.0},{"damage":9.0,"enemies":"3 Cultists","floor":26.0,"turns":3.0},{"damage":6.0,"enemies":"downfall:Augmenter","floor":29.0,"turns":2.0},{"damage":7.0,"enemies":"Book of Stabbing","floor":30.0,"turns":2.0},{"damage":7.0,"enemies":"Snecko","floor":34.0,"turns":3.0},{"damage":5.0,"enemies":"Snake Plant","floor":35.0,"turns":3.0},{"damage":0.0,"enemies":"Replay:Snechameleon","floor":36.0,"turns":3.0},{"damage":0.0,"enemies":"Cultist and Chosen","floor":36.0,"turns":4.0},{"damage":34.0,"enemies":"Centurion and Healer","floor":38.0,"turns":4.0},{"damage":0.0,"enemies":"Shelled Parasite and Fungi","floor":39.0,"turns":1.0},{"damage":22.0,"enemies":"HollowMod:Nosk","floor":41.0,"turns":5.0},{"damage":8.0,"enemies":"Snake Plant","floor":42.0,"turns":2.0},{"damage":12.0,"enemies":"Snecko","floor":45.0,"turns":2.0},{"damage":16.0,"enemies":"downfall:Ironclad","floor":46.0,"turns":4.0},{"damage":5.0,"enemies":"3 Shapes","floor":49.0,"turns":2.0},{"damage":13.0,"enemies":"Orb Walker","floor":50.0,"turns":1.0},{"damage":18.0,"enemies":"Sphere and 2 Shapes","floor":53.0,"turns":3.0},{"damage":35.0,"enemies":"Transient","floor":54.0,"turns":5.0},{"damage":3.0,"enemies":"Jaw Worm Horde","floor":55.0,"turns":2.0},{"damage":21.0,"enemies":"Nemesis","floor":58.0,"turns":3.0},{"damage":28.0,"enemies":"R_Hoarder","floor":57.0,"turns":3.0},{"damage":2.0,"enemies":"4 Shapes","floor":58.0,"turns":1.0},{"damage":14.0,"enemies":"Nemesis","floor":59.0,"turns":4.0},{"damage":12.0,"enemies":"3 Darklings","floor":61.0,"turns":2.0},{"damage":30.0,"enemies":"Writhing Mass","floor":62.0,"turns":4.0},{"damage":40.0,"enemies":"Giant Head","floor":63.0,"turns":4.0},{"damage":54.0,"enemies":"Maw","floor":63.0,"turns":4.0},{"damage":3.0,"enemies":"4 Shapes","floor":63.0,"turns":2.0},{"damage":6.0,"enemies":"Spire Growth","floor":64.0,"turns":1.0},{"damage":8.0,"enemies":"Nemesis","floor":65.0,"turns":2.0},{"damage":39.0,"enemies":"Transient","floor":67.0,"turns":5.0},{"damage":0.0,"enemies":"Writhing Mass","floor":68.0,"turns":3.0},{"damage":15.0,"enemies":"downfall:Watcher","floor":69.0,"turns":4.0},{"damage":13.0,"enemies":"downfall:CharBossMerchant","floor":71.0,"turns":3.0},{"damage":100,"enemies":"downfall:NeowBoss","floor":74,"turns":12}],"seed_played":"1166890317781464127","potions_obtained":[{"floor":3.0,"key":"Milkshake"},{"floor":7.0,"key":"GamblersBrew"},{"floor":7.0,"key":"Elixir"},{"floor":10.0,"key":"PowerPotion"},{"floor":13.0,"key":"champ:CounterPotion"},{"floor":20.0,"key":"Fruit Juice"},{"floor":25.0,"key":"Adrenaline Potion"},{"floor":26.0,"key":"SneckoOil"},{"floor":30.0,"key":"potionbrewer:EndurancePotion"},{"floor":36.0,"key":"Swift Potion"},{"floor":36.0,"key":"construct:ShiftPotion"},{"floor":38.0,"key":"Fruit Juice"},{"floor":45.0,"key":"potionbrewer:BoundlessPotion"},{"floor":46.0,"key":"champ:CounterPotion"},{"floor":49.0,"key":"SteroidPotion"},{"floor":50.0,"key":"FearPotion"},{"floor":57.0,"key":"SpeedPotion"},{"floor":61.0,"key":"FearPotion"},{"floor":62.0,"key":"champ:CounterPotion"},{"floor":63.0,"key":"Fire Potion"},{"floor":63.0,"key":"potionbrewer:HastePotion"},{"floor":65.0,"key":"SteroidPotion"}],"is_trial":false,"path_per_floor":["R","M","?","$","M","COS","R","T","M","T","E","T","T","?","$","R","E","?","R","M","E","M","B",null,"R","M","$","M","$","M","T","?","?","R","E","R","T","M","R","?","E","?","?","E","T","R","$","M","M","E","$","M","T","M","M","?","E","M","T","?","M","B",null,"R_BF","M","M","?","$","M","T","T","M","M","$","?","E","E","T","?","T","T","?","R","M","E","$","M","M","E","R","M","$","M","M","E","R","M","M","B",null,"E","$","R","B",null],"character_chosen":"THE_CHAMP","items_purchased":["champ:Balance","champ:FlashCut","expansioncontent:DefensiveStance","champ:EndlessRage+1","champ:IgnorePain+1","Orichalcum","champ:IronFortress+1","champ:BerserkerStyle+1","Pear"],"campfire_rested":1,"item_purchase_floors":[2,7,7,17,19,19,37,52,52],"current_hp_per_floor":[90,90,78,78,75,75,75,72,72,72,69,66,66,66,61,71,70,53,53,53,55,55,52,67,67,67,67,67,67,66,66,66,61,61,51,51,51,48,48,45,45,45,49,48,48,48,48,48,45,45,45,52,52,47,49,63,58,52,52,52,47,43,58,58,53,45,45,55,52,52,52,46,43,43,43,29,29,29,36,36,36,36,59,59,49,49,46,46,43,43,42,42,39,44,50,50,41,43,50,62,56,56,56,58],"gold":110,"neow_bonus":"NOSTALGIA","is_daily":false,"chose_seed":false,"campfire_upgraded":12,"win_rate":0.0,"timestamp":1610014696,"path_taken":["R","M","?","$","M","COS","R","T","M","T","E","T","T","?","$","R","E","?","R","M","E","M","BOSS","R","M","$","M","$","M","T","?","?","R","E","R","T","?","R","?","E","?","?","E","T","R","$","M","M","E","?","?","T","M","M","?","E","M","?","?","M","BOSS","R_BF","M","M","?","$","M","T","T","M","M","$","?","E","E","T","?","T","T","?","R","?","E","?","M","M","E","R","M","$","?","M","E","R","M","M","BOSS","E","$","R","BOSS"],"items_purchased_type":["Card","Card","Card","Card","Card","Relic","Card","Card","Relic"],"build_version":"2020-12-22","purchased_purges":6,"victory":true,"max_hp_per_floor":[90,90,78,78,75,75,75,72,72,72,69,66,66,66,66,73,70,70,70,67,67,67,67,67,67,67,67,67,67,67,67,67,67,67,64,64,64,64,64,64,61,61,66,66,66,66,66,66,66,66,63,63,63,63,63,63,63,63,63,63,63,63,63,63,63,63,63,73,73,70,70,70,70,70,70,72,72,69,69,66,66,63,65,65,65,65,65,65,62,62,62,59,59,59,66,66,66,66,66,66,66,66,66,66],"card_choices":[{"not_picked":["champ:BringItOn","champ:PreciseThrust"],"picked":"champ:GutPunch","floor":2.0},{"not_picked":["champ:EndlessRage","champ:Riposte"],"picked":"champ:Aggression","floor":2.0},{"not_picked":["champ:HeartStrike","champ:Circumvent"],"picked":"champ:FanOfKnives","floor":3.0},{"not_picked":["champ:StanceDance","champ:GladiatorsShout"],"picked":"champ:Backstep","floor":5.0},{"not_picked":["champ:BladeFlurry","champ:TornadoPunch","champ:RecklessLeap"],"picked":"SKIP","floor":7.0},{"not_picked":["champ:Riposte","champ:Backstep"],"picked":"champ:ShieldThrow","floor":7.0},{"not_picked":["champ:DefensiveShout","champ:StanceDance"],"picked":"champ:Lariat","floor":7.0},{"not_picked":["champ:FlashCut","champ:FocusedBerserking"],"picked":"champ:BringItOn","floor":8.0},{"not_picked":["champ:FanOfKnives","champ:Backstep"],"picked":"champ:IronFortress","floor":10.0},{"not_picked":["champ:CrookedStrike","champ:GladiatorStyle"],"picked":"champ:CheapShot","floor":11.0},{"not_picked":["champ:DeathBlow","champ:Backstep","champ:FlashCut"],"picked":"SKIP","floor":12.0},{"not_picked":["champ:ShieldSlam","champ:HeavySlash"],"picked":"champ:ShieldThrow","floor":13.0},{"not_picked":["champ:TornadoPunch+1","champ:FalseCounter+1"],"picked":"champ:AdrenalArmor+1","floor":16.0},{"not_picked":["champ:DefensiveShout","champ:RecklessLeap","champ:FocusedBerserking"],"picked":"SKIP","floor":17.0},{"not_picked":["champ:StanceDance","champ:FanOfKnives","champ:ShieldWall+1"],"picked":"SKIP","floor":18.0},{"not_picked":["champ:Backstep","champ:BerserkersShout"],"picked":"champ:CrownThrow","floor":19.0},{"not_picked":["champ:Riposte+1","champ:EnragedBash+1"],"picked":"champ:IronFortress+1","floor":20.0},{"not_picked":["champ:ShieldWall+1","champ:HeartStrike","champ:Shatter"],"picked":"SKIP","floor":25.0},{"not_picked":["champ:PerfectedStrike","champ:DefensiveShout+1"],"picked":"champ:GladiatorStyle+1","floor":26.0},{"not_picked":[],"picked":"J.A.X.","floor":29.0},{"not_picked":["champ:PreciseThrust","champ:TornadoPunch+1"],"picked":"champ:CalledShot+1","floor":29.0},{"not_picked":["champ:Aggression","champ:AdrenalArmor","champ:Riposte"],"picked":"SKIP","floor":30.0},{"not_picked":["champ:CrookedStrike","champ:BladeFlurry","champ:HeartStrike"],"picked":"SKIP","floor":34.0},{"not_picked":["champ:LastStand+1","champ:TornadoPunch","champ:RisingSlash+1"],"picked":"SKIP","floor":35.0},{"not_picked":["champ:Duel","champ:StanceDance+1","champ:PreciseThrust"],"picked":"SKIP","floor":36.0},{"not_picked":["champ:Aggression","champ:GutPunch","champ:FocusedGladiator"],"picked":"SKIP","floor":36.0},{"not_picked":["champ:StanceDance","champ:FanOfKnives+1","champ:TornadoPunch"],"picked":"SKIP","floor":38.0},{"not_picked":["champ:IronFortress+1","champ:ArenaPreparation"],"picked":"champ:DefensiveStyle+1","floor":39.0},{"not_picked":["champ:BerserkersShout","champ:Haymaker+1","champ:FaceSlap+1"],"picked":"SKIP","floor":41.0},{"not_picked":["champ:BerserkersShout","champ:FightOn","champ:ShieldWall+1"],"picked":"SKIP","floor":42.0},{"not_picked":["champ:BerserkersShout","champ:Haymaker","champ:BladeFlurry"],"picked":"SKIP","floor":45.0},{"not_picked":["champ:HoldFirm","champ:SteelEdge"],"picked":"champ:DancingMaster+1","floor":46.0},{"not_picked":["champ:BladeFlurry+1","champ:BerserkersShout+1","champ:RecklessLeap+1"],"picked":"SKIP","floor":49.0},{"not_picked":["champ:Circumvent","champ:AdrenalArmor","champ:FanOfKnives+1"],"picked":"SKIP","floor":50.0},{"not_picked":["champ:GladiatorsShout","champ:AdrenalArmor+1","champ:BringItOn"],"picked":"SKIP","floor":53.0},{"not_picked":["champ:CrookedStrike","champ:ShieldSlam","champ:DefensiveStyle+1"],"picked":"SKIP","floor":54.0},{"not_picked":["champ:ArenaPreparation","champ:GutPunch","champ:BladeFlurry"],"picked":"SKIP","floor":55.0},{"not_picked":["champ:GutPunch","champ:RecklessLeap","champ:RapidStrikes"],"picked":"SKIP","floor":58.0},{"not_picked":["champ:PerfectedStrike","champ:GutPunch"],"picked":"champ:Lariat","floor":57.0},{"not_picked":["champ:FanOfKnives","champ:ArenaPreparation+1","champ:SkillfulDodge+1"],"picked":"SKIP","floor":58.0},{"not_picked":["champ:FlashCut+1","champ:BerserkersShout","champ:BringItOn"],"picked":"SKIP","floor":59.0},{"not_picked":["champ:GutPunch+1","champ:AdrenalArmor","champ:BladeFlurry+1"],"picked":"SKIP","floor":61.0},{"not_picked":["champ:FanOfKnives","champ:RapidStrikes+1"],"picked":"champ:Lariat","floor":62.0},{"not_picked":["champ:TornadoPunch","champ:CrookedStrike+1","champ:Encircle"],"picked":"SKIP","floor":63.0},{"not_picked":["champ:Haymaker","champ:FanOfKnives+1","champ:RecklessLeap"],"picked":"SKIP","floor":63.0},{"not_picked":["champ:Haymaker","champ:CrookedStrike+1","champ:DefensiveStyle+1"],"picked":"SKIP","floor":63.0},{"not_picked":["champ:IronFortress+1","champ:BringItOn","champ:GladiatorsShout+1"],"picked":"SKIP","floor":64.0},{"not_picked":["champ:IronFortress+1","champ:Haymaker+1"],"picked":"champ:SteelEdge","floor":65.0},{"not_picked":["champ:AdrenalArmor","champ:RapidStrikes+1","champ:Haymaker"],"picked":"SKIP","floor":67.0},{"not_picked":["champ:RecklessLeap+1","champ:CrookedStrike+1"],"picked":"champ:Control+1","floor":68.0},{"not_picked":["champ:Aggression+1","champ:PreciseThrust+1","champ:DeathBlow+1"],"picked":"SKIP","floor":71.0}],"player_experience":667815,"relics_obtained":[{"floor":6.0,"key":"champ:DefensiveTrainingManual"},{"floor":7.0,"key":"theCatGirl:DriedFish"},{"floor":6.0,"key":"Onion Ring"},{"floor":5.0,"key":"CCEMRelics:Pendulum"},{"floor":7.0,"key":"Gremlin Horn"},{"floor":8.0,"key":"Quantum Egg"},{"floor":11.0,"key":"theForsaken:Gavel"},{"floor":14.0,"key":"Centennial Puzzle"},{"floor":14.0,"key":"Frozen Egg 2"},{"floor":14.0,"key":"hubris:CuriousFeather"},{"floor":21.0,"key":"Replay:Bottled Snecko"},{"floor":22.0,"key":"Ring of Searing"},{"floor":22.0,"key":"Ring of Panic"},{"floor":25.0,"key":"Potion Belt"},{"floor":25.0,"key":"hubris:TenFootPole"},{"floor":29.0,"key":"MutagenicStrength"},{"floor":30.0,"key":"potionbrewer:DrinkingBird"},{"floor":31.0,"key":"War Paint"},{"floor":36.0,"key":"theCatGirl:Ambush"},{"floor":37.0,"key":"Replay:PocketPolymizer"},{"floor":41.0,"key":"RuthlessExorcism:ReiMu"},{"floor":43.0,"key":"ReplayFunnel"},{"floor":51.0,"key":"Kunai"},{"floor":54.0,"key":"CCEMRelics:FryingPan"},{"floor":53.0,"key":"Ornamental Fan"},{"floor":58.0,"key":"halation:AfternoonTea"},{"floor":57.0,"key":"Anchor"},{"floor":58.0,"key":"CCEMRelics:TinyMinotavrHorn"},{"floor":58.0,"key":"theForsaken:Kindling"},{"floor":57.0,"key":"Gremlin Food"},{"floor":59.0,"key":"Toy Ornithopter"},{"floor":63.0,"key":"Ice Cream"},{"floor":65.0,"key":"Strawberry"},{"floor":71.0,"key":"CCEMRelics:SpiritsEdge"}],"event_choices":[],"is_beta":false,"boss_relics":[{"not_picked":["Replay:Bronze Core","Coffee Dripper"],"picked":"Calling Bell"},{"not_picked":["halation:HeavySnake","beaked:MawFillet"],"picked":"hubris:TerracottaHorce"}],"items_purged_floors":[7,17,19,33,60,64],"is_endless":false,"potions_floor_spawned":[3,7,7,10,13,20,25,26,30,36,36,38,45,46,49,50,57,61,62,63,63,65],"ascension_level":5}}