{"host":"6ko66ogg91i6g7xq","time":1610052070,"event":{"mods":["AchievementEnabler","Act Like it!","BaseMod","Colored Map","Colored Powertips","Downfall","Hermit","Minty Spire (QoL Compilation)","Quick Restart","Relic Stats","StSLib","The Jungle","everything is the same but u backflip on backflip"],"gold_per_floor":[115,115,135,162,162,162,162],"floor_reached":6,"playtime":46,"items_purged":[],"score":72,"play_id":"ecd8d07f-a7b8-488e-88f1-41d6e2f35ebc","local_time":"20210107154110","is_ascension_mode":true,"campfire_choices":[],"circlet_count":0,"master_deck":["Strike_G","Strike_G","Strike_G","Strike_G","Strike_G","Defend_G","Defend_G","Defend_G","Defend_G","Defend_G","Survivor","Neutralize","Caltrops"],"relics":["Ring of the Snake","NeowsBlessing","CultistMask","Nunchaku"],"acts_visited":["Exordium"],"potions_floor_usage":[],"damage_taken":[{"damage":0,"enemies":"Cultist","floor":1,"turns":1},{"damage":0,"enemies":"Small Slimes","floor":3,"turns":1},{"damage":0,"enemies":"Gremlin Nob","floor":6,"turns":1}],"seed_played":"-8355973767748416263","potions_obtained":[],"is_trial":false,"path_per_floor":["M","?","M","T","$","E"],"character_chosen":"THE_SILENT","items_purchased":[],"campfire_rested":0,"item_purchase_floors":[],"current_hp_per_floor":[70,70,70,70,70,70,70],"gold":162,"neow_bonus":"THREE_ENEMY_KILL","is_daily":false,"chose_seed":false,"campfire_upgraded":0,"win_rate":0.0,"timestamp":1610052070,"path_taken":["M","?","?","?","$","E"],"items_purchased_type":[],"build_version":"2020-12-22","purchased_purges":0,"victory":false,"max_hp_per_floor":[70,70,70,70,70,70,70],"relic_stats":{"Nunchaku":[0],"counters":[3,3],"obtain_stats":[{"Nunchaku":4,"NeowsBlessing":0,"CultistMask":2,"Ring of the Snake":0},{"Nunchaku":2,"NeowsBlessing":0,"CultistMask":1,"Ring of the Snake":0},{"Nunchaku":2,"NeowsBlessing":0,"CultistMask":1,"Ring of the Snake":0}],"Ring of the Snake":[6]},"card_choices":[{"not_picked":["Deflect","Riddle With Holes","Acrobatics"],"picked":"SKIP","floor":1},{"not_picked":["Slice","Bouncing Flask"],"picked":"Caltrops","floor":3}],"player_experience":253378,"relics_obtained":[{"floor":4,"key":"Nunchaku"}],"event_choices":[{"damage_healed":0,"gold_gain":0,"player_choice":"Trade","damage_taken":0,"relics_obtained":["CultistMask"],"max_hp_gain":0,"max_hp_loss":0,"event_name":"FaceTrader","floor":2,"gold_loss":0}],"is_beta":false,"boss_relics":[],"items_purged_floors":[],"is_endless":false,"potions_floor_spawned":[6],"killed_by":"Gremlin Nob","ascension_level":1}}