{"host":"4qkvkh7pd9qr2mca","time":1610059487,"event":{"mods":["AchievementEnabler","BaseMod","Colored Map","Colored Powertips","Highlight Path","Minty Spire (QoL Compilation)","Permanent Neow","Quick Restart","StSLib","SuperFastMode"],"gold_per_floor":[111,123,137,153,118,118,118,153,153,182,193,193,193,47,47,124,124,142,57,73,73,73,73,73],"floor_reached":23,"playtime":653,"items_purged":[],"score":398,"play_id":"2d7b7a73-99d7-4920-942a-6d7d12b577ea","local_time":"20210107234447","is_ascension_mode":true,"campfire_choices":[{"data":"Zap","floor":6,"key":"SMITH"},{"floor":13,"key":"REST"},{"data":"White Noise","floor":15,"key":"SMITH"}],"circlet_count":0,"master_deck":["AscendersBane","Strike_B","Strike_B","Defend_B","Defend_B","Defend_B","Defend_B","Zap+1","Dualcast","Gash","Genetic Algorithm","White Noise+1","Undo","All For One","Doom and Gloom","Beam Cell","Gash","Defragment+1","Creative AI+1","Coolheaded"],"relics":["Cracked Core","Blood Vial","Sundial","Mercury Hourglass","Pen Nib","Frozen Egg 2","Fusion Hammer","Orichalcum"],"acts_visited":["Exordium","TheCity"],"potions_floor_usage":[8,16,23],"damage_taken":[{"damage":1,"enemies":"Small Slimes","floor":1,"turns":3},{"damage":2,"enemies":"Jaw Worm","floor":2,"turns":3},{"damage":1,"enemies":"Cultist","floor":3,"turns":3},{"damage":17,"enemies":"3 Louse","floor":4,"turns":5},{"damage":12,"enemies":"Lagavulin","floor":8,"turns":4},{"damage":44,"enemies":"Gremlin Nob","floor":10,"turns":4},{"damage":6,"enemies":"Looter","floor":11,"turns":3},{"damage":5,"enemies":"The Guardian","floor":16,"turns":7},{"damage":0,"enemies":"Chosen","floor":18,"turns":4},{"damage":34,"enemies":"Shell Parasite","floor":20,"turns":5},{"damage":41,"enemies":"Slavers","floor":23,"turns":3}],"seed_played":"-3852579827469922250","potions_obtained":[{"floor":2,"key":"EssenceOfSteel"},{"floor":4,"key":"AttackPotion"},{"floor":10,"key":"SmokeBomb"},{"floor":18,"key":"FearPotion"},{"floor":20,"key":"SteroidPotion"}],"is_trial":false,"path_per_floor":["M","M","M","M","?","R","?","E","T","E","M","T","R","$","R","B",null,"M","?","M","$","?","E"],"character_chosen":"DEFECT","items_purchased":["Gash","Defragment+1"],"campfire_rested":1,"item_purchase_floors":[14,14],"current_hp_per_floor":[65,65,66,51,68,68,61,51,51,9,5,5,26,26,26,23,59,61,61,29,29,29,0,0],"gold":73,"neow_bonus":"RANDOM_COMMON_RELIC","is_daily":false,"chose_seed":false,"campfire_upgraded":2,"win_rate":0.0,"timestamp":1610059487,"path_taken":["M","M","M","M","?","R","?","E","T","E","M","?","R","$","R","BOSS","M","?","M","$","?","E"],"items_purchased_type":["Card","Card"],"build_version":"2020-12-22","purchased_purges":0,"victory":false,"max_hp_per_floor":[71,71,71,71,71,71,71,71,71,71,71,71,71,71,71,71,71,71,71,71,71,71,71,71],"card_choices":[{"not_picked":["Stack","Coolheaded"],"picked":"Gash","floor":1},{"not_picked":["Steam","White Noise"],"picked":"Genetic Algorithm","floor":2},{"not_picked":["Leap","Ball Lightning"],"picked":"White Noise","floor":3},{"not_picked":["Streamline","Rebound"],"picked":"Undo","floor":4},{"not_picked":["Cold Snap","Barrage"],"picked":"All For One","floor":8},{"not_picked":["Cold Snap","Double Energy"],"picked":"Doom and Gloom","floor":10},{"not_picked":["Leap","Turbo"],"picked":"Beam Cell","floor":11},{"not_picked":["Core Surge","Hyperbeam"],"picked":"Creative AI+1","floor":16},{"not_picked":["Ball Lightning","Redo","Storm+1"],"picked":"SKIP","floor":18},{"not_picked":["Genetic Algorithm","Storm+1"],"picked":"Coolheaded","floor":20}],"player_experience":512289,"relics_obtained":[{"floor":8,"key":"Sundial"},{"floor":9,"key":"Mercury Hourglass"},{"floor":10,"key":"Pen Nib"},{"floor":12,"key":"Frozen Egg 2"}],"event_choices":[{"damage_healed":17,"gold_gain":0,"player_choice":"Healed","damage_taken":0,"max_hp_gain":0,"max_hp_loss":0,"event_name":"The Cleric","floor":5,"gold_loss":35},{"cards_removed":["Strike_B"],"damage_healed":0,"gold_gain":0,"player_choice":"Card Removal","damage_taken":7,"max_hp_gain":0,"max_hp_loss":0,"event_name":"Golden Wing","floor":7,"gold_loss":0},{"damage_healed":0,"gold_gain":0,"player_choice":"Obtained Relic","damage_taken":0,"relics_obtained":["Orichalcum"],"max_hp_gain":0,"max_hp_loss":0,"event_name":"Addict","floor":19,"gold_loss":85},{"cards_removed":["Strike_B"],"damage_healed":0,"gold_gain":0,"player_choice":"Purged","damage_taken":0,"max_hp_gain":0,"max_hp_loss":0,"event_name":"Purifier","floor":22,"gold_loss":0}],"is_beta":false,"boss_relics":[{"not_picked":["Pandora\u0027s Box","Philosopher\u0027s Stone"],"picked":"Fusion Hammer"}],"items_purged_floors":[],"is_endless":false,"potions_floor_spawned":[2,4,10,11,18,20],"killed_by":"Slavers","ascension_level":20}}