{"host":"2he95iptrbxkejc1","time":1610020676,"event":{"mods":["AchievementEnabler","BaseMod","Colored Powertips","Downfall","Hermit","Infinite Spire","Marisa????????","Minty Spire (QoL Compilation)","Random Character Mod","Replay The Spire","StSLib","Td1madao Mod","The Cursed","The Disciple","The Hierophant","The Marked","The Mystic","The Necromancer","The Poker Player","The Runesmith","The Servant 0.9.4"],"gold_per_floor":[99,24,24,24,24,36,59,59,76,104,116,128,53,72,89,193,193,193,204,217,236,236,256,328,328,328,347,347,364,381,410,427,531,531,456,467,478,494,509,509,509,509],"floor_reached":40,"playtime":3087,"items_purged":["Guardian:Defend_Guardian","Guardian:Defend_Guardian"],"score":441,"play_id":"85d8f4df-c711-46c0-b7e8-2034b8a49952","local_time":"20210107115756","is_ascension_mode":false,"campfire_choices":[{"floor":1,"key":"RECALL"},{"floor":13,"key":"REST"},{"data":"Guardian:CurlUp","floor":18,"key":"SMITH"},{"data":"Guardian:EvasiveProtocol","floor":25,"key":"SMITH"},{"data":"Guardian:RevengeProtocol","floor":28,"key":"SMITH"},{"data":"Guardian:EvasiveProtocol","floor":35,"key":"SMITH"}],"circlet_count":0,"master_deck":["Guardian:Strike_Guardian","Guardian:Strike_Guardian","Guardian:Strike_Guardian","Guardian:Defend_Guardian","Guardian:Defend_Guardian","Guardian:CurlUp+1","Guardian:TwinSlam","Guardian:ChargeCore","Guardian:EvasiveProtocol+1","Guardian:Gem_White","Guardian:RevengeProtocol+1","Guardian:Gem_Green","Guardian:EvasiveProtocol+1","Guardian:EvasiveProtocol","Guardian:MultiBeam"],"relics":["Guardian:ModeShifter","downfall:HeartsMalice","ReplayTheSpireMod:Lightbulb","Replay:Wax Seal","downfall:HeartBlessingRed","Guardian:StasisSlotReductionRelic","Unceasing Top","Runic Pyramid","Meat on the Bone","Pocketwatch","SlaversCollar","downfall:HeartBlessingGreen"],"acts_visited":["Exordium","TheCity","TheBeyond"],"potions_floor_usage":[10,16,16,16,29,29,31,32,33,40],"damage_taken":[{"damage":0,"enemies":"downfall:FleeingMerchant","floor":2,"turns":1},{"damage":0,"enemies":"Cultist","floor":4,"turns":1},{"damage":0,"enemies":"Jaw Worm","floor":5,"turns":1},{"damage":0,"enemies":"Small Slimes","floor":6,"turns":4},{"damage":11,"enemies":"Gremlin Gang","floor":9,"turns":4},{"damage":16,"enemies":"Lagavulin","floor":10,"turns":6},{"damage":3,"enemies":"Blue Slaver","floor":11,"turns":4},{"damage":18,"enemies":"Exordium Thugs","floor":12,"turns":6},{"damage":4,"enemies":"2 Fungi Beasts","floor":14,"turns":3},{"damage":8,"enemies":"Exordium Thugs","floor":15,"turns":6},{"damage":19,"enemies":"downfall:Defect","floor":16,"turns":7},{"damage":0,"enemies":"Shell Parasite","floor":19,"turns":6},{"damage":0,"enemies":"3 Byrds","floor":20,"turns":2},{"damage":22,"enemies":"Snecko","floor":21,"turns":6},{"damage":0,"enemies":"3 Cultists","floor":23,"turns":5},{"damage":24,"enemies":"Chosen and Byrds","floor":27,"turns":7},{"damage":3,"enemies":"Snake Plant","floor":29,"turns":3},{"damage":8,"enemies":"Cultist and Chosen","floor":30,"turns":6},{"damage":0,"enemies":"Book of Stabbing","floor":31,"turns":5},{"damage":13,"enemies":"Centurion and Healer","floor":32,"turns":5},{"damage":18,"enemies":"downfall:Silent","floor":33,"turns":9},{"damage":13,"enemies":"3 Shapes","floor":36,"turns":4},{"damage":0,"enemies":"Orb Walker","floor":37,"turns":5},{"damage":10,"enemies":"Jaw Worm Horde","floor":38,"turns":6},{"damage":41,"enemies":"Maw","floor":39,"turns":11},{"damage":44,"enemies":"Nightmare","floor":40,"turns":8}],"seed_played":"6993603828326658317","potions_obtained":[{"floor":6,"key":"ColorlessPotion"},{"floor":9,"key":"Adrenaline Potion"},{"floor":10,"key":"Elixir"},{"floor":11,"key":"SteroidPotion"},{"floor":12,"key":"Slimebound:ThreeZeroPotion"},{"floor":20,"key":"Dexterity Potion"},{"floor":23,"key":"Weak Potion"},{"floor":27,"key":"FearPotion"},{"floor":29,"key":"EssenceOfSteel"},{"floor":31,"key":"Adrenaline Potion"},{"floor":37,"key":"Regen Potion"}],"is_trial":false,"path_per_floor":["R","$","?","M","M","M","T","?","M","E","M","M","R","M","M","B",null,"R","M","M","M","AVR","M","T","R","?","M","R","M","M","E","M","B",null,"R","M","M","M","M","NM"],"character_chosen":"GUARDIAN","items_purchased":[],"campfire_rested":1,"item_purchase_floors":[],"current_hp_per_floor":[80,80,80,80,80,80,80,80,69,53,50,32,56,52,44,25,80,80,80,80,58,58,58,58,58,58,46,46,43,47,47,46,40,80,80,67,67,57,28,0,0,0],"gold":509,"neow_bonus":"THREE_ENEMY_KILL","is_daily":false,"chose_seed":false,"campfire_upgraded":4,"win_rate":0.0,"timestamp":1610020676,"path_taken":["R","$","?","M","M","M","T","?","M","E","M","M","R","M","M","BOSS","R","M","M","M","AVR","M","T","R","?","?","R","M","?","E","M","BOSS","R","M","M","M","M","NM"],"items_purchased_type":[],"build_version":"2020-12-22","purchased_purges":2,"victory":false,"max_hp_per_floor":[80,80,80,80,80,80,80,80,80,80,80,80,80,80,80,80,80,80,80,80,80,80,80,80,80,80,80,80,80,80,80,80,80,80,80,80,80,80,80,80,80,80],"card_choices":[{"not_picked":["Guardian:FloatingOrbs","Guardian:Preprogram","Guardian:ShieldCharger"],"picked":"SKIP","floor":2},{"not_picked":["Guardian:Incinerate","Guardian:Harden"],"picked":"Guardian:Gem_Green","floor":4},{"not_picked":["Guardian:WalkerClaw","Guardian:ArmoredProtocol"],"picked":"Guardian:Gem_Lightblue","floor":5},{"not_picked":["Guardian:DecasProtection","Guardian:TemporalStrike"],"picked":"Guardian:ChargeCore","floor":6},{"not_picked":["Guardian:Preprogram","Guardian:Reroute","Guardian:PiercingHide"],"picked":"SKIP","floor":9},{"not_picked":["Guardian:Gem_Crimson","Guardian:ShieldCharger"],"picked":"Guardian:EvasiveProtocol","floor":10},{"not_picked":["Guardian:TemporalShield","Guardian:GuardianWhirl","Guardian:CrystalBeam"],"picked":"SKIP","floor":11},{"not_picked":["Guardian:VentSteam","Guardian:RollAttack","Guardian:ShieldCharger"],"picked":"SKIP","floor":12},{"not_picked":["Guardian:BronzeArmor","Guardian:Gem_Lightblue"],"picked":"Guardian:Gem_White","floor":14},{"not_picked":["Guardian:Repulse","Guardian:CrystalBeam","Guardian:ArmoredProtocol"],"picked":"SKIP","floor":15},{"not_picked":["Guardian:AncientConstruct","Guardian:HyperBeam_Guardian"],"picked":"Guardian:RevengeProtocol","floor":16},{"not_picked":["Guardian:Gem_Green","Guardian:TemporalStrike","Guardian:Incinerate"],"picked":"SKIP","floor":19},{"not_picked":["Guardian:Gem_Green","Guardian:Gem_Blue"],"picked":"Guardian:Gem_Orange","floor":20},{"not_picked":["Guardian:Gem_Red","Guardian:SentryBeam+1","Guardian:PiercingHide"],"picked":"SKIP","floor":21},{"not_picked":["Guardian:Reroute","Guardian:WalkerClaw","Guardian:TemporalStrike+1"],"picked":"SKIP","floor":23},{"not_picked":["Guardian:Gem_Lightblue","Guardian:CrystalBeam","Guardian:TimeCapacitor"],"picked":"SKIP","floor":27},{"not_picked":["Guardian:Planning","Guardian:Gem_Purple","Guardian:TemporalStrike+1"],"picked":"SKIP","floor":29},{"not_picked":["Guardian:TemporalStrike","Guardian:Incinerate"],"picked":"Guardian:EvasiveProtocol","floor":30},{"not_picked":["Guardian:Planning+1","Guardian:Clone","Guardian:HyperBeam_Guardian"],"picked":"SKIP","floor":31},{"not_picked":["Guardian:TemporalShield","Guardian:WalkerClaw"],"picked":"Guardian:EvasiveProtocol","floor":32},{"not_picked":["Guardian:RollAttack+1","Guardian:Gem_Blue","Guardian:Emergency+1"],"picked":"SKIP","floor":36},{"not_picked":["Guardian:CrystalBeam","Guardian:ChargeUp","Guardian:Planning"],"picked":"SKIP","floor":37},{"not_picked":["Guardian:Gem_Red","Guardian:Incinerate","Guardian:Gem_Lightblue"],"picked":"SKIP","floor":38},{"not_picked":["Guardian:EvasiveProtocol","Guardian:PrismaticBarrier"],"picked":"Guardian:MultiBeam","floor":39}],"player_experience":79818,"relics_obtained":[{"floor":7,"key":"ReplayTheSpireMod:Lightbulb"},{"floor":10,"key":"Replay:Wax Seal"},{"floor":24,"key":"Meat on the Bone"},{"floor":31,"key":"Pocketwatch"}],"event_choices":[{"cards_removed":["Guardian:Strike_Guardian"],"damage_healed":0,"gold_gain":0,"player_choice":"Card Removal","damage_taken":0,"max_hp_gain":0,"max_hp_loss":0,"event_name":"The Cleric","floor":3,"gold_loss":0}],"is_beta":false,"boss_relics":[{"not_picked":["Replay:Drink Me","Replay:Grab Bag"],"picked":"Guardian:StasisSlotReductionRelic"},{"not_picked":["Empty Cage","Snecko Eye"],"picked":"SlaversCollar"}],"items_purged_floors":[2,22],"is_endless":false,"potions_floor_spawned":[6,9,10,11,12,20,23,27,29,31,37],"killed_by":"Nightmare","ascension_level":0}}