{"host":"o5or1zybx7au40zl","time":1610054617,"event":{"mods":["Act Like it!","BaseMod","Better Third Choice","Conspire","Dota2Spire","Hubris","Minty Spire (QoL Compilation)","Replay The Spire","StSLib"],"gold_per_floor":[109,124,144,157,169,194,38,38,38,38,38,53,53,68,68,68,68],"floor_reached":16,"playtime":377,"items_purged":["Defend_R"],"score":104,"play_id":"2154732d-0e5f-40e4-b994-f58b051864be","local_time":"20210107222337","is_ascension_mode":false,"campfire_choices":[{"floor":11,"key":"REST"},{"floor":13,"key":"RECALL"},{"floor":15,"key":"REST"}],"circlet_count":0,"master_deck":["Strike_B","Strike_B","Strike_B","Strike_B","Defend_B","Defend_B","Defend_B","Defend_B","Zap","Dualcast","Neutralize","hubris:EnhanceAbility+1","Chill","Aggregate","Seek","White Noise","Auto Shields","Defragment","Auto Shields"],"relics":["Cracked Core","DataDisk","hubris:Icosahedron"],"acts_visited":["Exordium"],"potions_floor_usage":[6,6,16],"damage_taken":[{"damage":5,"enemies":"Small Slimes","floor":1,"turns":4},{"damage":2,"enemies":"2 Louse","floor":2,"turns":3},{"damage":2,"enemies":"Jaw Worm","floor":3,"turns":4},{"damage":8,"enemies":"3 Louse","floor":4,"turns":3},{"damage":5,"enemies":"2 Fungi Beasts","floor":5,"turns":4},{"damage":40,"enemies":"Gremlin Nob","floor":6,"turns":6},{"damage":0,"enemies":"Large Slime","floor":12,"turns":4},{"damage":2,"enemies":"Red Slaver","floor":14,"turns":4},{"damage":67,"enemies":"Fading Forest","floor":16,"turns":8}],"seed_played":"7797136580259636634","potions_obtained":[{"floor":2,"key":"SpeedPotion"},{"floor":3,"key":"Weak Potion"},{"floor":5,"key":"Block Potion"},{"floor":6,"key":"Cursed Concoction"}],"is_trial":false,"path_per_floor":["M","M","M","M","M","E","$","?","T","?","R","M","R","M","R","B"],"character_chosen":"DEFECT","items_purchased":["Defragment"],"campfire_rested":2,"item_purchase_floors":[7],"current_hp_per_floor":[70,68,66,58,53,13,13,13,13,13,35,35,35,33,55,0,0],"gold":68,"neow_bonus":"RANDOM_COLORLESS_2","is_daily":false,"chose_seed":false,"campfire_upgraded":0,"win_rate":0.0,"timestamp":1610054617,"path_taken":["M","M","M","M","M","E","$","?","T","?","R","M","R","M","R","BOSS"],"items_purchased_type":["Card"],"build_version":"2020-12-22","purchased_purges":1,"victory":false,"max_hp_per_floor":[75,75,75,75,75,75,75,75,75,75,75,75,75,75,75,75,75],"card_choices":[{"not_picked":["ReplayTheSpireMod:Brewmster","Master of Strategy"],"picked":"hubris:EnhanceAbility","floor":0},{"not_picked":["Steam","Turbo"],"picked":"Chill","floor":1},{"not_picked":["Gash","Redo"],"picked":"Aggregate","floor":2},{"not_picked":["Panic Button","Sweeping Beam","Scrape"],"picked":"SKIP","floor":3},{"not_picked":["Panic Button","Ball Lightning"],"picked":"Seek","floor":4},{"not_picked":["Double Energy","Hologram"],"picked":"White Noise","floor":5},{"not_picked":["Redo","Hologram"],"picked":"Auto Shields","floor":6},{"not_picked":["Steam","ReplayTheSpireMod:GoodbyeWorld"],"picked":"Auto Shields","floor":12},{"not_picked":["Hologram","Stack","BootSequence"],"picked":"SKIP","floor":14}],"player_experience":929151,"relics_obtained":[{"floor":6,"key":"DataDisk"}],"event_choices":[{"damage_healed":0,"gold_gain":0,"player_choice":"Grow","damage_taken":0,"max_hp_gain":0,"max_hp_loss":0,"event_name":"Living Wall","floor":8,"gold_loss":0,"cards_upgraded":["hubris:EnhanceAbility"]}],"is_beta":false,"boss_relics":[],"items_purged_floors":[7],"is_endless":false,"potions_floor_spawned":[2,3,5,6],"killed_by":"Fading Forest","ascension_level":0}}