{"host":"vm8b3ptwl81uq21f","time":1610011053,"event":{"mods":["Aspiration","BaseMod","BetterRewards","Colored Map","Colored Powertips","Downfall","GifTheSpireLib","Googly Eyes","GungeonMod","Halation","Hubris","Infinite Spire","Minty Spire (QoL Compilation)","Quick Restart","Rare Cards Sparkle","Replay The Spire","Shop Mod","StSLib","Stuff the Spire","The Bug Knight","The IronCluck","[IsaacMod]????"],"gold_per_floor":[116,79,139,156,174,215,215,230,230,230,256,256,281,291,291,390,390,405,25,45,45,45,76,90,108,108,137,147,201,240,259,259,355,355,370,370,370,370,25,57,70,81,132,154,166,186,186,197,197,301,301,301],"floor_reached":51,"playtime":3692,"items_purged":["DemoMod:CrossBow","DemoMod:Strike_Huntress","DemoMod:Defend_Huntress","DemoMod:Defend_Huntress","DemoMod:Defend_Huntress"],"score":1353,"play_id":"9b70110e-b9dd-416c-a3d9-7ff807a4711e","local_time":"20210107041733","is_ascension_mode":false,"campfire_choices":[{"data":"DemoMod:ConditionalReflex","floor":7,"key":"SMITH"},{"data":"DemoMod:ManualReload","floor":10,"key":"SMITH"},{"data":"DemoMod:SkilledReload","floor":32,"key":"SMITH"},{"data":"DemoMod:Replace","floor":49,"key":"SMITH"}],"circlet_count":0,"master_deck":["DemoMod:Roll","DemoMod:ManualReload+1","DemoMod:RadGun+1","DemoMod:DoubleSwitch","DemoMod:SkilledReload+1","DemoMod:Replace+1","DemoMod:BattleInHaste","DemoMod:Unmoved","DemoMod:Unmoved","DemoMod:ConditionalReflex+1","DemoMod:MachoBrace","DemoMod:GunstockTap","DemoMod:FeignSurrender+1","DemoMod:Unmoved+1","DemoMod:HardPowerCard","DemoMod:SniperShot","DemoMod:Replace+1","DemoMod:FastSwitch+1","DemoMod:ConditionalReflex+1","DemoMod:HardPowerCard+1"],"relics":["DemoMod:Dog","HushsDoor","SalivaCoin","Frozen Eye","halation:OrihimeAndHikoboshiSamaAndTears","Pantograph","DemoMod:HoleyGrail","Singing Bowl","halation:SelfBoilingWater","DemoMod:GlassGuonStoneRelic","hubris:RunicObelisk","StuffTheSpire:DarkSteelAnvil","infinitespire:Lucky Rock","DeadEye","Orichalcum","Shuriken","Ice Cream","DemoMod:ElasticCartridgeClip","Sundial","Bottled Tornado","aspiration:ChemicalBlood","hubris:ToyBattleship","infinitespire:Eraser","Bag of Marbles","MagicMushroom"],"acts_visited":["Exordium","TheCity","TheBeyond"],"potions_floor_usage":[5,14,50,50],"damage_taken":[{"damage":0,"enemies":"Small Slimes","floor":1,"turns":3},{"damage":1,"enemies":"2 Louse","floor":4,"turns":3},{"damage":0,"enemies":"Jaw Worm","floor":5,"turns":3},{"damage":1,"enemies":"HollowMod:MossKnight","floor":6,"turns":4},{"damage":0,"enemies":"Blue Slaver","floor":8,"turns":4},{"damage":0,"enemies":"Lagavulin","floor":11,"turns":4},{"damage":4,"enemies":"2 Fungi Beasts","floor":13,"turns":4},{"damage":0,"enemies":"Lots of Slimes","floor":14,"turns":5},{"damage":0,"enemies":"Slime Boss","floor":16,"turns":3},{"damage":0,"enemies":"Spheric Guardian","floor":18,"turns":3},{"damage":0,"enemies":"2 Thieves","floor":20,"turns":2},{"damage":0,"enemies":"Book of Stabbing","floor":23,"turns":3},{"damage":0,"enemies":"Sentry and Sphere","floor":24,"turns":4},{"damage":0,"enemies":"Snecko","floor":25,"turns":5},{"damage":0,"enemies":"Nightmare","floor":27,"turns":2},{"damage":0,"enemies":"3 Cultists","floor":28,"turns":4},{"damage":0,"enemies":"HollowMod:Nosk","floor":29,"turns":4},{"damage":0,"enemies":"Snake Plant","floor":30,"turns":5},{"damage":0,"enemies":"Snake Plant","floor":31,"turns":2},{"damage":0,"enemies":"Automaton","floor":33,"turns":3},{"damage":0,"enemies":"3 Shapes","floor":35,"turns":2},{"damage":0,"enemies":"HollowMod:StalkingDevout","floor":40,"turns":2},{"damage":0,"enemies":"3 Darklings","floor":41,"turns":2},{"damage":0,"enemies":"Jaw Worm Horde","floor":42,"turns":2},{"damage":0,"enemies":"4 Shapes","floor":44,"turns":2},{"damage":0,"enemies":"Writhing Mass","floor":45,"turns":2},{"damage":0,"enemies":"3 Darklings","floor":46,"turns":2},{"damage":0,"enemies":"Sphere and 2 Shapes","floor":48,"turns":3},{"damage":0,"enemies":"Awakened One","floor":50,"turns":4}],"seed_played":"1031144403909045286","potions_obtained":[{"floor":3,"key":"Swift Potion"},{"floor":5,"key":"SpeedPotion"},{"floor":6,"key":"SkillPotion"},{"floor":11,"key":"champ:CounterPotion"},{"floor":13,"key":"Energy Potion"},{"floor":18,"key":"PowerPotion"},{"floor":23,"key":"ColorlessPotion"},{"floor":48,"key":"BlessingOfTheForge"},{"floor":50,"key":"DemoMod:LeadSkinPotion"}],"is_trial":false,"path_per_floor":["M","$","?","M","M","E","R","M","T","R","E","?","M","M","R_BF","B",null,"M","$","M","?","?","E","M","M","T","NM","M","E","?","M","R","B",null,"M","HB","?","AVR","$","E","M","M","T","M","M","M","T","M","R","B",null],"character_chosen":"HUNTRESS","items_purchased":["DemoMod:RadGun","DemoMod:DoubleSwitch","DemoMod:SkilledReload","Frozen Eye","DemoMod:Replace","DemoMod:Unmoved","StuffTheSpire:DarkSteelAnvil","DemoMod:FeignSurrender","DemoMod:SniperShot","Bottled Tornado"],"campfire_rested":0,"item_purchase_floors":[0,0,0,0,0,2,19,19,34,39],"current_hp_per_floor":[42,42,14,13,13,12,12,12,12,12,14,14,10,12,34,61,71,73,73,75,75,75,77,77,79,79,81,83,85,85,87,87,89,79,79,40,40,40,40,42,44,46,46,48,48,48,48,50,50,52,59,59],"gold":301,"neow_bonus":"","is_daily":false,"chose_seed":false,"campfire_upgraded":4,"win_rate":0.0,"timestamp":1610011053,"path_taken":["M","$","?","M","M","E","R","M","T","R","E","?","M","M","R_BF","BOSS","M","$","M","?","?","E","M","M","T","NM","M","E","?","?","R","BOSS","M","HB","?","AVR","?","E","M","M","T","?","M","M","?","M","R","BOSS"],"items_purchased_type":["Card","Card","Card","Relic","Card","Card","Relic","Card","Card","Relic"],"build_version":"2020-12-22","purchased_purges":5,"victory":false,"max_hp_per_floor":[70,70,70,70,70,70,70,70,70,70,72,72,72,74,74,76,71,73,73,75,75,75,77,77,79,79,81,83,85,85,87,87,89,79,79,40,40,40,40,42,44,46,46,48,48,48,48,50,50,52,59,59],"card_choices":[{"not_picked":["DemoMod:Casey","DemoMod:MachoBrace"],"picked":"DemoMod:BattleInHaste","floor":1},{"not_picked":["DemoMod:SkilledReload","DemoMod:MachoBrace"],"picked":"DemoMod:ConditionalReflex","floor":4},{"not_picked":["DemoMod:StickyCrossBow","DemoMod:Unmoved"],"picked":"Bomb","floor":5},{"not_picked":["DemoMod:SniperShot","DemoMod:GunstockTap"],"picked":"DemoMod:MachoBrace","floor":6},{"not_picked":["DemoMod:Unity","DemoMod:FortunesFavor","DemoMod:ShadowBullets"],"picked":"SKIP","floor":8},{"not_picked":["DemoMod:BoxingGlove","DemoMod:TableSutra","DemoMod:FastSwitch"],"picked":"Singing Bowl","floor":11},{"not_picked":["DemoMod:SAA","DemoMod:BoxingGlove"],"picked":"DemoMod:GunstockTap","floor":13},{"not_picked":["DemoMod:FastSwitch","DemoMod:HungryBullets","DemoMod:Unmoved"],"picked":"Singing Bowl","floor":14},{"not_picked":["DemoMod:BlackHoleGun","DemoMod:FullFirepower","DemoMod:Desperate"],"picked":"Singing Bowl","floor":16},{"not_picked":["DemoMod:Ejector","DemoMod:TeaPot+1","DemoMod:Unity"],"picked":"Singing Bowl","floor":18},{"not_picked":["DemoMod:CursedBullets","DemoMod:AbyssalTentacle+1","DemoMod:GunShield"],"picked":"Singing Bowl","floor":20},{"not_picked":["DemoMod:Casey+1","DemoMod:PotionOfGunFriendShip","DemoMod:FinishedGun"],"picked":"Singing Bowl","floor":23},{"not_picked":["DemoMod:Ejector+1","DemoMod:BattleInHaste+1"],"picked":"DemoMod:Purify","floor":24},{"not_picked":["DemoMod:SkilledReload+1","DemoMod:MegaHand","DemoMod:StrategicReserve"],"picked":"Singing Bowl","floor":25},{"not_picked":["DemoMod:Ejector+1","DemoMod:HuntsMan+1","DemoMod:Elimentaler"],"picked":"Singing Bowl","floor":27},{"not_picked":["DemoMod:HuntsMan","DemoMod:EasyReloadBullets"],"picked":"DemoMod:Unmoved+1","floor":28},{"not_picked":["DemoMod:StickyCrossBow","DemoMod:ShadowBullets","DemoMod:Casey+1"],"picked":"Singing Bowl","floor":28},{"not_picked":["DemoMod:HighKaliber","DemoMod:MegaHand+1","DemoMod:SkilledReload+1"],"picked":"Singing Bowl","floor":29},{"not_picked":["DemoMod:SAA","DemoMod:Rummage"],"picked":"DemoMod:HardPowerCard","floor":30},{"not_picked":["DemoMod:Casey+1","DemoMod:Unmoved+1","DemoMod:HuntsMan"],"picked":"Singing Bowl","floor":31},{"not_picked":["DemoMod:GunslingerForm","DemoMod:Slinger","DemoMod:Elimentaler"],"picked":"Singing Bowl","floor":33},{"not_picked":["DemoMod:GunstockTap+1","DemoMod:HighKaliber+1"],"picked":"DemoMod:Replace+1","floor":35},{"not_picked":["DemoMod:BattleInHaste+1","DemoMod:HungryBullets+1"],"picked":"DemoMod:FastSwitch+1","floor":40},{"not_picked":["DemoMod:RadGun","DemoMod:JK47+1","DemoMod:ChanceBullets+1"],"picked":"Singing Bowl","floor":40},{"not_picked":["DemoMod:SniperShot","DemoMod:Casey+1","DemoMod:MachoBrace"],"picked":"Singing Bowl","floor":41},{"not_picked":["DemoMod:ConditionalReflex","DemoMod:AWP","DemoMod:MachoBrace"],"picked":"Singing Bowl","floor":42},{"not_picked":["DemoMod:AbyssalTentacle","DemoMod:Casey+1","DemoMod:Ejector"],"picked":"Singing Bowl","floor":44},{"not_picked":["DemoMod:BulletBore","DemoMod:Ejector+1"],"picked":"DemoMod:ConditionalReflex+1","floor":45},{"not_picked":["DemoMod:HighKaliber+1","DemoMod:JK47"],"picked":"DemoMod:HardPowerCard+1","floor":46},{"not_picked":["DemoMod:RadGun+1","DemoMod:DoubleSwitch","DemoMod:FortunesFavor"],"picked":"Singing Bowl","floor":48},{"not_picked":["DemoMod:GunslingerForm","DemoMod:DoubleVision","DemoMod:BulletBore"],"picked":"Singing Bowl","floor":50}],"player_experience":365842,"relics_obtained":[{"floor":3,"key":"Pantograph"},{"floor":6,"key":"DemoMod:HoleyGrail"},{"floor":9,"key":"Singing Bowl"},{"floor":11,"key":"halation:SelfBoilingWater"},{"floor":23,"key":"infinitespire:Lucky Rock"},{"floor":26,"key":"DeadEye"},{"floor":27,"key":"Orichalcum"},{"floor":29,"key":"Shuriken"},{"floor":30,"key":"Ice Cream"},{"floor":40,"key":"aspiration:ChemicalBlood"},{"floor":43,"key":"hubris:ToyBattleship"},{"floor":47,"key":"infinitespire:Eraser"},{"floor":50,"key":"Bag of Marbles"}],"event_choices":[{"cards_removed":["DemoMod:Strike_Huntress"],"damage_healed":0,"gold_gain":0,"player_choice":"Forget","damage_taken":0,"max_hp_gain":0,"max_hp_loss":0,"event_name":"Living Wall","floor":12,"gold_loss":0}],"is_beta":false,"boss_relics":[{"not_picked":["halation:SmartPhone","halation:Risk"],"picked":"hubris:RunicObelisk"},{"not_picked":[]},{"not_picked":["hubris:Stopwatch","halation:PlatinumPhoenix"],"picked":"DemoMod:ElasticCartridgeClip"},{"not_picked":[]},{"not_picked":["Kintsugi","aspiration:IroncladSkillbook"],"picked":"MagicMushroom"}],"items_purged_floors":[0,17,34,38,39],"is_endless":true,"potions_floor_spawned":[5,6,11,13,18,23,25,27,33,41,44,48,50],"ascension_level":0}}