{"host":"htqwg582tjjtn9p7","time":1610052605,"event":{"mods":["2.2 Compatiblity","AchievementEnabler","Act Like it!","Aspiration","BaseMod","Better Third Choice","Colored Map","Conspire","Curses Come First","Displayed Cursed Tome","Energized Spire","Force Act Four","GifTheSpireLib","Hermit","Highlight Path","JesterMod","Mad Scientist","Minty Spire (QoL Compilation)","Pale of the Ancients","Permanent Neow","Random Character Button","Relic Stats","Replay The Spire","Robot Space Explorer","Somnambulant","Spicy Shops","Spikes Relics","StSLib","Stuff the Spire","The Blue Laboratory","The Disciple","The Dragon Tamer","The Forsaken","The Gatherer","The Judge","The Jungle","The Marked","The Runesmith","The Servant 0.9.4","Uncapped"],"gold_per_floor":[116,129,129,146,21,52,52,81,81,116,116,126,143,143,143,220,220,238,238,253,21,38,72,72,97,97,125,136,151,177,193,193,270,270,283,283,38,57,57,57,71,101,101,101,127,127,127,153,153,153,153,153,153,153],"floor_reached":52,"playtime":2648,"items_purged":["Gatherer:Strike_Gatherer"],"score":1694,"play_id":"aac43d38-f11f-4093-b392-36d4ebd0cc9a","local_time":"20210107215005","is_ascension_mode":true,"metric_token":2577,"campfire_choices":[{"data":"Gatherer:Centralize","floor":7,"key":"SMITH"},{"data":"Gatherer:VenomBarrier","floor":11,"key":"SMITH"},{"data":"Gatherer:Defend_Gatherer","floor":15,"key":"SMITH"},{"data":"Replay:Bag of Tricks","floor":24,"key":"SMITH"},{"floor":32,"key":"DIG"},{"data":"BlessedFruit","floor":40,"key":"SMITH"},{"floor":44,"key":"REST"},{"data":"BlessedFruit","floor":47,"key":"SMITH"},{"floor":49,"key":"REST"}],"circlet_count":0,"master_deck":["AscendersBane","Gatherer:Strike_Gatherer","Gatherer:Strike_Gatherer","Gatherer:Strike_Gatherer","Gatherer:Defend_Gatherer","Gatherer:Defend_Gatherer","Gatherer:Defend_Gatherer","Gatherer:Defend_Gatherer","Gatherer:Defend_Gatherer+1","Gatherer:Centralize+1","Gatherer:FlowerWhip+1","Gatherer:FlowerBeam+1","Gatherer:TacticalStrike","Gatherer:FlowerWhip+1","Gatherer:VenomBarrier+1","Gatherer:Nutrients","Gatherer:TacticalStrike","Gatherer:PoisonMastery","Gatherer:Photoscythe","Distraction+1","Corpse Explosion","Deflect","Replay:Bag of Tricks+1","Catalyst","Backflip","Leg Sweep","Gatherer:LuckyClover","Deadly Poison+1","ReplayTheSpireMod:Scrap Shanks","BlessedFruit+1","BlessedFruit+1","Deflect"],"relics":["Gatherer:AlchemyBag","aspiration:Nostalgia","RobotSpaceExplorer:RoboCore","Calipers","Replay:Baseball","StuffTheSpire:Barrel","Iron Hammer","StuffTheSpire:Gunfinga","aspiration:SilentSkillbook","theForsaken:Lifeblossom","LugNut","Happy Flower","ReplayTheSpireMod:TigerMarble","ReplayTheSpireMod:Lightbulb","Pantograph","Art of War","Black Star","Meat on the Bone","HeavenlyBonsai","InkBottle","StuffTheSpire:CocoNut","Omamori","HornCleat","conspire:TopHat","aspiration:AnachronicSnailShell","paleoftheancients:Timepiece","paleoftheancients:KeyRelic","Ice Cream","Gremlin Horn"],"acts_visited":["Exordium","TheCity","TheBeyond","TheBeyond"],"potions_floor_usage":[6,8,25,50],"damage_taken":[{"damage":0,"enemies":"Cultist","floor":1,"turns":2},{"damage":1,"enemies":"Small Slimes","floor":2,"turns":5},{"damage":2,"enemies":"Jaw Worm","floor":4,"turns":3},{"damage":10,"enemies":"3 Sentries","floor":6,"turns":4},{"damage":0,"enemies":"Lagavulin","floor":8,"turns":5},{"damage":0,"enemies":"Gremlin Nob","floor":10,"turns":3},{"damage":0,"enemies":"Blue Slaver","floor":12,"turns":1},{"damage":0,"enemies":"Red Slaver","floor":13,"turns":2},{"damage":8,"enemies":"The Guardian","floor":16,"turns":10},{"damage":1,"enemies":"conspire:FuzzyDice","floor":18,"turns":4},{"damage":0,"enemies":"Chosen","floor":20,"turns":3},{"damage":2,"enemies":"Sentry and Sphere","floor":22,"turns":5},{"damage":16,"enemies":"conspire:SneckoGhost","floor":23,"turns":6},{"damage":8,"enemies":"Gremlin Leader","floor":25,"turns":5},{"damage":0,"enemies":"conspire:Head Lice","floor":27,"turns":4},{"damage":0,"enemies":"Cultist and Chosen","floor":28,"turns":4},{"damage":0,"enemies":"Snake Plant","floor":29,"turns":2},{"damage":2,"enemies":"conspire:SneckoGhost","floor":30,"turns":5},{"damage":0,"enemies":"3 Cultists","floor":31,"turns":4},{"damage":42,"enemies":"Champ","floor":33,"turns":8},{"damage":17,"enemies":"3 Darklings","floor":35,"turns":2},{"damage":0,"enemies":"3 Shapes","floor":38,"turns":3},{"damage":7,"enemies":"Sphere and 2 Shapes","floor":41,"turns":4},{"damage":28,"enemies":"Nemesis","floor":42,"turns":5},{"damage":3,"enemies":"R_Hoarder","floor":45,"turns":4},{"damage":21,"enemies":"Nemesis","floor":48,"turns":7},{"damage":88,"enemies":"conspire:OrnateMirror","floor":50,"turns":9},{"damage":169,"enemies":"conspire:OrnateMirror","floor":51,"turns":5},{"damage":132,"enemies":"conspire:OrnateMirror","floor":52,"turns":8}],"seed_played":"5146214961271740334","potions_obtained":[{"floor":2,"key":"Strength Potion"},{"floor":6,"key":"Cursed Concoction"},{"floor":10,"key":"SteroidPotion"},{"floor":25,"key":"Adrenaline Potion"},{"floor":29,"key":"Poison Potion"}],"is_trial":false,"path_per_floor":["M","M","?","M","$","E","R","E","T","E","R","M","M","?","R","B",null,"M","?","M","$","M","E","R","E","T","E","M","M","E","M","R_BF","B",null,"M","?","$","M","T","R","M","E","T","R","E","?","R","E","R","B","M","M"],"character_chosen":"THE_GATHERER","items_purchased":["Gatherer:VenomBarrier","Calipers","theForsaken:Lifeblossom","Meat on the Bone"],"campfire_rested":2,"item_purchase_floors":[5,5,21,37],"current_hp_per_floor":[60,59,59,57,57,47,47,47,47,47,47,47,47,47,47,39,60,59,59,59,59,67,62,62,60,60,66,67,67,67,67,67,28,57,43,43,43,57,57,57,65,47,54,80,87,91,91,77,97,84,107,0,0,0],"gold":153,"neow_bonus":"NOSTALGIA","is_daily":false,"chose_seed":false,"campfire_upgraded":6,"win_rate":0.0,"timestamp":1610052605,"path_taken":["M","?","?","M","$","E","R","E","T","E","R","?","M","?","R","BOSS","M","?","M","$","M","E","R","E","T","E","M","M","E","?","R_BF","BOSS","M","?","$","M","?","R","M","E","T","R","E","?","R","E","R","BOSS","M","M"],"items_purchased_type":["Card","Relic","Relic","Relic"],"build_version":"2020-12-22","purchased_purges":1,"victory":false,"max_hp_per_floor":[67,67,67,67,67,67,67,67,67,67,67,67,67,67,67,67,67,67,67,67,67,67,67,67,67,67,67,67,67,67,67,67,67,67,67,67,67,67,67,67,76,80,87,87,91,91,91,97,97,103,107,115,115,115],"relic_stats":{"Happy Flower":[24],"Gremlin Horn":[0,0],"counters":[29,131],"Pantograph":19,"Art of War":[9],"Black Star":3,"obtain_stats":[{"Ice Cream":50,"StuffTheSpire:Barrel":8,"Calipers":5,"Gremlin Horn":50,"theForsaken:Lifeblossom":21,"HeavenlyBonsai":39,"conspire:TopHat":48,"StuffTheSpire:Gunfinga":10,"HornCleat":45,"Pantograph":30,"aspiration:AnachronicSnailShell":48,"Iron Hammer":9,"LugNut":23,"InkBottle":42,"paleoftheancients:KeyRelic":50,"Happy Flower":25,"aspiration:Nostalgia":0,"RobotSpaceExplorer:RoboCore":0,"Omamori":45,"paleoftheancients:Timepiece":50,"Replay:Baseball":6,"aspiration:SilentSkillbook":17,"StuffTheSpire:CocoNut":43,"ReplayTheSpireMod:TigerMarble":26,"Art of War":32,"Black Star":34,"ReplayTheSpireMod:Lightbulb":27,"Gatherer:AlchemyBag":0,"Meat on the Bone":37},{"Ice Cream":27,"StuffTheSpire:Barrel":5,"Calipers":3,"Gremlin Horn":27,"theForsaken:Lifeblossom":11,"HeavenlyBonsai":22,"conspire:TopHat":26,"StuffTheSpire:Gunfinga":6,"HornCleat":25,"Pantograph":18,"aspiration:AnachronicSnailShell":26,"Iron Hammer":5,"LugNut":13,"InkBottle":24,"paleoftheancients:KeyRelic":27,"Happy Flower":14,"aspiration:Nostalgia":0,"RobotSpaceExplorer:RoboCore":0,"Omamori":25,"paleoftheancients:Timepiece":27,"Replay:Baseball":4,"aspiration:SilentSkillbook":9,"StuffTheSpire:CocoNut":24,"ReplayTheSpireMod:TigerMarble":14,"Art of War":19,"Black Star":20,"ReplayTheSpireMod:Lightbulb":15,"Gatherer:AlchemyBag":0,"Meat on the Bone":21},{"Ice Cream":118,"StuffTheSpire:Barrel":19,"Calipers":10,"Gremlin Horn":118,"theForsaken:Lifeblossom":42,"HeavenlyBonsai":89,"conspire:TopHat":109,"StuffTheSpire:Gunfinga":22,"HornCleat":102,"Pantograph":73,"aspiration:AnachronicSnailShell":109,"Iron Hammer":19,"LugNut":53,"InkBottle":98,"paleoftheancients:KeyRelic":118,"Happy Flower":58,"aspiration:Nostalgia":0,"RobotSpaceExplorer:RoboCore":0,"Omamori":102,"paleoftheancients:Timepiece":118,"Replay:Baseball":14,"aspiration:SilentSkillbook":35,"StuffTheSpire:CocoNut":98,"ReplayTheSpireMod:TigerMarble":58,"Art of War":76,"Black Star":84,"ReplayTheSpireMod:Lightbulb":62,"Gatherer:AlchemyBag":0,"Meat on the Bone":86}],"InkBottle":[18],"Meat on the Bone":12},"card_choices":[{"not_picked":["Gatherer:PotentialSlash","Gatherer:SealedBomb"],"picked":"Gatherer:EnergyBasket","floor":1},{"not_picked":["Gatherer:SmartManeuver","Gatherer:FlowerFalling"],"picked":"Gatherer:FlowerBeam","floor":2},{"not_picked":["Gatherer:Frenzy","Gatherer:DrugPower","Gatherer:Duality"],"picked":"SKIP","floor":4},{"not_picked":["Gatherer:FlowerShield","Gatherer:QuickSynthesis"],"picked":"Gatherer:Nutrients","floor":6},{"not_picked":["Gatherer:WoolGloves","Gatherer:BambuSword","Gatherer:SmartManeuver"],"picked":"SKIP","floor":8},{"not_picked":["Gatherer:BambuSword","Gatherer:Herbalism"],"picked":"Gatherer:TacticalStrike","floor":10},{"not_picked":["Gatherer:BambuSword","Gatherer:Enchant","Gatherer:GlowingPlant"],"picked":"SKIP","floor":12},{"not_picked":["Gatherer:EnergyBasket","Gatherer:Misfortune"],"picked":"Gatherer:PoisonMastery","floor":13},{"not_picked":["Gatherer:Examine","Gatherer:GrowBook"],"picked":"Gatherer:Photoscythe","floor":16},{"not_picked":["Gatherer:RecoveryHerb","Outmaneuver","Gatherer:TacticalStrike"],"picked":"Distraction+1","floor":18},{"not_picked":["Gatherer:Snatch","Gatherer:OddSpoils","Gatherer:Polymorphism"],"picked":"Corpse Explosion","floor":20},{"not_picked":["Gatherer:CollectorsShot","Gatherer:GatherMaterial","StuffTheSpire:Python"],"picked":"Deflect","floor":22},{"not_picked":["Tactician","Gatherer:WoolGloves+1","Gatherer:TreeGrowth"],"picked":"Replay:Bag of Tricks","floor":23},{"not_picked":["Gatherer:FragileHammer+1","Gatherer:UpgradeBag","Gatherer:EnergyBasket+1","Pace"],"picked":"SKIP","floor":25},{"not_picked":["Gatherer:Herbalism","Eviscerate","Backflip"],"picked":"Catalyst","floor":27},{"not_picked":["Acrobatics","Prepared","Gatherer:Frenzy"],"picked":"Backflip","floor":28},{"not_picked":["Gatherer:FlowerBeam","Gatherer:GatherMaterial","Expertise+1","StuffTheSpire:ReptileScales"],"picked":"SKIP","floor":29},{"not_picked":["StuffTheSpire:Python","Gatherer:RottenStipe","Terror"],"picked":"Leg Sweep","floor":30},{"not_picked":["Pace","Gatherer:Misfortune","Gatherer:TacticalStrike","Gatherer:FruitForce+1"],"picked":"SKIP","floor":31},{"not_picked":["Gatherer:Bulldoze","ReplayTheSpireMod:Necrosis","Grand Finale"],"picked":"Gatherer:LuckyClover","floor":33},{"not_picked":["Gatherer:DrugPower","Gatherer:CollectorsShot","Quick Slash"],"picked":"Deadly Poison+1","floor":35},{"not_picked":["Gatherer:CarefulStrike+1","Gatherer:ScherryThrow","Reflex"],"picked":"ReplayTheSpireMod:Scrap Shanks","floor":38},{"not_picked":["Underhanded Strike","Gatherer:TreeGrowth+1","Gatherer:Duality"],"picked":"Deflect","floor":41},{"not_picked":["Infinite Blades+1","Gatherer:Herbalism+1","Gatherer:Enchant","ReplayTheSpireMod:Speed Training"],"picked":"SKIP","floor":42},{"not_picked":["Prepared","StuffTheSpire:BumpUp","Underhanded Strike","Gatherer:ScherryThrow"],"picked":"SKIP","floor":45},{"not_picked":["Crippling Poison","StuffTheSpire:Injection","Gatherer:AcidicSpray","conspire:DoublingDagger"],"picked":"SKIP","floor":48}],"player_experience":1903539,"relics_obtained":[{"floor":6,"key":"Replay:Baseball"},{"floor":8,"key":"StuffTheSpire:Barrel"},{"floor":9,"key":"Iron Hammer"},{"floor":10,"key":"StuffTheSpire:Gunfinga"},{"floor":23,"key":"LugNut"},{"floor":25,"key":"Happy Flower"},{"floor":26,"key":"ReplayTheSpireMod:TigerMarble"},{"floor":27,"key":"ReplayTheSpireMod:Lightbulb"},{"floor":30,"key":"Pantograph"},{"floor":32,"key":"Art of War"},{"floor":39,"key":"HeavenlyBonsai"},{"floor":42,"key":"InkBottle"},{"floor":43,"key":"StuffTheSpire:CocoNut"},{"floor":45,"key":"Omamori"},{"floor":45,"key":"HornCleat"},{"floor":48,"key":"conspire:TopHat"},{"floor":48,"key":"aspiration:AnachronicSnailShell"}],"event_choices":[{"damage_healed":0,"gold_gain":0,"player_choice":"2 cards matched","damage_taken":0,"max_hp_gain":0,"max_hp_loss":0,"event_name":"Match and Keep!","floor":3,"gold_loss":0,"cards_obtained":["Gatherer:TacticalStrike","Gatherer:FlowerWhip"]},{"cards_removed":["Gatherer:Strike_Gatherer"],"damage_healed":0,"gold_gain":0,"player_choice":"Purged","damage_taken":0,"max_hp_gain":0,"max_hp_loss":0,"event_name":"Purifier","floor":14,"gold_loss":0},{"damage_healed":0,"gold_gain":0,"player_choice":"Ignored","damage_taken":0,"max_hp_gain":0,"max_hp_loss":0,"event_name":"Gatherer:BottleCollector","floor":19,"gold_loss":0},{"damage_healed":0,"gold_gain":0,"player_choice":"Memory 1","damage_taken":0,"max_hp_gain":0,"max_hp_loss":0,"event_name":"SensoryStone","floor":36,"gold_loss":0},{"cards_removed":["Gatherer:EnergyBasket"],"damage_healed":5,"gold_gain":0,"player_choice":"Offered Common","damage_taken":0,"max_hp_gain":0,"max_hp_loss":0,"event_name":"Bonfire Elementals","floor":46,"gold_loss":0},{"cards_removed":["Gatherer:EnergyBasket"],"damage_healed":5,"gold_gain":0,"player_choice":"Offered Special","damage_taken":0,"max_hp_gain":0,"max_hp_loss":0,"event_name":"Bonfire Elementals","floor":46,"gold_loss":0}],"is_beta":false,"boss_relics":[{"not_picked":["Replay:Wanted Poster","StuffTheSpire:RunicHypercube"],"picked":"aspiration:SilentSkillbook"},{"not_picked":["Fusion Hammer","energizedSpire:StickyHand"],"picked":"Black Star"}],"items_purged_floors":[21],"is_endless":false,"potions_floor_spawned":[2,6,10,16,22,23,25,29,30,33,38,41,42],"killed_by":"conspire:OrnateMirror","ascension_level":15}}