{"host":"3zqlgdr138v4qupe","time":1610030781,"event":{"mods":["BaseMod","Hermit","Minty Spire (QoL Compilation)","StSLib","The Cursed","The Poker Player"],"gold_per_floor":[113,63,63,63,82,111,127,154,154,188,188,136,136,154,154,252,252,267,267,267,267,283,283,296,296,322,334,346,358,385,413,425,437,437],"floor_reached":33,"playtime":831,"items_purged":[],"score":303,"play_id":"9c981ccd-c329-4959-91d4-15fb2d7b6750","local_time":"20210107234621","is_ascension_mode":false,"campfire_choices":[{"data":"Perfected Strike","floor":13,"key":"SMITH"},{"data":"Pommel Strike","floor":15,"key":"SMITH"},{"data":"Armaments","floor":23,"key":"SMITH"},{"data":"Warcry","floor":25,"key":"SMITH"},{"data":"Flex","floor":29,"key":"SMITH"},{"data":"Perfected Strike","floor":32,"key":"SMITH"}],"circlet_count":0,"master_deck":["Strike_R","Strike_R","Strike_R","Strike_R","Strike_R","Defend_R","Defend_R","Bash","Perfected Strike+1","Metallicize","Perfected Strike+1","Pommel Strike+1","Flex+1","Rage","Barricade","Warcry+1","Armaments+1","Pommel Strike+1","Clothesline","Perfected Strike+1","Perfected Strike","Perfected Strike"],"relics":["Burning Blood","NeowsBlessing","Happy Flower","MealTicket","Sundial","Champion Belt","Runic Cube","Calipers","MawBank"],"acts_visited":["Exordium","TheCity"],"potions_floor_usage":[31],"damage_taken":[{"damage":0,"enemies":"2 Louse","floor":1,"turns":1},{"damage":0,"enemies":"Small Slimes","floor":5,"turns":1},{"damage":0,"enemies":"Lagavulin","floor":6,"turns":1},{"damage":3,"enemies":"Cultist","floor":7,"turns":3},{"damage":11,"enemies":"Gremlin Nob","floor":10,"turns":4},{"damage":9,"enemies":"2 Fungi Beasts","floor":14,"turns":2},{"damage":16,"enemies":"Slime Boss","floor":16,"turns":8},{"damage":5,"enemies":"Spheric Guardian","floor":18,"turns":3},{"damage":6,"enemies":"Chosen","floor":22,"turns":3},{"damage":16,"enemies":"Centurion and Healer","floor":24,"turns":5},{"damage":12,"enemies":"Snecko","floor":30,"turns":4},{"damage":15,"enemies":"Shelled Parasite and Fungi","floor":31,"turns":3},{"damage":73,"enemies":"Champ","floor":33,"turns":7}],"seed_played":"-6143644661288562745","potions_obtained":[{"floor":1,"key":"LiquidMemories"},{"floor":7,"key":"CultistPotion"},{"floor":11,"key":"Block Potion"}],"is_trial":false,"path_per_floor":["M","?","?","?","M","E","M","T","T","E","?","$","R","M","R","B",null,"M","?","?","?","M","R","M","R","T","?","$","R","M","M","R","B"],"character_chosen":"IRONCLAD","items_purchased":["Flex"],"campfire_rested":0,"item_purchase_floors":[12],"current_hp_per_floor":[80,80,73,73,79,80,80,80,80,75,75,80,80,77,77,67,80,80,80,80,80,80,80,70,70,70,55,70,70,64,55,55,0,0],"gold":437,"neow_bonus":"THREE_ENEMY_KILL","is_daily":false,"chose_seed":false,"campfire_upgraded":6,"win_rate":0.0,"timestamp":1610030781,"path_taken":["M","?","?","?","M","E","M","?","T","E","?","$","R","?","R","BOSS","M","?","?","?","M","R","?","R","T","?","?","R","M","M","R","BOSS"],"items_purchased_type":["Card"],"build_version":"2020-12-22","purchased_purges":0,"victory":false,"max_hp_per_floor":[80,80,80,80,80,80,80,80,80,80,80,80,80,80,80,80,80,80,80,80,80,80,80,80,80,80,85,85,85,85,85,85,85,85],"card_choices":[{"not_picked":["Feel No Pain","Power Through"],"picked":"Perfected Strike","floor":1},{"not_picked":["Warcry","Feel No Pain"],"picked":"Metallicize","floor":5},{"not_picked":["Carnage","Disarm","Rampage"],"picked":"SKIP","floor":6},{"not_picked":["Twin Strike","Body Slam"],"picked":"Perfected Strike","floor":7},{"not_picked":["Berserk","Clothesline"],"picked":"Pommel Strike","floor":10},{"not_picked":["Pummel","True Grit"],"picked":"Rage","floor":14},{"not_picked":["Berserk","Corruption"],"picked":"Barricade","floor":16},{"not_picked":["Second Wind","Shrug It Off"],"picked":"Warcry","floor":18},{"not_picked":["True Grit","Iron Wave"],"picked":"Clothesline","floor":22},{"not_picked":["Uppercut","Whirlwind"],"picked":"Perfected Strike","floor":24},{"not_picked":["Barricade","Flex+1"],"picked":"Perfected Strike","floor":30},{"not_picked":["Headbutt","Cleave"],"picked":"Perfected Strike","floor":31}],"player_experience":22992,"relics_obtained":[{"floor":6,"key":"Happy Flower"},{"floor":8,"key":"MealTicket"},{"floor":9,"key":"Sundial"},{"floor":10,"key":"Champion Belt"},{"floor":26,"key":"MawBank"}],"event_choices":[{"cards_removed":["Defend_R"],"damage_healed":0,"gold_gain":0,"player_choice":"Card Removal","damage_taken":0,"max_hp_gain":0,"max_hp_loss":0,"event_name":"The Cleric","floor":2,"gold_loss":50},{"cards_removed":["Defend_R"],"damage_healed":0,"gold_gain":0,"player_choice":"Card Removal","damage_taken":7,"max_hp_gain":0,"max_hp_loss":0,"event_name":"Golden Wing","floor":3,"gold_loss":0},{"damage_healed":0,"gold_gain":0,"player_choice":"Grow","damage_taken":0,"max_hp_gain":0,"max_hp_loss":0,"event_name":"Living Wall","floor":4,"gold_loss":0,"cards_upgraded":["Perfected Strike"]},{"damage_healed":0,"gold_gain":0,"player_choice":"Got Potions","damage_taken":0,"max_hp_gain":0,"max_hp_loss":0,"event_name":"Lab","floor":11,"gold_loss":0},{"damage_healed":0,"gold_gain":0,"player_choice":"Read","damage_taken":0,"max_hp_gain":0,"max_hp_loss":0,"event_name":"The Library","floor":19,"gold_loss":0,"cards_obtained":["Armaments"]},{"damage_healed":0,"gold_gain":0,"player_choice":"Opened","damage_taken":0,"relics_obtained":["Calipers"],"max_hp_gain":0,"max_hp_loss":0,"event_name":"The Mausoleum","floor":20,"gold_loss":0},{"damage_healed":0,"gold_gain":0,"player_choice":"Copied","damage_taken":0,"max_hp_gain":0,"max_hp_loss":0,"event_name":"Duplicator","floor":21,"gold_loss":0,"cards_obtained":["Pommel Strike"]},{"damage_healed":0,"gold_gain":0,"player_choice":"Shed Blood","damage_taken":20,"max_hp_gain":5,"max_hp_loss":0,"event_name":"Forgotten Altar","floor":27,"gold_loss":0}],"is_beta":false,"boss_relics":[{"not_picked":["Sozu","Philosopher\u0027s Stone"],"picked":"Runic Cube"}],"items_purged_floors":[],"is_endless":false,"potions_floor_spawned":[1,7,16,24],"killed_by":"Champ","ascension_level":0}}