{"host":"g1wmg2w41xhsnw8g","time":1610003923,"event":{"mods":["2.2 Compatiblity","Act Like it!","BaseMod","Better Altar","Better Match","Better Note","Better Sensory Stone","Better Skull","Better Third Choice","BetterRewards","Booster Modes","CapriCore","Colored Map","Colored Powertips","Curses Come First","Defuse TimeMaze Blight","Displayed Cursed Tome","Evolution","Friendly Minions","GifTheSpireLib","Googly Eyes","Infinite Spire","Minty Spire (QoL Compilation)","Red Circlet Mod","Relic Sorter","Robot Space Explorer","Ruin Mod","SCP261 Mod","Shop Mod","Spicy Shops","Spikes Relics","StSLib","The Sage","Transform Curses","Wandering Minibosses","????"],"gold_per_floor":[110,110,110,124,124,124,150,150,225,79,79,79,109,104,104,199,199,216,141,157,137,115,143,155,193,253,95,134,146,186,198,210,308,320,344,366,378,1101,1128,1175,1207,1254,1289,1351,656,699,413,413],"floor_reached":47,"playtime":3572,"items_purged":["theRuin:Unrelenting"],"score":830,"play_id":"e716dbd9-ff3f-4066-b6ba-a5c5bfdfcfb9","local_time":"20210107021843","daily_mods":["SealedDeck","Specialized","Heirloom","Elite Swarm"],"is_ascension_mode":true,"campfire_choices":[{"data":"Self Repair","floor":6.0,"key":"SMITH"},{"data":"theRuin:Rebuilding","floor":8.0,"key":"SMITH"},{"data":"theRuin:RaiseDead","floor":15.0,"key":"SMITH"},{"data":"theRuin:BoneFactory","floor":29.0,"key":"SMITH"},{"data":"infinitespire:Starlight","floor":32.0,"key":"SMITH"}],"circlet_count":0,"master_deck":["theRuin:Endure","theRuin:Endure","theRuin:Endure","theRuin:MeatShield","theRuin:NecroSoul+1","theRuin:DefensiveDuel","theRuin:BoneToss","theRuin:RaiseDead+1","theRuin:NecroSoul","theRuin:AnkleGrab","theRuin:Patience","theRuin:BoneFactory+1","theRuin:Rebuilding+1","theRuin:BonyShield","Self Repair+1","theRuin:BigBones","theRuin:MassiveOrganFailure","theRuin:SharpenedBones+1","theRuin:DraggedDown","theRuin:SkeletonParty","theRuin:SurpriseAttack+1","theRuin:BigBones+1","Blind+1","theRuin:GraveRobber","theRuin:QuestionablePotion+1","infinitespire:Starlight+1","theRuin:GraveLeap+1","theRuin:Forethought","infinitespire:TheBestDefense","theRuin:RaiseDead+1","Self Repair+1"],"relics":["sagemod:Flying_Carpet","Turnip","theRuin:Coffin","Frozen Egg 2","Sling","Enchiridion","RobotSpaceExplorer:SlideRule","Mark of the Bloom","DollysMirror","Bag of Preparation","Potion Belt","infinitespire:Magic Flask","LugNut","infinitespire:Beetle Shell","Burning Blood","Runic Dome","infinitespire:CursedDice","Question Card","Anchor","VioletLotus","SacredBark","MawBank","infinitespire:EmpoweringShard","Golden Idol","RobotSpaceExplorer:RoboCore","Bloody Idol","OrangePellets","wanderingMiniBosses:MasterThiefsPresence","HoveringKite","Lantern","CherryCoatedStake","infinitespire:Chaos","Smiling Mask","Centennial Puzzle","Girya","Bird Faced Urn","MerchantsRug","Membership Card"],"acts_visited":["Exordium","TheCity","TheBeyond"],"potions_floor_usage":[],"damage_taken":[{"damage":15.0,"enemies":"Small Slimes","floor":1.0,"turns":5.0},{"damage":0.0,"enemies":"2 Louse","floor":4.0,"turns":2.0},{"damage":0.0,"enemies":"Lagavulin","floor":7.0,"turns":6.0},{"damage":42.0,"enemies":"Gremlin Nob","floor":13.0,"turns":6.0},{"damage":6.0,"enemies":"Cultist","floor":14.0,"turns":7.0},{"damage":14.0,"enemies":"The Guardian","floor":16.0,"turns":6.0},{"damage":10.0,"enemies":"3 Byrds","floor":18.0,"turns":5.0},{"damage":19.0,"enemies":"Spheric Guardian","floor":20.0,"turns":4.0},{"damage":24.0,"enemies":"Gremlin Leader","floor":23.0,"turns":7.0},{"damage":18.0,"enemies":"Book of Stabbing","floor":25.0,"turns":6.0},{"damage":13.0,"enemies":"Nightmare","floor":28.0,"turns":6.0},{"damage":25.0,"enemies":"Gremlin Leader","floor":30.0,"turns":7.0},{"damage":14.0,"enemies":"Automaton","floor":33.0,"turns":7.0},{"damage":0.0,"enemies":"3 Darklings","floor":35.0,"turns":6.0},{"damage":1.0,"enemies":"3 Shapes","floor":36.0,"turns":4.0},{"damage":5.0,"enemies":"Jaw Worm Horde","floor":38.0,"turns":6.0},{"damage":10.0,"enemies":"Sphere and 2 Shapes","floor":39.0,"turns":5.0},{"damage":0.0,"enemies":"Nightmare","floor":40.0,"turns":1.0},{"damage":0.0,"enemies":"Writhing Mass","floor":41.0,"turns":3.0},{"damage":9.0,"enemies":"Nemesis","floor":42.0,"turns":6.0},{"damage":0.0,"enemies":"Mind Bloom Boss Battle","floor":44.0,"turns":5.0},{"damage":21,"enemies":"Reptomancer","floor":46,"turns":5}],"seed_played":"8324785793240224168","potions_obtained":[{"floor":7.0,"key":"SCP261:BarrettColaPotion"},{"floor":13.0,"key":"Strength Potion"},{"floor":14.0,"key":"SCP261:SweetSwarmPotion"},{"floor":21.0,"key":"EssenceOfSteel"},{"floor":23.0,"key":"ColorlessPotion"},{"floor":25.0,"key":"Fire Potion"},{"floor":28.0,"key":"Block Potion"},{"floor":33.0,"key":"SCP261:BlastolaColaPotion"},{"floor":36.0,"key":"Swift Potion"},{"floor":38.0,"key":"SCP261:SweetSwarmPotion"},{"floor":39.0,"key":"Weak Potion"},{"floor":42.0,"key":"Block Potion"},{"floor":46,"key":"Swift Potion"}],"is_trial":true,"path_per_floor":["M","?","?","M","$","R","E","R","T","$","T","?","E","M","R","B",null,"M","?","M","?","$","E","?","E","T","R","NM","R","E","AVR","R","B",null,"M","M","AVR","M","M","NM","M","E","T","?","R","E","$"],"character_chosen":"THE_DEFAULT","items_purchased":["MerchantsRug","theRuin:SharpenedBones+1","theRuin:GraveRobber","OrangePellets","theRuin:QuestionablePotion","infinitespire:Chaos","Smiling Mask","Centennial Puzzle","Girya","MerchantsRug","Membership Card"],"campfire_rested":0,"item_purchase_floors":[10,10,22,27,27,45,45,45,45,47,47],"current_hp_per_floor":[73,31,31,38,38,38,48,48,48,48,48,48,16,34,34,42,88,88,88,79,79,79,65,65,59,59,59,56,56,56,56,56,57,88,88,88,88,88,88,88,88,88,88,88,88,67,67,67],"gold":413,"neow_bonus":"","is_daily":false,"chose_seed":false,"campfire_upgraded":5,"win_rate":0.0,"timestamp":1610003923,"path_taken":["M","?","?","?","?","R","E","R","T","$","?","?","E","M","R","BOSS","M","?","M","?","?","E","?","E","T","R","NM","R","E","AVR","R","BOSS","M","?","AVR","M","M","NM","M","E","T","?","R","E","$"],"items_purchased_type":["Relic","Card","Card","Relic","Card","Relic","Relic","Relic","Relic","Relic","Relic"],"build_version":"2020-12-22","purchased_purges":1,"victory":false,"max_hp_per_floor":[88,88,88,88,88,88,88,88,88,88,88,88,88,88,88,88,88,88,88,88,88,88,88,88,88,88,88,88,88,88,88,88,88,88,88,88,88,88,88,88,88,88,88,88,88,88,88,88],"card_choices":[{"not_picked":["theRuin:NecroSoul","theRuin:AnkleGrab"],"picked":"theRuin:BonyShield","floor":1.0},{"not_picked":["theRuin:AnkleGrab","theRuin:SkeletonWall"],"picked":"theRuin:BigBones","floor":4.0},{"not_picked":["theRuin:Endure","theRuin:ScytheStrike"],"picked":"theRuin:MassiveOrganFailure","floor":7.0},{"not_picked":["theRuin:Rebuilding+1","theRuin:SurpriseAttack+1","theRuin:Unrelenting"],"picked":"SKIP","floor":13.0},{"not_picked":["theRuin:NecroticBurn","theRuin:MeatShield"],"picked":"theRuin:SkeletonParty","floor":14.0},{"not_picked":["theRuin:DescentToDeath+1","theRuin:Unrelenting"],"picked":"theRuin:SurpriseAttack+1","floor":16.0},{"not_picked":["theRuin:RaiseDead","theRuin:ShallowGraveStrike"],"picked":"theRuin:BigBones+1","floor":18.0},{"not_picked":["Finesse+1","Jack Of All Trades+1"],"picked":"Blind+1","floor":19.0},{"not_picked":["theRuin:DeadPower+1","theRuin:BoneFactory+1","theRuin:MyOwnBones+1"],"picked":"SKIP","floor":20.0},{"not_picked":["theRuin:ScytheStrike","theRuin:Endure","theRuin:MassiveOrganFailure"],"picked":"SKIP","floor":23.0},{"not_picked":["theRuin:ScytheStrike","theRuin:Endure"],"picked":"theRuin:Unrelenting","floor":25.0},{"not_picked":["theRuin:Rebuilding+1","theRuin:ScytheStrike","theRuin:Unrelenting"],"picked":"SKIP","floor":28.0},{"not_picked":["theRuin:Armageddon","theRuin:DescentToDeath+1","theRuin:Unrelenting"],"picked":"SKIP","floor":30.0},{"not_picked":["theRuin:InfectedDagger+1","theRuin:RaiseDead+1"],"picked":"theRuin:GraveLeap+1","floor":35.0},{"not_picked":["theRuin:Revival","theRuin:AnkleGrab+1"],"picked":"theRuin:Forethought","floor":36.0},{"not_picked":["theRuin:ShallowGraveStrike","theRuin:Patience+1","theRuin:GraveRobber+1"],"picked":"SKIP","floor":38.0},{"not_picked":["theRuin:SharedGrave","theRuin:Endure","theRuin:ShallowGraveStrike"],"picked":"SKIP","floor":39.0},{"not_picked":["theRuin:Unrelenting","theRuin:SurpriseAttack+1","theRuin:Endure"],"picked":"SKIP","floor":40.0},{"not_picked":["theRuin:DraggedDown","theRuin:ShallowGraveStrike+1","theRuin:Patience+1"],"picked":"SKIP","floor":41.0},{"not_picked":["theRuin:DescentToDeath+1","theRuin:Rebuilding+1","theRuin:Unrelenting"],"picked":"SKIP","floor":42.0},{"not_picked":["theRuin:GraveRobber","theRuin:NecroSoul+1"],"picked":"theRuin:RaiseDead+1","floor":44.0},{"not_picked":["theRuin:DescentToDeath+1","theRuin:Rebuilding+1","theRuin:SurpriseAttack+1","theRuin:Endure"],"picked":"SKIP","floor":46}],"player_experience":1081827,"relics_obtained":[{"floor":7.0,"key":"Frozen Egg 2"},{"floor":9.0,"key":"Gremlin Horn"},{"floor":11.0,"key":"BrokenLever"},{"floor":13.0,"key":"Meat on the Bone"},{"floor":23.0,"key":"theRuin:UndeadAmulet"},{"floor":23.0,"key":"MawBank"},{"floor":25.0,"key":"Pen Nib"},{"floor":25.0,"key":"infinitespire:Joker Card"},{"floor":26.0,"key":"Omamori"},{"floor":28.0,"key":"Rawhide"},{"floor":28.0,"key":"War Paint"},{"floor":30.0,"key":"Turnip"},{"floor":30.0,"key":"CaptainsWheel"},{"floor":38.0,"key":"wanderingMiniBosses:MasterThiefsPresence"},{"floor":40.0,"key":"StrikeDummy"},{"floor":40.0,"key":"StoneCalendar"},{"floor":42.0,"key":"Mummified Hand"},{"floor":42.0,"key":"Bottled Lightning"},{"floor":43.0,"key":"Toy Ornithopter"},{"floor":44.0,"key":"Unceasing Top"},{"floor":46,"key":"Bird Faced Urn"}],"event_choices":[{"cards_removed":["theRuin:Endure"],"damage_healed":0.0,"max_hp_gain":0.0,"max_hp_loss":0.0,"gold_gain":0.0,"event_name":"WeMeetAgain","player_choice":"Gave Card","floor":3.0,"gold_loss":0.0,"damage_taken":0.0,"relics_obtained":["infinitespire:Eraser"]},{"damage_healed":0.0,"max_hp_gain":0.0,"max_hp_loss":0.0,"gold_gain":0.0,"cards_transformed":["theRuin:Endure"],"event_name":"Living Wall","player_choice":"Change","floor":12.0,"gold_loss":0.0,"damage_taken":0.0,"cards_obtained":["theRuin:DraggedDown"]},{"damage_healed":0.0,"max_hp_gain":0.0,"max_hp_loss":0.0,"gold_gain":0.0,"event_name":"betterMatch:BetterMatch","player_choice":"2","floor":19.0,"gold_loss":0.0,"damage_taken":0.0,"cards_obtained":["betterMatch:ColorlessUncommonCard"]},{"damage_healed":0.0,"max_hp_gain":0.0,"max_hp_loss":0.0,"gold_gain":0.0,"event_name":"The Woman in Blue","player_choice":"Bought 1 Potion","floor":21.0,"gold_loss":0.0,"damage_taken":0.0},{"damage_healed":0.0,"max_hp_gain":0.0,"max_hp_loss":0.0,"gold_gain":0.0,"event_name":"N\u0027loth","player_choice":"Ignored","floor":24.0,"gold_loss":0.0,"damage_taken":0.0},{"damage_healed":0.0,"max_hp_gain":0.0,"max_hp_loss":0.0,"gold_gain":0.0,"event_name":"MindBloom","player_choice":"Fight","floor":44.0,"gold_loss":0.0,"damage_taken":0.0}],"is_beta":false,"boss_relics":[{"not_picked":["Snecko Eye","CosmicIsotope"],"picked":"Black Star"},{"not_picked":["Runic Dome","Sozu","Runic Pyramid"]}],"items_purged_floors":[45],"is_endless":true,"potions_floor_spawned":[7,13,14,23,25,28,33,36,38,39,42,46],"ascension_level":1}}