{"host":"ig7tc0uedzltt2sr","time":1610058640,"event":{"mods":["BaseMod","Better Twitch Integration","Block Reminder","Colored Map","Colored Powertips","Communication Mod","Current Relic Mod","GifTheSpireLib","HexUI Lib","Minty Spire (QoL Compilation)","Quick Restart","Random Character Button","Rare Cards Sparkle","Relic Sorter","Relic Stats","Slay the Relics Exporter","StSLib","SuperFastMode","Synergy Search","Twitch Decklist","Twitch Utils","everything is the same but u backflip on backflip","slay the spire mod where everything is the same but ironclad has a cowboy hat"],"gold_per_floor":[112,112,112,112,123,135,165,165,192,162,112,125,125,143,143,143,143],"floor_reached":16,"playtime":87,"items_purged":[],"score":100,"play_id":"8ab54460-c461-4f01-9cb5-61c68d3a2979","local_time":"20210107143040","is_ascension_mode":false,"campfire_choices":[{"floor":8,"key":"RECALL"},{"data":"Defend_R","floor":13,"key":"SMITH"},{"floor":15,"key":"REST"}],"circlet_count":0,"master_deck":["Strike_R","Strike_R","Strike_R","Strike_R","Strike_R","Defend_R+1","Defend_R","Defend_R","Bash","Sever Soul","Cleave","Wild Strike","Infernal Blade","Burning Pact","Battle Trance","Blood for Blood"],"relics":["Burning Blood","NeowsBlessing","Nunchaku"],"acts_visited":["Exordium"],"potions_floor_usage":[],"damage_taken":[{"damage":0,"enemies":"Small Slimes","floor":1,"turns":2},{"damage":0,"enemies":"Jaw Worm","floor":5,"turns":1},{"damage":0,"enemies":"2 Louse","floor":6,"turns":1},{"damage":54,"enemies":"3 Sentries","floor":7,"turns":11},{"damage":15,"enemies":"Looter","floor":10,"turns":4},{"damage":5,"enemies":"Exordium Thugs","floor":12,"turns":4},{"damage":18,"enemies":"Lots of Slimes","floor":14,"turns":4},{"damage":49,"enemies":"Slime Boss","floor":16,"turns":5}],"seed_played":"-8055623297290338990","potions_obtained":[{"floor":7,"key":"Energy Potion"}],"is_trial":false,"path_per_floor":["M","?","?","$","M","M","E","R","T","M","?","M","R","M","R","B"],"character_chosen":"IRONCLAD","items_purchased":[],"campfire_rested":1,"item_purchase_floors":[],"current_hp_per_floor":[80,80,80,80,80,80,32,32,32,23,23,24,24,12,36,0,0],"gold":143,"neow_bonus":"THREE_ENEMY_KILL","is_daily":false,"chose_seed":false,"campfire_upgraded":1,"win_rate":0.0,"timestamp":1610058640,"path_taken":["M","?","?","$","M","M","E","R","T","M","?","M","R","M","R","BOSS"],"items_purchased_type":[],"build_version":"2020-12-22","purchased_purges":0,"victory":false,"max_hp_per_floor":[80,80,80,80,80,80,80,80,80,80,80,80,80,80,80,80,80],"relic_stats":{"Nunchaku":[2],"counters":[8,32],"obtain_stats":[{"Nunchaku":7,"NeowsBlessing":0,"Burning Blood":0},{"Nunchaku":4,"NeowsBlessing":0,"Burning Blood":0},{"Nunchaku":15,"NeowsBlessing":0,"Burning Blood":0}],"Burning Blood":24},"card_choices":[{"not_picked":["Clothesline","Iron Wave"],"picked":"Sever Soul","floor":1},{"not_picked":["Intimidate","Headbutt"],"picked":"Cleave","floor":5},{"not_picked":["Perfected Strike","Heavy Blade"],"picked":"Wild Strike","floor":6},{"not_picked":["Pommel Strike","Warcry"],"picked":"Infernal Blade","floor":7},{"not_picked":["Headbutt","Juggernaut"],"picked":"Burning Pact","floor":10},{"not_picked":["Wild Strike","Fire Breathing"],"picked":"Battle Trance","floor":12},{"not_picked":["Rupture","Heavy Blade"],"picked":"Blood for Blood","floor":14}],"player_experience":1458215,"relics_obtained":[{"floor":7,"key":"Nunchaku"}],"event_choices":[{"damage_healed":26,"gold_gain":0,"player_choice":"Banana","damage_taken":0,"max_hp_gain":0,"max_hp_loss":0,"event_name":"Big Fish","floor":2,"gold_loss":0},{"damage_healed":0,"gold_gain":0,"player_choice":"Ignored","damage_taken":0,"max_hp_gain":0,"max_hp_loss":0,"event_name":"Liars Game","floor":3,"gold_loss":0},{"cards_removed":["Defend_R"],"damage_healed":0,"gold_gain":0,"player_choice":"Card Removal","damage_taken":0,"max_hp_gain":0,"max_hp_loss":0,"event_name":"The Cleric","floor":11,"gold_loss":50}],"is_beta":false,"boss_relics":[],"items_purged_floors":[],"is_endless":false,"potions_floor_spawned":[7],"killed_by":"Slime Boss","ascension_level":0}}