{"host":"v54ek091sdz7ha6h","time":1610035693,"event":{"mods":["BaseMod","Better Vampires","Colored Map","Colored Powertips","Custom Start","DeckTracker","Highlight Path","KOR Keyword Fix","Minty Spire (QoL Compilation)","Quick Restart","Random Character Button","Rare Cards Sparkle","StSLib","SuperFastMode","The Awakened One except there are too many feathers","everything is the same but u backflip on backflip","slay the spire mod where everything is the same but ironclad has a cowboy hat"],"gold_per_floor":[111,111,28,28,128,128,142,142,142,158,193,193,203,238,238,343,343,361,371,371,387,402,427,438,450,502,512,512,531,546,229,229,327,377,392,402,249,349,362,143,154,180,203,221,221,221,239,253,253,253,253,253,42,76,76],"floor_reached":56,"playtime":1924,"items_purged":[],"score":1463,"play_id":"43c98133-0369-4572-8968-b24b63e08d04","local_time":"20210108010813","is_ascension_mode":false,"campfire_choices":[{"floor":6,"key":"RECALL"},{"floor":8,"key":"REST"},{"floor":12,"key":"REST"},{"floor":15,"key":"REST"},{"floor":32,"key":"REST"},{"floor":46,"key":"REST"},{"floor":49,"key":"REST"},{"floor":52,"key":"REST"}],"circlet_count":0,"master_deck":["Iron Wave+1","Iron Wave+1","Iron Wave+1","Iron Wave+1","Rage+1","Finesse+1","Body Slam","Shrug It Off+1","Barricade+1","Berserk+1","Shockwave+1","Iron Wave+1","Evolve","Battle Trance+1","Master of Strategy+1","Madness+1","Finesse+1","Burning Pact+1"],"relics":["Fusion Hammer","Sundial","Toxic Egg 2","Black Star","Letter Opener","Nunchaku","Anchor","Gremlin Horn","Tiny House","ClockworkSouvenir","OrangePellets","TungstenRod","War Paint","CeramicFish","DollysMirror","Strawberry","Happy Flower"],"acts_visited":["Exordium","TheCity","TheBeyond","TheEnding"],"potions_floor_usage":[23,23,33,33,55],"damage_taken":[{"damage":0.0,"enemies":"Small Slimes","floor":1.0,"turns":2.0},{"damage":0,"enemies":"2 Louse","floor":7,"turns":2},{"damage":0,"enemies":"Cultist","floor":10,"turns":1},{"damage":0,"enemies":"3 Sentries","floor":11,"turns":5},{"damage":0,"enemies":"3 Louse","floor":13,"turns":2},{"damage":0,"enemies":"Gremlin Nob","floor":14,"turns":3},{"damage":0,"enemies":"The Guardian","floor":16,"turns":7},{"damage":0,"enemies":"2 Thieves","floor":18,"turns":2},{"damage":0,"enemies":"3 Byrds","floor":19,"turns":3},{"damage":0,"enemies":"Snake Plant","floor":21,"turns":4},{"damage":0,"enemies":"Shelled Parasite and Fungi","floor":22,"turns":3},{"damage":0,"enemies":"Book of Stabbing","floor":23,"turns":2},{"damage":0,"enemies":"Centurion and Healer","floor":24,"turns":4},{"damage":0,"enemies":"Sentry and Sphere","floor":25,"turns":6},{"damage":0,"enemies":"Cultist and Chosen","floor":27,"turns":3},{"damage":0,"enemies":"3 Cultists","floor":29,"turns":3},{"damage":0,"enemies":"Chosen and Byrds","floor":30,"turns":6},{"damage":6,"enemies":"Collector","floor":33,"turns":6},{"damage":0,"enemies":"3 Darklings","floor":35,"turns":4},{"damage":0,"enemies":"3 Shapes","floor":36,"turns":3},{"damage":0,"enemies":"Writhing Mass","floor":39,"turns":4},{"damage":0,"enemies":"Maw","floor":41,"turns":4},{"damage":0,"enemies":"Giant Head","floor":42,"turns":4},{"damage":0,"enemies":"Sphere and 2 Shapes","floor":44,"turns":4},{"damage":0,"enemies":"Spire Growth","floor":48,"turns":3},{"damage":0,"enemies":"Awakened One","floor":50,"turns":5},{"damage":15,"enemies":"Shield and Spear","floor":54,"turns":4},{"damage":25,"enemies":"The Heart","floor":55,"turns":7}],"seed_played":"-3854626180847094519","potions_obtained":[{"floor":7,"key":"FearPotion"},{"floor":10,"key":"Energy Potion"},{"floor":19,"key":"Ancient Potion"},{"floor":24,"key":"PowerPotion"},{"floor":30,"key":"Energy Potion"},{"floor":34,"key":"FairyPotion"},{"floor":39,"key":"ColorlessPotion"}],"is_trial":false,"path_per_floor":["M","?","$","?","?","R","M","R","T","M","E","R","M","E","R","B",null,"M","M","$","M","M","E","M","M","T","M","?","M","M","$","R","B",null,"M","M","$","?","M","$","M","E","T","M","?","R","?","M","R","B",null,"R","$","E","B",null],"character_chosen":"IRONCLAD","items_purchased":["Finesse","Shockwave+1","Gremlin Horn","ClockworkSouvenir","Battle Trance+1","OrangePellets","DollysMirror","Burning Pact+1"],"campfire_rested":7,"item_purchase_floors":[3,31,31,37,40,40,53,53],"current_hp_per_floor":[80,80,80,85,85,85,85,85,85,85,85,85,85,85,85,85,85,85,85,85,85,85,85,85,85,85,85,85,85,85,85,85,79,90,90,90,90,90,90,90,90,90,90,90,90,90,81,81,90,90,90,90,90,82,57],"gold":76,"neow_bonus":"BOSS_RELIC","is_daily":false,"chose_seed":false,"campfire_upgraded":0,"win_rate":0.0,"timestamp":1610035693,"path_taken":["M","?","$","?","?","R","M","R","T","?","E","R","M","E","R","BOSS","M","M","$","M","M","E","M","M","T","M","?","M","?","$","R","BOSS","M","M","$","?","M","?","M","E","T","?","?","R","?","M","R","BOSS","R","$","E","BOSS"],"items_purchased_type":["Card","Card","Relic","Relic","Card","Relic","Relic","Card"],"build_version":"2020-12-22","purchased_purges":0,"victory":true,"max_hp_per_floor":[80,80,80,85,85,85,85,85,85,85,85,85,85,85,85,85,85,85,85,85,85,85,85,85,85,85,85,85,85,85,85,85,85,90,90,90,90,90,90,90,90,90,90,90,90,90,90,90,90,90,90,90,90,97,97],"card_choices":[{"not_picked":["Anger","True Grit","Entrench"],"picked":"SKIP","floor":1.0},{"not_picked":["Warcry","Shrug It Off"],"picked":"Body Slam","floor":7},{"not_picked":["Pommel Strike","Anger","Sword Boomerang"],"picked":"SKIP","floor":10},{"not_picked":["Anger","Disarm","Cleave"],"picked":"SKIP","floor":11},{"not_picked":["Carnage","Heavy Blade","Shrug It Off"],"picked":"SKIP","floor":13},{"not_picked":["Headbutt","Heavy Blade","Reaper"],"picked":"SKIP","floor":14},{"not_picked":["Hemokinesis","Fire Breathing+1","Armaments+1"],"picked":"SKIP","floor":18},{"not_picked":["Pommel Strike","Spot Weakness+1"],"picked":"Shrug It Off+1","floor":19},{"not_picked":["Cleave+1","Havoc+1","Pommel Strike"],"picked":"SKIP","floor":21},{"not_picked":["Armaments+1","Whirlwind","Clothesline"],"picked":"SKIP","floor":22},{"not_picked":["Pummel","Twin Strike+1"],"picked":"Barricade","floor":23},{"not_picked":["Pommel Strike+1","Twin Strike+1","Armaments+1"],"picked":"SKIP","floor":24},{"not_picked":["Spot Weakness+1","Shrug It Off+1","Twin Strike+1"],"picked":"SKIP","floor":25},{"not_picked":["Warcry+1","Heavy Blade","Armaments+1"],"picked":"SKIP","floor":27},{"not_picked":["Dropkick","Heavy Blade","Disarm+1"],"picked":"SKIP","floor":29},{"not_picked":["Dual Wield+1","True Grit+1"],"picked":"Berserk","floor":30},{"not_picked":["Shrug It Off+1","Flex+1"],"picked":"Iron Wave+1","floor":35},{"not_picked":["Bloodletting+1","Searing Blow+1","Clothesline"],"picked":"SKIP","floor":36},{"not_picked":["Disarm+1","Carnage"],"picked":"Evolve","floor":39},{"not_picked":["Flex+1","Anger+1","Heavy Blade+1"],"picked":"SKIP","floor":41},{"not_picked":["Shrug It Off+1","Twin Strike+1","Sword Boomerang"],"picked":"SKIP","floor":42},{"not_picked":["Carnage","Sword Boomerang","Iron Wave+1"],"picked":"SKIP","floor":44},{"not_picked":["Bandage Up+1","Dark Shackles+1"],"picked":"Master of Strategy+1","floor":47},{"not_picked":["Jack Of All Trades+1","Enlightenment+1"],"picked":"Madness+1","floor":47},{"not_picked":["Thunderclap+1","Armaments+1","Headbutt"],"picked":"SKIP","floor":48},{"not_picked":["Reckless Charge+1","Flex+1","Whirlwind"],"picked":"SKIP","floor":54}],"player_experience":1394529,"relics_obtained":[{"floor":11,"key":"Sundial"},{"floor":14,"key":"Toxic Egg 2"},{"floor":23,"key":"Letter Opener"},{"floor":23,"key":"Nunchaku"},{"floor":26,"key":"Anchor"},{"floor":42,"key":"TungstenRod"},{"floor":42,"key":"War Paint"},{"floor":43,"key":"CeramicFish"},{"floor":54,"key":"Strawberry"},{"floor":54,"key":"Happy Flower"}],"event_choices":[{"damage_healed":0,"gold_gain":0,"player_choice":"Ignored","damage_taken":0,"max_hp_gain":0,"max_hp_loss":0,"event_name":"Golden Wing","floor":2,"gold_loss":0},{"damage_healed":0,"gold_gain":0,"player_choice":"Donut","damage_taken":0,"max_hp_gain":5,"max_hp_loss":0,"event_name":"Big Fish","floor":4,"gold_loss":0},{"damage_healed":0,"gold_gain":100,"player_choice":"Pray","damage_taken":0,"max_hp_gain":0,"max_hp_loss":0,"event_name":"Golden Shrine","floor":5,"gold_loss":0},{"damage_healed":0,"gold_gain":0,"player_choice":"Upgraded","damage_taken":0,"max_hp_gain":0,"max_hp_loss":0,"event_name":"Upgrade Shrine","floor":28,"gold_loss":0,"cards_upgraded":["Barricade"]},{"damage_healed":0,"gold_gain":100,"player_choice":"Pray","damage_taken":0,"max_hp_gain":0,"max_hp_loss":0,"event_name":"Golden Shrine","floor":38,"gold_loss":0},{"damage_healed":0,"gold_gain":0,"player_choice":"Ignored","damage_taken":0,"max_hp_gain":0,"max_hp_loss":0,"event_name":"Tomb of Lord Red Mask","floor":45,"gold_loss":0},{"damage_healed":0,"gold_gain":0,"player_choice":"Memory 3","damage_taken":10,"max_hp_gain":0,"max_hp_loss":0,"event_name":"SensoryStone","floor":47,"gold_loss":0}],"is_beta":false,"boss_relics":[{"not_picked":["Mark of Pain","SlaversCollar"],"picked":"Black Star"},{"not_picked":["Astrolabe","Velvet Choker"],"picked":"Tiny House"}],"items_purged_floors":[],"is_endless":false,"potions_floor_spawned":[7,10,19,22,24,30,39,41,44],"ascension_level":0}}