{"host":"q4axc00jr2bozlh9","time":1610054910,"event":{"mods":["AchievementEnabler","BaseMod","Bestiary","Colored Map","Colored Powertips","Curses Come First","Minty Spire (QoL Compilation)","Relic Stats","StSLib","SuperFastMode","UnlockEverythingMod"],"gold_per_floor":[109,109,127,145,145,145,161,179,179,32,32,32,32,70,70,70,70],"floor_reached":16,"playtime":541,"items_purged":["Regret"],"score":100,"play_id":"d3169b74-835a-4ce7-94e0-57954db56b44","local_time":"20210107222830","is_ascension_mode":false,"campfire_choices":[{"data":"Flame Barrier","floor":6,"key":"SMITH"},{"floor":13,"key":"REST"},{"data":"Armaments","floor":15,"key":"SMITH"}],"circlet_count":0,"master_deck":["Strike_R","Strike_R","Strike_R","Strike_R","Strike_R","Defend_R","Defend_R","Defend_R","Defend_R","Bash","Ghostly Armor","Flame Barrier+1","Metallicize+1","Ghostly Armor","Shrug It Off","Intimidate","Armaments+1"],"relics":["Burning Blood","NeowsBlessing","Bag of Marbles","Golden Idol","Calipers"],"acts_visited":["Exordium"],"potions_floor_usage":[14,16,16],"damage_taken":[{"damage":0,"enemies":"Jaw Worm","floor":1,"turns":1},{"damage":0,"enemies":"Cultist","floor":3,"turns":1},{"damage":0,"enemies":"2 Louse","floor":4,"turns":2},{"damage":33,"enemies":"Exordium Wildlife","floor":7,"turns":13},{"damage":17,"enemies":"Large Slime","floor":8,"turns":11},{"damage":30,"enemies":"Gremlin Nob","floor":14,"turns":6},{"damage":42,"enemies":"Slime Boss","floor":16,"turns":13}],"seed_played":"-874514407244115180","potions_obtained":[{"floor":1,"key":"Strength Potion"},{"floor":3,"key":"Energy Potion"},{"floor":7,"key":"BloodPotion"},{"floor":14,"key":"ElixirPotion"}],"is_trial":false,"path_per_floor":["M","?","M","M","?","R","M","M","T","$","?","?","R","E","R","B"],"character_chosen":"IRONCLAD","items_purchased":["Intimidate"],"campfire_rested":1,"item_purchase_floors":[10],"current_hp_per_floor":[80,80,80,80,80,80,53,42,42,42,22,22,46,38,38,0,0],"gold":70,"neow_bonus":"THREE_ENEMY_KILL","is_daily":false,"chose_seed":false,"campfire_upgraded":2,"win_rate":0.0,"timestamp":1610054910,"path_taken":["M","?","?","M","?","R","M","M","T","$","?","?","R","E","R","BOSS"],"items_purchased_type":["Card"],"build_version":"2020-12-22","purchased_purges":1,"victory":false,"max_hp_per_floor":[80,80,80,80,80,80,80,80,80,80,80,80,80,80,80,80,80],"relic_stats":{"counters":[7,47],"Golden Idol":8,"obtain_stats":[{"Calipers":14,"NeowsBlessing":0,"Golden Idol":11,"Bag of Marbles":5,"Burning Blood":0},{"Calipers":6,"NeowsBlessing":0,"Golden Idol":5,"Bag of Marbles":3,"Burning Blood":0},{"Calipers":34,"NeowsBlessing":0,"Golden Idol":28,"Bag of Marbles":4,"Burning Blood":0}],"Burning Blood":18},"card_choices":[{"not_picked":["Fire Breathing","Rupture"],"picked":"Ghostly Armor","floor":1},{"not_picked":["Spot Weakness","Cleave"],"picked":"Flame Barrier","floor":3},{"not_picked":["Bloodletting","Heavy Blade"],"picked":"Metallicize","floor":4},{"not_picked":["Rage","Flex"],"picked":"Ghostly Armor","floor":7},{"not_picked":["Pommel Strike","Double Tap"],"picked":"Shrug It Off","floor":8},{"not_picked":["Headbutt","Thunderclap"],"picked":"Armaments","floor":14}],"player_experience":205941,"relics_obtained":[{"floor":14,"key":"Calipers"}],"event_choices":[{"damage_healed":0,"gold_gain":0,"player_choice":"Bought 0 Potions","damage_taken":0,"max_hp_gain":0,"max_hp_loss":0,"event_name":"The Woman in Blue","floor":2,"gold_loss":0},{"damage_healed":0,"gold_gain":0,"player_choice":"Box","damage_taken":0,"relics_obtained":["Bag of Marbles"],"max_hp_gain":0,"max_hp_loss":0,"event_name":"Big Fish","floor":5,"gold_loss":0,"cards_obtained":["Regret"]},{"damage_healed":0,"gold_gain":0,"player_choice":"Take Damage","damage_taken":20,"relics_obtained":["Golden Idol"],"max_hp_gain":0,"max_hp_loss":0,"event_name":"Golden Idol","floor":11,"gold_loss":0},{"damage_healed":0,"gold_gain":0,"player_choice":"Forge","damage_taken":0,"max_hp_gain":0,"max_hp_loss":0,"event_name":"Accursed Blacksmith","floor":12,"gold_loss":0,"cards_upgraded":["Metallicize"]}],"is_beta":false,"boss_relics":[],"items_purged_floors":[10],"is_endless":false,"potions_floor_spawned":[1,3,7,14],"killed_by":"Slime Boss","ascension_level":0}}