{"host":"wha9hktbkslqvblg","time":1610013595,"event":{"mods":["BaseMod","Colored Map","Minty Spire (QoL Compilation)","Relic Stats","SuperFastMode","everything is the same but u backflip on backflip"],"gold_per_floor":[118,133,208,208,208,238,258,286,286,286,298,298,316,30,30,30,30],"floor_reached":16,"playtime":260,"items_purged":[],"score":270,"play_id":"1894886c-f93a-4d32-9a3a-cdbd500b18fb","local_time":"20210107185955","is_ascension_mode":true,"campfire_choices":[{"floor":12,"key":"REST"},{"data":"Eruption","floor":15,"key":"SMITH"}],"circlet_count":0,"master_deck":["AscendersBane","Strike_P","Strike_P+1","Strike_P","Strike_P","Defend_P+1","Defend_P","Defend_P","Eruption+1","Vigilance","Prostrate","EmptyFist","TalkToTheHand+1","FearNoEvil+1"],"relics":["PureWater","NeowsBlessing","Nunchaku","Molten Egg 2","Strawberry","Membership Card","Bag of Preparation"],"acts_visited":["Exordium"],"potions_floor_usage":[8,11],"damage_taken":[{"damage":0,"enemies":"Small Slimes","floor":1,"turns":1},{"damage":0,"enemies":"2 Louse","floor":2,"turns":1},{"damage":0,"enemies":"3 Sentries","floor":6,"turns":2},{"damage":0,"enemies":"Jaw Worm","floor":7,"turns":2},{"damage":26,"enemies":"Lagavulin","floor":8,"turns":6},{"damage":0,"enemies":"Exordium Thugs","floor":11,"turns":2},{"damage":0,"enemies":"Large Slime","floor":13,"turns":3},{"damage":8,"enemies":"Hexaghost","floor":16,"turns":9}],"seed_played":"6427462680551457017","potions_obtained":[{"floor":2,"key":"DistilledChaos"},{"floor":6,"key":"SkillPotion"},{"floor":7,"key":"StancePotion"},{"floor":8,"key":"Energy Potion"}],"is_trial":false,"path_per_floor":["M","M","?","?","?","E","M","E","T","?","M","R","M","$","R","B"],"character_chosen":"WATCHER","items_purchased":["Membership Card","FearNoEvil+1","Bag of Preparation"],"campfire_rested":1,"item_purchase_floors":[14,14,14],"current_hp_per_floor":[61,61,50,50,43,43,43,17,24,1,1,23,23,23,23,15,15],"gold":30,"neow_bonus":"THREE_ENEMY_KILL","is_daily":false,"chose_seed":false,"campfire_upgraded":1,"win_rate":0.0,"timestamp":1610013595,"path_taken":["M","M","?","?","?","E","M","E","T","?","M","R","M","$","R","BOSS"],"items_purchased_type":["Relic","Card","Relic"],"build_version":"2020-12-22","purchased_purges":0,"victory":false,"max_hp_per_floor":[68,68,68,68,68,68,68,68,75,75,75,75,75,75,75,75,75],"relic_stats":{"Nunchaku":[5],"counters":[8,26],"Bag of Preparation":[2],"obtain_stats":[{"Nunchaku":6,"NeowsBlessing":0,"Strawberry":9,"Molten Egg 2":8,"Bag of Preparation":14,"Membership Card":14,"PureWater":0},{"Nunchaku":3,"NeowsBlessing":0,"Strawberry":5,"Molten Egg 2":5,"Bag of Preparation":7,"Membership Card":7,"PureWater":0},{"Nunchaku":4,"NeowsBlessing":0,"Strawberry":12,"Molten Egg 2":12,"Bag of Preparation":17,"Membership Card":17,"PureWater":0}]},"card_choices":[{"not_picked":["Protect","ReachHeaven"],"picked":"Prostrate","floor":1},{"not_picked":["PathToVictory","ThirdEye","Prostrate"],"picked":"SKIP","floor":2},{"not_picked":["Protect","Brilliance"],"picked":"EmptyFist","floor":6},{"not_picked":["Protect","JustLucky","WaveOfTheHand"],"picked":"SKIP","floor":7},{"not_picked":["Consecrate+1","SashWhip+1"],"picked":"TalkToTheHand+1","floor":8},{"not_picked":["Protect","TalkToTheHand+1","Sanctity"],"picked":"SKIP","floor":11},{"not_picked":["Consecrate+1","FollowUp+1","Establishment"],"picked":"SKIP","floor":13}],"player_experience":940766,"relics_obtained":[{"floor":6,"key":"Nunchaku"},{"floor":8,"key":"Molten Egg 2"},{"floor":9,"key":"Strawberry"}],"event_choices":[{"damage_healed":0,"gold_gain":75,"player_choice":"Gather Gold","damage_taken":11,"max_hp_gain":0,"max_hp_loss":0,"event_name":"World of Goop","floor":3,"gold_loss":0},{"damage_healed":0,"gold_gain":0,"player_choice":"Ignored","damage_taken":0,"max_hp_gain":0,"max_hp_loss":0,"event_name":"Liars Game","floor":4,"gold_loss":0},{"cards_removed":["Defend_P"],"damage_healed":0,"gold_gain":0,"player_choice":"Card Removal","damage_taken":7,"max_hp_gain":0,"max_hp_loss":0,"event_name":"Golden Wing","floor":5,"gold_loss":0},{"damage_healed":0,"gold_gain":0,"player_choice":"Entered Light","damage_taken":23,"max_hp_gain":0,"max_hp_loss":0,"event_name":"Shining Light","floor":10,"gold_loss":0,"cards_upgraded":["Defend_P","Strike_P"]}],"is_beta":false,"boss_relics":[],"items_purged_floors":[],"is_endless":false,"potions_floor_spawned":[2,6,7,8],"killed_by":"Hexaghost","ascension_level":20}}