{"host":"crjmoxe2wwb87pm5","time":1610048593,"event":{"mods":["BaseMod","Colored Map","GifTheSpireLib","Infinite Spire","Minty Spire (QoL Compilation)","Replay The Spire","StSLib"],"gold_per_floor":[115,129,146,159,159,159,173,19,19,44,79,79,79,90,90,185,185,196,249,269,269,269,269,269,269],"floor_reached":24,"playtime":2131,"items_purged":[],"score":196,"play_id":"f98b966b-f472-48a2-ad85-afe4e6264c7e","local_time":"20210107144313","is_ascension_mode":false,"campfire_choices":[{"data":"Armaments","floor":6,"key":"SMITH"},{"floor":12,"key":"REST"},{"data":"Flame Barrier","floor":15,"key":"SMITH"},{"data":"Body Slam","floor":23,"key":"SMITH"}],"circlet_count":0,"master_deck":["Bash","Flame Barrier+1","Rupture","Shrug It Off","Armaments+1","Warcry","ReplayTheSpireMod:Strike From Hell","Iron Wave","Body Slam+1","Bloodletting","Impervious","Hemokinesis","Power Through","Sever Soul","Exhume","Bloodletting","Demon Form","Whirlwind","Entrench+1","ReplayTheSpireMod:Strike From Hell","Infernal Blade+1","J.A.X.+1"],"relics":["Burning Blood","Juzu Bracelet","The Courier","Odd Mushroom","Ice Cream","infinitespire:EmpoweringShard","Pandora\u0027s Box","Toxic Egg 2"],"acts_visited":["Exordium","TheCity"],"potions_floor_usage":[16,20,24],"damage_taken":[{"damage":0,"enemies":"Cultist","floor":1,"turns":4},{"damage":0,"enemies":"Small Slimes","floor":2,"turns":5},{"damage":2,"enemies":"Jaw Worm","floor":3,"turns":4},{"damage":1,"enemies":"3 Louse","floor":4,"turns":3},{"damage":7,"enemies":"Looter","floor":7,"turns":3},{"damage":19,"enemies":"The Mushroom Lair","floor":10,"turns":8},{"damage":33,"enemies":"3 Sentries","floor":11,"turns":12},{"damage":11,"enemies":"Large Slime","floor":14,"turns":7},{"damage":54,"enemies":"Fading Forest","floor":16,"turns":11},{"damage":20,"enemies":"Chosen","floor":18,"turns":6},{"damage":5,"enemies":"Spheric Guardian","floor":20,"turns":4},{"damage":22,"enemies":"Gremlin Leader","floor":24,"turns":6}],"seed_played":"-1515960203789714707","potions_obtained":[{"floor":2,"key":"infinitespire:BlackPotion"},{"floor":10,"key":"SpeedPotion"},{"floor":14,"key":"BlessingOfTheForge"},{"floor":19,"key":"AttackPotion"},{"floor":20,"key":"BloodPotion"}],"is_trial":false,"path_per_floor":["M","M","M","M","?","R","M","$","T","?","E","R","?","M","R","B",null,"M","?","M","?","?","R","E"],"character_chosen":"IRONCLAD","items_purchased":["Juzu Bracelet"],"campfire_rested":1,"item_purchase_floors":[8],"current_hp_per_floor":[80,80,80,80,80,80,79,79,79,66,39,63,63,58,58,20,80,66,34,51,51,51,51,29,29],"gold":269,"neow_bonus":"TRANSFORM_CARD","is_daily":false,"chose_seed":false,"campfire_upgraded":3,"win_rate":0.0,"timestamp":1610048593,"path_taken":["M","M","M","?","?","R","M","$","T","?","E","R","?","M","R","BOSS","M","?","M","?","?","R","E"],"items_purchased_type":["Relic"],"build_version":"2020-12-22","purchased_purges":0,"victory":false,"max_hp_per_floor":[80,80,80,80,80,80,80,80,80,80,80,80,80,80,80,80,80,80,80,80,80,80,80,80,80],"card_choices":[{"not_picked":["Anger","Reckless Charge"],"picked":"Rupture","floor":1},{"not_picked":["Rampage","Cleave"],"picked":"Shrug It Off","floor":2},{"not_picked":["Twin Strike","Feed"],"picked":"Armaments","floor":3},{"not_picked":["Sword Boomerang","Run Through"],"picked":"Warcry","floor":4},{"not_picked":["Warcry","Spot Weakness"],"picked":"ReplayTheSpireMod:Strike From Hell","floor":7},{"not_picked":["Searing Blow","Double Tap"],"picked":"Iron Wave","floor":10},{"not_picked":["ReplayTheSpireMod:Limb From Limb","Intimidate"],"picked":"Body Slam","floor":11},{"not_picked":["Run Through","Perfected Strike"],"picked":"Bloodletting","floor":14},{"not_picked":["Berserk","Bludgeon"],"picked":"Impervious","floor":16},{"not_picked":["True Grit","Metallicize+1"],"picked":"Entrench+1","floor":18},{"not_picked":["Pommel Strike","Cleave"],"picked":"ReplayTheSpireMod:Strike From Hell","floor":19},{"not_picked":["Clothesline","Uppercut+1"],"picked":"Infernal Blade+1","floor":20}],"player_experience":118966,"relics_obtained":[{"floor":9,"key":"The Courier"},{"floor":10,"key":"Odd Mushroom"},{"floor":11,"key":"Ice Cream"},{"floor":13,"key":"infinitespire:EmpoweringShard"},{"floor":19,"key":"Toxic Egg 2"}],"event_choices":[{"cards_removed":["Defend_R"],"damage_healed":0,"gold_gain":0,"player_choice":"Purged","damage_taken":0,"max_hp_gain":0,"max_hp_loss":0,"event_name":"Purifier","floor":5,"gold_loss":0},{"damage_healed":0,"gold_gain":0,"player_choice":"Fought Mushrooms","damage_taken":0,"max_hp_gain":0,"max_hp_loss":0,"event_name":"Mushrooms","floor":10,"gold_loss":0},{"damage_healed":0,"gold_gain":0,"player_choice":"Obtain J.A.X.","damage_taken":0,"max_hp_gain":0,"max_hp_loss":0,"event_name":"Drug Dealer","floor":21,"gold_loss":0,"cards_obtained":["J.A.X."]},{"damage_healed":0,"gold_gain":0,"player_choice":"Ignored","damage_taken":0,"max_hp_gain":0,"max_hp_loss":0,"event_name":"Ghosts","floor":22,"gold_loss":0}],"is_beta":false,"boss_relics":[{"not_picked":["Empty Cage","ReplayTheSpireMod:SealedPack"],"picked":"Pandora\u0027s Box"}],"items_purged_floors":[],"is_endless":false,"potions_floor_spawned":[2,10,14,20],"killed_by":"Gremlin Leader","ascension_level":0}}