{"host":"h2zaclyrd1q1i31f","time":1610048502,"event":{"mods":["BaseMod","Colored Map","Downfall","Hermit","Minty Spire (QoL Compilation)","Permanent Neow","StSLib","SuperFastMode","The Hierophant","The Mystic"],"gold_per_floor":[99,99,174,159,259,259,259,184,204,204,304,318,335,320,340,443,443,443,457,457,457,457,488,488,499,499,519,529,529,454,470,470,470,470],"floor_reached":32,"playtime":1545,"items_purged":[],"score":298,"play_id":"856658c8-72c4-43a3-b78c-945770c89e6a","local_time":"20210107134142","is_ascension_mode":false,"campfire_choices":[{"data":"Slimebound:Split","floor":1,"key":"SMITH"},{"data":"Slimebound:CorrosiveSpit","floor":6,"key":"SMITH"},{"data":"Slimebound:RollThrough","floor":8,"key":"SMITH"},{"data":"Slimebound:GoopTackle","floor":10,"key":"SMITH"},{"data":"Slimebound:MassFeed","floor":18,"key":"SMITH"},{"floor":30,"key":"REST"}],"circlet_count":0,"master_deck":["Slimebound:Strike_Slimebound","Slimebound:Strike_Slimebound","Slimebound:Strike_Slimebound+1","Slimebound:Tackle","Slimebound:Defend_Slimebound","Slimebound:Defend_Slimebound+1","Slimebound:Defend_Slimebound","Slimebound:Defend_Slimebound+1","Slimebound:Split+1","Slimebound:CorrosiveSpit+1","Slimebound:OozeBath","Regret","Slimebound:RollThrough+1","Slimebound:GoopTackle+1","Slimebound:MassFeed+1","Slimebound:FirmFortitude","Slimebound:SplitMire","Writhe","Slimebound:Split","expansioncontent:DonusPower","Slimebound:BestDefense","Slimebound:DivideAndConquer","Slimebound:MegaLick","Slimebound:OozeBath","Slimebound:LeechingTouch","Slimebound:ServeAndProtect","Slimebound:FinishingTackle+1","Slimebound:LeechEnergy+1","Slimebound:Replication","Slimebound:ProtectTheBoss"],"relics":["Slimebound:AbsorbEndCombat","downfall:HeartBlessingBlue","downfall:GremlinSack","Slimebound:TarBlob","MutagenicStrength","Molten Egg 2","Nloth\u0027s Gift","downfall:HeartBlessingGreen"],"acts_visited":["Exordium","TheCity"],"potions_floor_usage":[16,19,23,25,28,32],"damage_taken":[{"damage":14,"enemies":"downfall:FleeingMerchant","floor":4,"turns":4},{"damage":0,"enemies":"2 Louse","floor":9,"turns":2},{"damage":30,"enemies":"2 Louse","floor":11,"turns":4},{"damage":17,"enemies":"Jaw Worm","floor":12,"turns":3},{"damage":2,"enemies":"Small Slimes","floor":13,"turns":3},{"damage":13,"enemies":"downfall:FleeingMerchant","floor":14,"turns":4},{"damage":28,"enemies":"2 Fungi Beasts","floor":15,"turns":3},{"damage":27,"enemies":"downfall:Watcher","floor":16,"turns":6},{"damage":25,"enemies":"3 Byrds","floor":19,"turns":4},{"damage":70,"enemies":"Gremlin Leader","floor":23,"turns":6},{"damage":28,"enemies":"Spheric Guardian","floor":25,"turns":5},{"damage":30,"enemies":"Snecko","floor":27,"turns":6},{"damage":16,"enemies":"Centurion and Healer","floor":28,"turns":5},{"damage":28,"enemies":"3 Cultists","floor":31,"turns":4},{"damage":30,"enemies":"Snake Plant","floor":32,"turns":2}],"seed_played":"-5374267604383259716","potions_obtained":[{"floor":12,"key":"Weak Potion"},{"floor":15,"key":"hexamod:EctoCoolerPotion"},{"floor":16,"key":"champ:CounterPotion"},{"floor":22,"key":"CultistPotion"},{"floor":23,"key":"ColorlessPotion"},{"floor":25,"key":"Slimebound:SlimedPotion"},{"floor":27,"key":"Block Potion"}],"is_trial":false,"path_per_floor":["R","?","?","$","?","R","T","R","M","R","?","M","M","$","M","B",null,"R","M","?","?","?","E","T","M","?","M","M","?","R","M","M"],"character_chosen":"SLIMEBOUND","items_purchased":[],"campfire_rested":1,"item_purchase_floors":[],"current_hp_per_floor":[60,60,60,58,58,58,58,68,70,70,54,50,53,63,43,40,76,76,80,80,80,80,40,40,38,38,18,8,8,36,28,0,0,0],"gold":470,"neow_bonus":"ONE_RANDOM_RARE_CARD","is_daily":false,"chose_seed":false,"campfire_upgraded":5,"win_rate":0.0,"timestamp":1610048502,"path_taken":["R","?","?","$","?","R","T","R","M","R","?","M","?","$","M","BOSS","R","M","?","?","?","E","T","M","?","M","?","?","R","M","M"],"items_purchased_type":[],"build_version":"2020-12-22","purchased_purges":0,"victory":false,"max_hp_per_floor":[60,60,60,60,60,60,60,70,70,70,70,73,76,76,76,76,76,76,88,88,88,88,88,88,92,92,96,96,96,96,100,100,100,100],"card_choices":[{"not_picked":["Slimebound:ViciousTackle","Slimebound:DivideAndConquer"],"picked":"Slimebound:RollThrough","floor":4},{"not_picked":["Slimebound:ViciousTackle","Slimebound:LeechingTouch"],"picked":"Slimebound:GoopTackle","floor":9},{"not_picked":["Slimebound:ServeAndProtect","Slimebound:PressTheAttack","Slimebound:Teamwork"],"picked":"SKIP","floor":12},{"not_picked":["Slimebound:LeechingTouch","Slimebound:SlimeBrawl"],"picked":"Slimebound:BestDefense","floor":13},{"not_picked":["Slimebound:ComboTackle","Slimebound:LeechEnergy"],"picked":"Slimebound:DivideAndConquer","floor":14},{"not_picked":["Slimebound:PressTheAttack","Slimebound:SplitMire"],"picked":"Slimebound:MegaLick","floor":15},{"not_picked":["Slimebound:RallyTheTroops","Slimebound:DouseInSlime"],"picked":"Slimebound:OozeBath","floor":16},{"not_picked":["Slimebound:SamplingLick+1","Slimebound:LeechEnergy"],"picked":"Slimebound:LeechingTouch","floor":19},{"not_picked":["Slimebound:LevelUp+1","Slimebound:SplitBruiser+1"],"picked":"Slimebound:ServeAndProtect","floor":23},{"not_picked":["Slimebound:Dissolve+1","Slimebound:SlimeSpikes"],"picked":"Slimebound:FinishingTackle+1","floor":25},{"not_picked":["Slimebound:DivideAndConquer","Slimebound:SplitMire"],"picked":"Slimebound:LeechEnergy+1","floor":27},{"not_picked":["Slimebound:ServeAndProtect","Slimebound:AcidTongue"],"picked":"Slimebound:Replication","floor":28},{"not_picked":["Slimebound:SlimeSpikes","Slimebound:Overexert"],"picked":"Slimebound:ProtectTheBoss","floor":31}],"player_experience":140141,"relics_obtained":[{"floor":11,"key":"downfall:GremlinSack"},{"floor":23,"key":"Lantern"},{"floor":24,"key":"Molten Egg 2"}],"event_choices":[{"damage_healed":0,"gold_gain":0,"player_choice":"Inject Mutagens","damage_taken":0,"relics_obtained":["MutagenicStrength"],"max_hp_gain":0,"max_hp_loss":0,"event_name":"Drug Dealer","floor":21,"gold_loss":0},{"damage_healed":0,"gold_gain":0,"player_choice":"Ignored","damage_taken":0,"max_hp_gain":0,"max_hp_loss":0,"event_name":"NoteForYourself","floor":29,"gold_loss":0}],"is_beta":false,"boss_relics":[{"not_picked":["SlaversCollar","Busted Crown"],"picked":"Slimebound:TarBlob"}],"items_purged_floors":[],"is_endless":false,"potions_floor_spawned":[12,15,16,23,25,27],"killed_by":"Snake Plant","ascension_level":0}}