{"host":"ig7tc0uedzltt2sr","time":1610056018,"event":{"mods":["BaseMod","Better Twitch Integration","Block Reminder","Colored Map","Colored Powertips","Communication Mod","Current Relic Mod","GifTheSpireLib","HexUI Lib","Minty Spire (QoL Compilation)","Quick Restart","Random Character Button","Rare Cards Sparkle","Relic Sorter","Relic Stats","Slay the Relics Exporter","StSLib","SuperFastMode","Synergy Search","Twitch Decklist","Twitch Utils","everything is the same but u backflip on backflip","slay the spire mod where everything is the same but ironclad has a cowboy hat"],"gold_per_floor":[115,129,129,142,152,181,114,114,114],"floor_reached":8,"playtime":47,"items_purged":[],"score":58,"play_id":"7f6fcefc-908b-4118-9aa9-8f4aa31a0512","local_time":"20210107134658","is_ascension_mode":false,"campfire_choices":[],"circlet_count":0,"master_deck":["Strike_R","Strike_R","Strike_R","Strike_R","Strike_R","Defend_R","Defend_R","Defend_R","Defend_R","Bash","Warcry","Reaper","Combust","Clash","Carnage","Combust"],"relics":["Burning Blood","NeowsBlessing","Peace Pipe"],"acts_visited":["Exordium"],"potions_floor_usage":[],"damage_taken":[{"damage":0,"enemies":"Jaw Worm","floor":1,"turns":1},{"damage":0,"enemies":"Small Slimes","floor":2,"turns":3},{"damage":0,"enemies":"Cultist","floor":4,"turns":1},{"damage":25,"enemies":"Red Slaver","floor":5,"turns":5},{"damage":30,"enemies":"Gremlin Nob","floor":6,"turns":5},{"damage":54,"enemies":"Lagavulin","floor":8,"turns":6}],"seed_played":"-5750247911604578825","potions_obtained":[{"floor":5,"key":"DistilledChaos"}],"is_trial":false,"path_per_floor":["M","M","?","M","M","E","$","E"],"character_chosen":"IRONCLAD","items_purchased":["Combust"],"campfire_rested":0,"item_purchase_floors":[7],"current_hp_per_floor":[80,80,80,80,61,37,37,0,0],"gold":114,"neow_bonus":"THREE_ENEMY_KILL","is_daily":false,"chose_seed":false,"campfire_upgraded":0,"win_rate":0.0,"timestamp":1610056018,"path_taken":["M","M","?","M","M","E","$","E"],"items_purchased_type":["Card"],"build_version":"2020-12-22","purchased_purges":0,"victory":false,"max_hp_per_floor":[80,80,80,80,80,80,80,80,80],"relic_stats":{"Peace Pipe":0,"counters":[6,21],"obtain_stats":[{"Peace Pipe":6,"NeowsBlessing":0,"Burning Blood":0},{"Peace Pipe":5,"NeowsBlessing":0,"Burning Blood":0},{"Peace Pipe":15,"NeowsBlessing":0,"Burning Blood":0}],"Burning Blood":12},"card_choices":[{"not_picked":["Sword Boomerang","Thunderclap"],"picked":"Warcry","floor":1},{"not_picked":["Sword Boomerang","Feel No Pain"],"picked":"Reaper","floor":2},{"not_picked":["Feel No Pain","Armaments"],"picked":"Combust","floor":4},{"not_picked":["Dark Embrace","Thunderclap"],"picked":"Clash","floor":5},{"not_picked":["Feel No Pain","Twin Strike"],"picked":"Carnage","floor":6}],"player_experience":1456132,"relics_obtained":[{"floor":6,"key":"Peace Pipe"}],"event_choices":[{"damage_healed":0,"gold_gain":0,"player_choice":"Leave","damage_taken":0,"max_hp_gain":0,"max_hp_loss":0,"event_name":"The Cleric","floor":3,"gold_loss":0}],"is_beta":false,"boss_relics":[],"items_purged_floors":[],"is_endless":false,"potions_floor_spawned":[5],"killed_by":"Lagavulin","ascension_level":0}}