{"host":"9n6i2vl93jt4o42q","time":1610031349,"event":{"mods":["BaseMod","Downfall","Minty Spire (QoL Compilation)","Relic Stats","StSLib"],"gold_per_floor":[99,110,110,110,121,121,121,150,161,175,100,133,14,49,66,170,170,170,190,206,2,13,13,13,27,27,38,65,65,75,106,126,227,227,152,168,184,184,195,17,17,17,46,58,120,132,161,198,226,238],"floor_reached":51,"playtime":5441,"items_purged":[],"score":1274,"play_id":"e54068b8-bdb4-4ff3-8492-587f2be5136c","local_time":"20210107155549","is_ascension_mode":true,"campfire_choices":[{"data":"Guardian:TwinSlam","floor":1,"key":"SMITH"},{"floor":6,"key":"RECALL"},{"data":"Guardian:FuturePlans","floor":11,"key":"SMITH"},{"data":"Guardian:CompilePackage","floor":18,"key":"SMITH"},{"data":"Guardian:SentryBeam","floor":26,"key":"SMITH"},{"data":"Guardian:AncientConstruct","floor":29,"key":"SMITH"},{"data":"Guardian:Clone","floor":35,"key":"SMITH"},{"data":"Guardian:Suspension","floor":42,"key":"SMITH"}],"circlet_count":0,"master_deck":["Guardian:CurlUp","Guardian:TwinSlam+1","Guardian:FuturePlans+1","Guardian:Repulse","Guardian:TemporalStrike","Guardian:ArmoredProtocol","Guardian:Suspension","Guardian:CompilePackage+1","Guardian:TimeSifter","Guardian:Clone","Guardian:Planning+1","Guardian:BronzeOrb","Guardian:SentryBeam+1","Guardian:PrimingBeam","Guardian:ShieldCharger+1","Guardian:AncientConstruct+1","Guardian:EvasiveProtocol+1","Guardian:ChargeCore+1","Guardian:StasisField","Guardian:Clone+1","Guardian:Suspension+1","Guardian:Harden","Guardian:BaubleBeam","Guardian:RefractedBeam","Guardian:WalkerClaw","Guardian:ShieldCharger+1","Guardian:PiercingHide","expansioncontent:YouAreMine","expansioncontent:ManipulateTime","Guardian:ChargeUp","Guardian:Incinerate+1","Guardian:Gem_Red","Guardian:Orbwalk","Guardian:TimeCapacitor+1"],"relics":["Guardian:ModeShifterPlus","Omamori","Mango","Ice Cream","downfall:HeartBlessingRed","Whetstone","Bag of Marbles","Membership Card","Guardian:PocketSentry","Eternal Feather","Bottled Tornado","Strawberry","Pandora\u0027s Box","downfall:HeartBlessingGreen","Bottled Flame","MawBank","Dead Branch","Guardian:PickAxe"],"acts_visited":["Exordium","TheCity","TheBeyond"],"potions_floor_usage":[14,31],"damage_taken":[{"damage":11,"enemies":"2 Louse","floor":2,"turns":3},{"damage":0,"enemies":"Small Slimes","floor":5,"turns":3},{"damage":7,"enemies":"Lagavulin","floor":8,"turns":7},{"damage":1,"enemies":"Cultist","floor":9,"turns":3},{"damage":4,"enemies":"Red Slaver","floor":10,"turns":4},{"damage":10,"enemies":"Gremlin Nob","floor":12,"turns":4},{"damage":0,"enemies":"downfall:FleeingMerchant","floor":13,"turns":4},{"damage":7,"enemies":"3 Sentries","floor":14,"turns":7},{"damage":4,"enemies":"Large Slime","floor":15,"turns":6},{"damage":18,"enemies":"downfall:Watcher","floor":16,"turns":9},{"damage":2,"enemies":"3 Byrds","floor":19,"turns":2},{"damage":0,"enemies":"Chosen","floor":20,"turns":6},{"damage":2,"enemies":"downfall:FleeingMerchant","floor":21,"turns":4},{"damage":0,"enemies":"Centurion and Healer","floor":22,"turns":5},{"damage":5,"enemies":"Shelled Parasite and Fungi","floor":25,"turns":5},{"damage":0,"enemies":"3 Cultists","floor":27,"turns":4},{"damage":0,"enemies":"Book of Stabbing","floor":28,"turns":5},{"damage":0,"enemies":"Snake Plant","floor":30,"turns":3},{"damage":24,"enemies":"Gremlin Leader","floor":31,"turns":6},{"damage":0,"enemies":"Centurion and Healer","floor":32,"turns":5},{"damage":0,"enemies":"downfall:Defect","floor":33,"turns":7},{"damage":0,"enemies":"Orb Walker","floor":36,"turns":5},{"damage":3,"enemies":"3 Darklings","floor":37,"turns":4},{"damage":16,"enemies":"Transient","floor":39,"turns":5},{"damage":3,"enemies":"downfall:FleeingMerchant","floor":40,"turns":4},{"damage":0,"enemies":"Reptomancer","floor":43,"turns":8},{"damage":0,"enemies":"Mind Bloom Boss Battle","floor":45,"turns":5},{"damage":0,"enemies":"Sphere and 2 Shapes","floor":47,"turns":5},{"damage":0,"enemies":"Nemesis","floor":48,"turns":7},{"damage":0,"enemies":"Writhing Mass","floor":49,"turns":6},{"damage":46,"enemies":"downfall:Silent","floor":50,"turns":10}],"seed_played":"2764486080942109902","potions_obtained":[{"floor":2,"key":"AttackPotion"},{"floor":4,"key":"EssenceOfSteel"},{"floor":4,"key":"DuplicationPotion"},{"floor":5,"key":"Explosive Potion"},{"floor":14,"key":"Guardian:DefensiveModePotion"},{"floor":33,"key":"LiquidMemories"},{"floor":48,"key":"Guardian:AcceleratePotion"}],"is_trial":false,"path_per_floor":["R","M","?","?","M","R","T","E","M","M","R","E","$","E","M","B",null,"R","M","M","$","M","T","T","M","R","M","E","R","M","E","M","B",null,"R","M","M","?","M","$","T","R","E","?","?","?","M","E","M","B",null],"character_chosen":"GUARDIAN","items_purchased":["Guardian:ArmoredProtocol","Guardian:Gem_Blue","Membership Card","Guardian:SentryBeam","Guardian:ChargeUp","Bottled Flame"],"campfire_rested":0,"item_purchase_floors":[13,13,21,21,40,40],"current_hp_per_floor":[72,61,61,61,61,61,75,68,67,63,63,53,53,46,42,24,77,77,75,75,73,73,73,73,68,80,80,80,92,92,75,75,75,95,101,101,98,93,77,74,74,92,92,107,107,126,126,126,126,80],"gold":250,"neow_bonus":"RANDOM_COMMON_RELIC","is_daily":false,"chose_seed":false,"campfire_upgraded":7,"win_rate":0.0,"timestamp":1610031349,"path_taken":["R","M","?","?","M","R","T","E","M","M","R","E","$","E","M","BOSS","R","M","M","$","?","?","T","M","R","M","E","R","M","E","M","BOSS","R","M","M","?","M","$","T","R","E","?","?","?","M","E","M","BOSS"],"items_purchased_type":["Card","Card","Relic","Card","Card","Relic"],"build_version":"2020-12-22","purchased_purges":0,"victory":true,"max_hp_per_floor":[80,80,80,80,80,80,94,94,94,94,94,94,94,94,94,94,94,94,94,94,94,94,94,94,94,94,94,94,94,94,101,101,101,101,101,101,101,101,101,101,101,101,101,116,116,126,126,126,126,126],"relic_stats":{"counters":[31,161],"Dead Branch":[68],"Eternal Feather":48,"Pandora\u0027s Box":["Guardian:Clone","Guardian:Suspension","Guardian:Harden","Guardian:BaubleBeam","Guardian:RefractedBeam","Guardian:WalkerClaw","Guardian:ConstructionForm"],"Whetstone":["Guardian:Strike_Guardian","Guardian:Strike_Guardian"],"MawBank":96,"obtain_stats":[{"Ice Cream":8,"downfall:HeartBlessingRed":11,"Guardian:ModeShifterPlus":17,"Dead Branch":45,"Guardian:ModeShifter":0,"Mango":7,"Eternal Feather":24,"downfall:HeartBlessingGreen":35,"Omamori":0,"Guardian:PocketSentry":23,"Whetstone":12,"Bottled Tornado":28,"MawBank":43,"Guardian:PickAxe":48,"Bottled Flame":40,"Strawberry":31,"Pandora\u0027s Box":34,"Bag of Marbles":14,"Membership Card":21},{"Ice Cream":3,"downfall:HeartBlessingRed":5,"Guardian:ModeShifterPlus":10,"Dead Branch":27,"Guardian:ModeShifter":0,"Mango":2,"Eternal Feather":14,"downfall:HeartBlessingGreen":21,"Omamori":0,"Guardian:PocketSentry":14,"Whetstone":6,"Bottled Tornado":17,"MawBank":26,"Guardian:PickAxe":29,"Bottled Flame":25,"Strawberry":19,"Pandora\u0027s Box":21,"Bag of Marbles":8,"Membership Card":13},{"Ice Cream":13,"downfall:HeartBlessingRed":20,"Guardian:ModeShifterPlus":50,"Dead Branch":133,"Guardian:ModeShifter":0,"Mango":6,"Eternal Feather":67,"downfall:HeartBlessingGreen":102,"Omamori":0,"Guardian:PocketSentry":67,"Whetstone":24,"Bottled Tornado":81,"MawBank":128,"Guardian:PickAxe":145,"Bottled Flame":120,"Strawberry":90,"Pandora\u0027s Box":102,"Bag of Marbles":35,"Membership Card":62}]},"card_choices":[{"not_picked":["Guardian:TemporalStrike","Guardian:PolyBeam"],"picked":"Guardian:FuturePlans","floor":2},{"not_picked":["Guardian:Clone","Guardian:RefractedBeam"],"picked":"Guardian:Gem_Green","floor":5},{"not_picked":["Guardian:WalkerClaw","Guardian:Gem_Green","Guardian:PrismaticBeam"],"picked":"SKIP","floor":8},{"not_picked":["Guardian:Planning","Guardian:HyperBeam_Guardian"],"picked":"Guardian:Gem_White","floor":9},{"not_picked":["Guardian:VentSteam","Guardian:PrimingBeam"],"picked":"Guardian:Gem_Yellow","floor":10},{"not_picked":["Guardian:ShieldCharger","Guardian:GatlingBeam"],"picked":"Guardian:Repulse","floor":12},{"not_picked":["Guardian:TemporalShield","Guardian:Reroute"],"picked":"Guardian:TemporalStrike","floor":13},{"not_picked":["Guardian:Recover","Guardian:Reroute"],"picked":"Guardian:Suspension","floor":14},{"not_picked":["Guardian:Gem_Lightblue","Guardian:Planning"],"picked":"Guardian:CompilePackage","floor":15},{"not_picked":["Guardian:StasisField","Guardian:CompilePackage"],"picked":"Guardian:TimeSifter","floor":16},{"not_picked":["Guardian:Repulse+1","Guardian:WalkerClaw+1"],"picked":"Guardian:Clone","floor":19},{"not_picked":["Guardian:Gem_Purple","Guardian:CrystalBeam"],"picked":"Guardian:Planning+1","floor":20},{"not_picked":["Guardian:MultiBeam","Guardian:PrismaticBeam"],"picked":"Guardian:BronzeOrb","floor":21},{"not_picked":["Guardian:Reroute","Guardian:SentryBeam"],"picked":"Guardian:PrimingBeam","floor":22},{"not_picked":["Guardian:ChargeCore","Guardian:Planning"],"picked":"Guardian:ShieldCharger+1","floor":25},{"not_picked":["Guardian:TemporalStrike","Guardian:Gem_Cyan"],"picked":"Guardian:AncientConstruct","floor":27},{"not_picked":["Guardian:Clone","Guardian:ChargeCore"],"picked":"Guardian:EvasiveProtocol+1","floor":28},{"not_picked":["Guardian:TemporalStrike","Guardian:Gem_Red"],"picked":"Guardian:Gem_Crimson","floor":30},{"not_picked":["Guardian:Repulse+1","Guardian:Gem_Lightblue","Guardian:Planning"],"picked":"SKIP","floor":31},{"not_picked":["Guardian:Planning","Guardian:TemporalStrike+1"],"picked":"Guardian:ChargeCore+1","floor":32},{"not_picked":["Guardian:ConstructionForm","Guardian:BaubleBeam"],"picked":"Guardian:StasisField","floor":33},{"not_picked":["Guardian:Incinerate+1","Guardian:VentSteam+1"],"picked":"Guardian:ShieldCharger+1","floor":36},{"not_picked":["Guardian:FloatingOrbs","Guardian:CompilePackage"],"picked":"Guardian:PiercingHide","floor":37},{"not_picked":["expansioncontent:DonusPower","expansioncontent:GoopSpray"],"picked":"expansioncontent:YouAreMine","floor":38},{"not_picked":["expansioncontent:TimeRipple","expansioncontent:Sear"],"picked":"expansioncontent:ManipulateTime","floor":38},{"not_picked":["Guardian:FloatingOrbs+1","Guardian:PiercingHide","Guardian:ShieldCharger"],"picked":"SKIP","floor":39},{"not_picked":["Guardian:PrimingBeam+1","Guardian:Suspension"],"picked":"Guardian:Gem_Synthetic","floor":40},{"not_picked":["Guardian:BronzeOrb+1","Guardian:TemporalStrike"],"picked":"Guardian:Incinerate+1","floor":43},{"not_picked":["Guardian:ShieldCharger","Guardian:PrimingBeam"],"picked":"Guardian:Gem_Red","floor":45},{"not_picked":["Guardian:Gem_Orange","Guardian:CrystalBeam+1"],"picked":"Guardian:Orbwalk","floor":47},{"not_picked":["Guardian:PrismaticBarrier","Guardian:Reroute","Guardian:WalkerClaw"],"picked":"SKIP","floor":48},{"not_picked":["Guardian:Gem_Green","Guardian:Gem_Fragmented"],"picked":"Guardian:TimeCapacitor+1","floor":49}],"player_experience":2204946,"relics_obtained":[{"floor":7,"key":"Mango"},{"floor":8,"key":"Ice Cream"},{"floor":12,"key":"Whetstone"},{"floor":14,"key":"Bag of Marbles"},{"floor":23,"key":"Guardian:PocketSentry"},{"floor":24,"key":"Eternal Feather"},{"floor":28,"key":"Bottled Tornado"},{"floor":31,"key":"Strawberry"},{"floor":43,"key":"MawBank"},{"floor":45,"key":"Dead Branch"},{"floor":48,"key":"Guardian:PickAxe"}],"event_choices":[{"damage_healed":0,"gold_gain":0,"player_choice":"Got Potions","damage_taken":0,"max_hp_gain":0,"max_hp_loss":0,"event_name":"Lab","floor":4,"gold_loss":0},{"cards_removed":["Guardian:ConstructionForm"],"damage_healed":9,"gold_gain":0,"player_choice":"Offered Rare","damage_taken":0,"max_hp_gain":10,"max_hp_loss":0,"event_name":"Bonfire Elementals","floor":46,"gold_loss":0}],"is_beta":false,"boss_relics":[{"not_picked":["Sozu","Guardian:StasisSlotReductionRelic"],"picked":"Guardian:ModeShifterPlus"},{"not_picked":["Runic Pyramid","Black Star"],"picked":"Pandora\u0027s Box"}],"items_purged_floors":[],"is_endless":false,"potions_floor_spawned":[2,5,10,12,14,15,22,25,30,33,36,48,49],"ascension_level":9}}