{"host":"ig7tc0uedzltt2sr","time":1610061035,"event":{"mods":["BaseMod","Better Twitch Integration","Block Reminder","Colored Map","Colored Powertips","Communication Mod","Current Relic Mod","GifTheSpireLib","HexUI Lib","Minty Spire (QoL Compilation)","Quick Restart","Random Character Button","Rare Cards Sparkle","Relic Sorter","Relic Stats","Slay the Relics Exporter","StSLib","SuperFastMode","Synergy Search","Twitch Decklist","Twitch Utils","everything is the same but u backflip on backflip","slay the spire mod where everything is the same but ironclad has a cowboy hat"],"gold_per_floor":[109,124,89,157,170,170,180,180,180,180,195,206,240,258,258,258,258],"floor_reached":16,"playtime":183,"items_purged":[],"score":104,"play_id":"3a5e55f5-731a-4e95-b136-a658f6941f77","local_time":"20210107151035","is_ascension_mode":false,"campfire_choices":[{"floor":6,"key":"REST"},{"floor":8,"key":"REST"},{"floor":10,"key":"REST"},{"floor":15,"key":"REST"}],"circlet_count":0,"master_deck":["Strike_R","Strike_R","Strike_R","Strike_R","Strike_R","Defend_R","Defend_R","Defend_R","Defend_R","Bash","Sword Boomerang","Power Through","Feel No Pain","Corruption","Cleave","Burning Pact","Flex"],"relics":["Burning Blood","StrikeDummy","Regal Pillow"],"acts_visited":["Exordium"],"potions_floor_usage":[],"damage_taken":[{"damage":7,"enemies":"Small Slimes","floor":1,"turns":9},{"damage":23,"enemies":"Jaw Worm","floor":2,"turns":9},{"damage":15,"enemies":"Cultist","floor":5,"turns":7},{"damage":9,"enemies":"3 Louse","floor":7,"turns":9},{"damage":19,"enemies":"Gremlin Gang","floor":11,"turns":10},{"damage":17,"enemies":"Large Slime","floor":12,"turns":11},{"damage":87,"enemies":"Lagavulin","floor":13,"turns":13},{"damage":14,"enemies":"Blue Slaver","floor":14,"turns":5},{"damage":53,"enemies":"The Guardian","floor":16,"turns":6}],"seed_played":"6242673471416700459","potions_obtained":[{"floor":2,"key":"FairyPotion"},{"floor":7,"key":"SteroidPotion"},{"floor":12,"key":"Dexterity Potion"},{"floor":13,"key":"Block Potion"}],"is_trial":false,"path_per_floor":["M","M","?","T","M","R","M","R","T","R","M","M","E","M","R","B"],"character_chosen":"IRONCLAD","items_purchased":[],"campfire_rested":4,"item_purchase_floors":[],"current_hp_per_floor":[87,70,88,88,79,88,85,88,88,88,75,64,18,10,51,0,0],"gold":258,"neow_bonus":"TEN_PERCENT_HP_BONUS","is_daily":false,"chose_seed":false,"campfire_upgraded":0,"win_rate":0.0,"timestamp":1610061035,"path_taken":["M","M","?","?","M","R","M","R","T","R","?","M","E","M","R","BOSS"],"items_purchased_type":[],"build_version":"2020-12-22","purchased_purges":0,"victory":false,"max_hp_per_floor":[88,88,88,88,88,88,88,88,88,88,88,88,88,88,88,88,88],"relic_stats":{"Regal Pillow":15,"counters":[9,79],"obtain_stats":[{"Regal Pillow":13,"StrikeDummy":9,"Burning Blood":0},{"Regal Pillow":7,"StrikeDummy":4,"Burning Blood":0},{"Regal Pillow":68,"StrikeDummy":34,"Burning Blood":0}],"Burning Blood":48},"card_choices":[{"not_picked":["Clothesline","Shrug It Off"],"picked":"Sword Boomerang","floor":1},{"not_picked":["True Grit","Battle Trance"],"picked":"Power Through","floor":2},{"not_picked":["Flex","Entrench"],"picked":"Feel No Pain","floor":5},{"not_picked":["Battle Trance","Thunderclap","Shrug It Off"],"picked":"SKIP","floor":7},{"not_picked":["Havoc","Flex"],"picked":"Corruption","floor":11},{"not_picked":["Flex","Rage"],"picked":"Cleave","floor":12},{"not_picked":["Feel No Pain","Perfected Strike"],"picked":"Burning Pact","floor":13},{"not_picked":["Havoc","Clothesline"],"picked":"Flex","floor":14}],"player_experience":1460045,"relics_obtained":[{"floor":9,"key":"StrikeDummy"},{"floor":13,"key":"Regal Pillow"}],"event_choices":[{"damage_healed":22,"gold_gain":0,"player_choice":"Healed","damage_taken":0,"max_hp_gain":0,"max_hp_loss":0,"event_name":"The Cleric","floor":3,"gold_loss":35}],"is_beta":false,"boss_relics":[],"items_purged_floors":[],"is_endless":false,"potions_floor_spawned":[2,7,12,13],"killed_by":"The Guardian","ascension_level":0}}