{"host":"pmjhag63emupgley","time":1610011116,"event":{"mods":["AchievementEnabler","BaseMod","Colored Map","Colored Powertips","Minty Spire (QoL Compilation)","Relic Stats"],"gold_per_floor":[118,118,133,147,42,72,72,97,97,131,131,151,165,183,183,283,283,302,56,74,89,89,89,105,138,138,151,151,151],"floor_reached":28,"playtime":1055,"items_purged":[],"score":392,"play_id":"7eef3e0b-1138-4db2-866b-aea3352b4e9a","local_time":"20210107171836","is_ascension_mode":true,"campfire_choices":[{"floor":7,"key":"REST"},{"floor":11,"key":"REST"},{"floor":15,"key":"REST"},{"floor":23,"key":"REST"}],"circlet_count":0,"master_deck":["Strike_G","Strike_G","Strike_G","Strike_G","Strike_G","Defend_G","Defend_G","Defend_G","Defend_G","Defend_G","Survivor","Neutralize","Acrobatics","Infinite Blades","Blade Dance","Choke","Footwork","Accuracy","Venomology","Accuracy","Sucker Punch","Envenom","Storm of Steel","Infinite Blades","Noxious Fumes","Blade Dance"],"relics":["WristBlade","FaceOfCleric","Potion Belt","Bottled Flame","Bronze Scales","Busted Crown","Gremlin Horn","MutagenicStrength","Tiny Chest","Pocketwatch"],"acts_visited":["Exordium","TheCity"],"potions_floor_usage":[10,16,16,20,20,24,24,25,25,25,27,28,28],"damage_taken":[{"damage":0,"enemies":"Jaw Worm","floor":1,"turns":5},{"damage":4,"enemies":"Cultist","floor":3,"turns":5},{"damage":1,"enemies":"2 Louse","floor":4,"turns":3},{"damage":30,"enemies":"Lagavulin","floor":6,"turns":5},{"damage":26,"enemies":"3 Sentries","floor":8,"turns":9},{"damage":19,"enemies":"Lagavulin","floor":10,"turns":6},{"damage":1,"enemies":"Looter","floor":12,"turns":3},{"damage":0,"enemies":"Red Slaver","floor":13,"turns":3},{"damage":9,"enemies":"Large Slime","floor":14,"turns":2},{"damage":20,"enemies":"Slime Boss","floor":16,"turns":5},{"damage":5,"enemies":"Chosen","floor":18,"turns":4},{"damage":18,"enemies":"2 Thieves","floor":20,"turns":3},{"damage":19,"enemies":"Snake Plant","floor":21,"turns":4},{"damage":11,"enemies":"Snecko","floor":24,"turns":3},{"damage":33,"enemies":"Slavers","floor":25,"turns":6},{"damage":5,"enemies":"Centurion and Healer","floor":27,"turns":5},{"damage":5,"enemies":"Book of Stabbing","floor":28,"turns":2}],"seed_played":"-697553308980650917","potions_obtained":[{"floor":4,"key":"GamblersBrew"},{"floor":8,"key":"Dexterity Potion"},{"floor":12,"key":"CunningPotion"},{"floor":16,"key":"LiquidMemories"},{"floor":20,"key":"PowerPotion"},{"floor":27,"key":"FearPotion"}],"is_trial":false,"path_per_floor":["M","?","M","M","$","E","R","E","T","E","R","M","M","M","R","B",null,"M","$","M","M","?","R","M","E","T","M","E"],"character_chosen":"THE_SILENT","items_purchased":["Choke","Footwork","Gremlin Horn"],"campfire_rested":4,"item_purchase_floors":[5,5,19],"current_hp_per_floor":[63,63,60,60,60,31,52,27,27,9,31,31,32,24,47,28,66,62,62,45,27,27,51,41,9,9,5,0,0],"gold":151,"neow_bonus":"BOSS_RELIC","is_daily":false,"chose_seed":false,"campfire_upgraded":0,"win_rate":0.0,"timestamp":1610011116,"path_taken":["M","?","M","M","$","E","R","E","T","E","R","?","M","M","R","BOSS","M","$","M","M","?","R","M","E","T","M","E"],"items_purchased_type":["Card","Card","Relic"],"build_version":"2020-12-22","purchased_purges":0,"victory":false,"max_hp_per_floor":[70,70,71,72,72,73,73,74,74,75,75,76,77,78,78,79,79,80,80,81,82,82,82,83,84,84,85,85,85],"relic_stats":{"Busted Crown":12,"FaceOfCleric":15,"Gremlin Horn":[4,4],"counters":[17,73],"Bronze Scales":[99],"Tiny Chest":0,"obtain_stats":[{"Potion Belt":6,"Bottled Flame":8,"Busted Crown":17,"WristBlade":0,"FaceOfCleric":2,"Gremlin Horn":19,"Bronze Scales":10,"MutagenicStrength":22,"Tiny Chest":25,"Ring of the Snake":0,"Pocketwatch":26},{"Potion Belt":4,"Bottled Flame":5,"Busted Crown":10,"WristBlade":0,"FaceOfCleric":1,"Gremlin Horn":11,"Bronze Scales":6,"MutagenicStrength":13,"Tiny Chest":15,"Ring of the Snake":0,"Pocketwatch":15},{"Potion Belt":18,"Bottled Flame":27,"Busted Crown":46,"WristBlade":0,"FaceOfCleric":5,"Gremlin Horn":50,"Bronze Scales":33,"MutagenicStrength":57,"Tiny Chest":66,"Ring of the Snake":0,"Pocketwatch":66}],"Pocketwatch":[3]},"card_choices":[{"not_picked":["Deadly Poison","Flying Knee"],"picked":"Acrobatics","floor":1},{"not_picked":["Dagger Throw","Cloak And Dagger"],"picked":"Infinite Blades","floor":3},{"not_picked":["Finisher","Slice"],"picked":"Blade Dance","floor":4},{"not_picked":["Cloak And Dagger","Dagger Throw"],"picked":"Accuracy","floor":6},{"not_picked":["Accuracy","Poisoned Stab"],"picked":"Venomology","floor":8},{"not_picked":["Quick Slash","Slice","Glass Knife"],"picked":"SKIP","floor":10},{"not_picked":["Heel Hook","Cloak And Dagger"],"picked":"Accuracy","floor":12},{"not_picked":["All Out Attack","Poisoned Stab"],"picked":"Sucker Punch","floor":13},{"not_picked":["Predator","Cloak And Dagger"],"picked":"Envenom","floor":14},{"not_picked":["Doppelganger","Adrenaline"],"picked":"Storm of Steel","floor":16},{"not_picked":["Reflex"],"picked":"SKIP","floor":18},{"not_picked":["Dagger Throw"],"picked":"SKIP","floor":20},{"not_picked":[],"picked":"Infinite Blades","floor":21},{"not_picked":["Underhanded Strike"],"picked":"SKIP","floor":24},{"not_picked":[],"picked":"Noxious Fumes","floor":25},{"not_picked":[],"picked":"Blade Dance","floor":27}],"player_experience":395992,"relics_obtained":[{"floor":6,"key":"Potion Belt"},{"floor":8,"key":"Bottled Flame"},{"floor":10,"key":"Bronze Scales"},{"floor":25,"key":"Tiny Chest"},{"floor":26,"key":"Pocketwatch"}],"event_choices":[{"damage_healed":0,"gold_gain":0,"player_choice":"Trade","damage_taken":0,"relics_obtained":["FaceOfCleric"],"max_hp_gain":0,"max_hp_loss":0,"event_name":"FaceTrader","floor":2,"gold_loss":0},{"damage_healed":0,"gold_gain":0,"player_choice":"Inject Mutagens","damage_taken":0,"relics_obtained":["MutagenicStrength"],"max_hp_gain":0,"max_hp_loss":0,"event_name":"Drug Dealer","floor":22,"gold_loss":0}],"is_beta":false,"boss_relics":[{"not_picked":["Philosopher\u0027s Stone","SacredBark"],"picked":"Busted Crown"}],"items_purged_floors":[],"is_endless":false,"potions_floor_spawned":[4,8,12,16,18,20,27],"killed_by":"Book of Stabbing","ascension_level":8}}