{"host":"69bxgjr0sv0a6xc4","time":1610058307,"event":{"mods":["Act Like it!","BaseMod","Better Altar","Better Match","Better Note","Better Sensory Stone","Better Skull","Better Third Choice","BetterRewards","DeckTracker","Friendly Minions","Jorbs\u0027s Wanderer Trilogy","Lobotomy","LobotomyExtend","Minty Spire (QoL Compilation)","Relic Stats","Spicy Shops","StSLib","The Bladedancer","Unceasing Turn Reminder"],"gold_per_floor":[278,297,297,297,308,337,357,357,357],"floor_reached":8,"playtime":312,"items_purged":[],"score":102,"play_id":"b195fb63-e891-4d28-ae4f-cd21b99d0e97","local_time":"20210107232507","is_ascension_mode":true,"campfire_choices":[],"circlet_count":0,"master_deck":["AscendersBane","Strike_G","Strike_G","Strike_G","Strike_G","Strike_G","Defend_G","Defend_G","Defend_G","Defend_G","Defend_G","Survivor","Neutralize","Deadly Poison","Scorched","Escape Plan","Master of Strategy","OldLady","PiercingWail","Adrenaline"],"relics":["Ring of the Snake","CogitoBucket","LetterFromLob","Bag of Preparation"],"acts_visited":["Exordium"],"potions_floor_usage":[6],"damage_taken":[{"damage":2,"enemies":"Cultist","floor":1,"turns":5},{"damage":0,"enemies":"2 Louse","floor":2,"turns":4},{"damage":0,"enemies":"Small Slimes","floor":5,"turns":3},{"damage":22,"enemies":"Lagavulin","floor":6,"turns":5},{"damage":0,"enemies":"Red Slaver","floor":7,"turns":3},{"damage":44,"enemies":"Gremlin Nob","floor":8,"turns":4}],"seed_played":"2435179798479887277","potions_obtained":[{"floor":1,"key":"DuplicationPotion"}],"is_trial":false,"path_per_floor":["M","M","?","?","M","E","M","E"],"character_chosen":"THE_SILENT","items_purchased":[],"campfire_rested":0,"item_purchase_floors":[],"current_hp_per_floor":[57,57,62,62,62,40,40,0,0],"gold":357,"neow_bonus":"","is_daily":false,"chose_seed":false,"campfire_upgraded":0,"win_rate":0.0,"timestamp":1610058307,"path_taken":["M","?","?","?","?","E","M","E"],"items_purchased_type":[],"build_version":"2020-12-22","purchased_purges":0,"victory":false,"max_hp_per_floor":[66,66,71,71,71,71,71,71,71],"relic_stats":{"counters":[6,24],"Bag of Preparation":[4],"obtain_stats":[{"CogitoBucket":0,"LetterFromLob":1,"Bag of Preparation":6,"Ring of the Snake":0},{"CogitoBucket":0,"LetterFromLob":1,"Bag of Preparation":4,"Ring of the Snake":0},{"CogitoBucket":0,"LetterFromLob":5,"Bag of Preparation":17,"Ring of the Snake":0}],"Ring of the Snake":[12]},"card_choices":[{"not_picked":["Prepared","Finisher"],"picked":"Deadly Poison","floor":1},{"not_picked":["OSAHOGD","UniverseFragment"],"picked":"Scorched","floor":2},{"not_picked":["Sucker Punch","Flying Knee"],"picked":"Escape Plan","floor":2},{"not_picked":["Violence","Dark Shackles"],"picked":"Master of Strategy","floor":4},{"not_picked":["Flying Knee","Poisoned Stab","Prepared"],"picked":"SKIP","floor":5},{"not_picked":["FairyFestival","WallGazer"],"picked":"OldLady","floor":6},{"not_picked":["Cloak And Dagger","Quick Slash"],"picked":"PiercingWail","floor":6},{"not_picked":["Blade Dance","Slice"],"picked":"Adrenaline","floor":7}],"player_experience":887794,"relics_obtained":[{"floor":1,"key":"LetterFromLob"},{"floor":6,"key":"Bag of Preparation"}],"event_choices":[{"damage_healed":0,"gold_gain":0,"player_choice":"Donut","damage_taken":0,"max_hp_gain":5,"max_hp_loss":0,"event_name":"Big Fish","floor":3,"gold_loss":0},{"damage_healed":0,"gold_gain":1,"player_choice":"1","damage_taken":0,"max_hp_gain":0,"max_hp_loss":0,"event_name":"betterStone:BetterStone","floor":4,"gold_loss":0}],"is_beta":false,"boss_relics":[],"items_purged_floors":[],"is_endless":false,"potions_floor_spawned":[1],"killed_by":"Gremlin Nob","ascension_level":15}}