{"host":"hwrdjx5eod2cxh09","time":1610008306,"event":{"mods":["AchievementEnabler","BaseMod","Bestiary","Minty Spire (QoL Compilation)","Relic Stats"],"gold_per_floor":[14,32,32,46,63,91,109,109,134,159,170,190,208,208,208,208,208],"floor_reached":16,"playtime":673,"items_purged":[],"score":116,"play_id":"0ec76a97-0b4f-446f-a4e3-1911094cd94a","local_time":"20210107173146","is_ascension_mode":false,"campfire_choices":[{"floor":15,"key":"REST"}],"circlet_count":0,"master_deck":["Strike_B","Strike_B","Strike_B","Defend_B","Defend_B","Defend_B","Defend_B","Zap","Dualcast","Gash","Compile Driver","Scrape","Leap","Conserve Battery","FTL","Static Discharge","Hologram"],"relics":["Cracked Core","Du-Vu Doll","Toy Ornithopter","Blood Vial"],"acts_visited":["Exordium"],"potions_floor_usage":[6,10,14],"damage_taken":[{"damage":1,"enemies":"Cultist","floor":1,"turns":3},{"damage":1,"enemies":"Jaw Worm","floor":2,"turns":4},{"damage":5,"enemies":"Small Slimes","floor":4,"turns":3},{"damage":4,"enemies":"Exordium Thugs","floor":5,"turns":4},{"damage":26,"enemies":"Lagavulin","floor":6,"turns":8},{"damage":1,"enemies":"Lots of Slimes","floor":7,"turns":5},{"damage":26,"enemies":"Gremlin Nob","floor":10,"turns":4},{"damage":3,"enemies":"3 Louse","floor":11,"turns":3},{"damage":1,"enemies":"2 Fungi Beasts","floor":12,"turns":4},{"damage":11,"enemies":"Lots of Slimes","floor":13,"turns":5},{"damage":24,"enemies":"Hexaghost","floor":16,"turns":9}],"seed_played":"299051969097025499","potions_obtained":[{"floor":1,"key":"Block Potion"},{"floor":2,"key":"BlessingOfTheForge"},{"floor":10,"key":"BlessingOfTheForge"},{"floor":13,"key":"Ancient Potion"},{"floor":14,"key":"Fruit Juice"},{"floor":14,"key":"FocusPotion"},{"floor":14,"key":"EssenceOfDarkness"}],"is_trial":false,"path_per_floor":["M","M","$","M","M","E","M","?","T","E","M","M","M","?","R","B"],"character_chosen":"DEFECT","items_purchased":[],"campfire_rested":1,"item_purchase_floors":[],"current_hp_per_floor":[74,73,73,68,64,38,37,37,37,16,15,16,7,17,41,19,19],"gold":208,"neow_bonus":"ONE_RARE_RELIC","is_daily":false,"chose_seed":false,"campfire_upgraded":0,"win_rate":0.0,"timestamp":1610008306,"path_taken":["M","M","?","M","M","E","M","?","T","E","M","M","M","?","R","BOSS"],"items_purchased_type":[],"build_version":"2020-12-22","purchased_purges":0,"victory":false,"max_hp_per_floor":[75,75,75,75,75,75,75,75,75,75,75,75,75,80,80,80,80],"relic_stats":{"Blood Vial":8,"counters":[11,52],"obtain_stats":[{"Du-Vu Doll":0,"Blood Vial":10,"Cracked Core":0,"Toy Ornithopter":6},{"Du-Vu Doll":0,"Blood Vial":7,"Cracked Core":0,"Toy Ornithopter":5},{"Du-Vu Doll":0,"Blood Vial":31,"Cracked Core":0,"Toy Ornithopter":22}],"Toy Ornithopter":10},"card_choices":[{"not_picked":["Loop","Leap"],"picked":"Gash","floor":1},{"not_picked":["Steam Power","Tempest"],"picked":"Compile Driver","floor":2},{"not_picked":["Beam Cell","Creative AI"],"picked":"Scrape","floor":4},{"not_picked":["Undo","Chaos"],"picked":"Leap","floor":5},{"not_picked":["White Noise","Compile Driver"],"picked":"Conserve Battery","floor":6},{"not_picked":["Hologram","Redo"],"picked":"FTL","floor":7},{"not_picked":["Coolheaded","Barrage"],"picked":"Hologram","floor":10},{"not_picked":["Genetic Algorithm","Steam Power","Leap"],"picked":"SKIP","floor":11},{"not_picked":["Compile Driver","Amplify","Chaos"],"picked":"SKIP","floor":12},{"not_picked":["Rebound","Hologram","Redo"],"picked":"SKIP","floor":13}],"player_experience":188163,"relics_obtained":[{"floor":6,"key":"Toy Ornithopter"},{"floor":10,"key":"Blood Vial"}],"event_choices":[{"damage_healed":0,"gold_gain":0,"cards_transformed":["Strike_B"],"player_choice":"Change","damage_taken":0,"max_hp_gain":0,"max_hp_loss":0,"event_name":"Living Wall","floor":8,"gold_loss":0,"cards_obtained":["Static Discharge"]},{"damage_healed":0,"gold_gain":0,"player_choice":"Got Potions","damage_taken":0,"max_hp_gain":0,"max_hp_loss":0,"event_name":"Lab","floor":14,"gold_loss":0}],"is_beta":false,"boss_relics":[],"items_purged_floors":[],"is_endless":false,"potions_floor_spawned":[1,2,10,13],"killed_by":"Hexaghost","ascension_level":0}}