{"host":"ig7tc0uedzltt2sr","time":1610055323,"event":{"mods":["BaseMod","Better Twitch Integration","Block Reminder","Colored Map","Colored Powertips","Communication Mod","Current Relic Mod","GifTheSpireLib","HexUI Lib","Minty Spire (QoL Compilation)","Quick Restart","Random Character Button","Rare Cards Sparkle","Relic Sorter","Relic Stats","Slay the Relics Exporter","StSLib","SuperFastMode","Synergy Search","Twitch Decklist","Twitch Utils","everything is the same but u backflip on backflip","slay the spire mod where everything is the same but ironclad has a cowboy hat"],"gold_per_floor":[109,109,109,125,142,142,155,155,203,218,229,229,229],"floor_reached":12,"playtime":64,"items_purged":[],"score":72,"play_id":"ec383fb6-3b3c-4b19-9b7d-5d8634b731aa","local_time":"20210107133523","is_ascension_mode":false,"campfire_choices":[{"data":"Defend_R","floor":6,"key":"SMITH"},{"data":"Strike_R","floor":8,"key":"SMITH"}],"circlet_count":0,"master_deck":["Strike_R+1","Strike_R","Strike_R","Strike_R","Strike_R","Defend_R+1","Defend_R","Defend_R","Bash","Bloodletting","Barricade","Blood for Blood","Reckless Charge","Blood for Blood","Impervious","Clothesline"],"relics":["Burning Blood","NeowsBlessing"],"acts_visited":["Exordium"],"potions_floor_usage":[],"damage_taken":[{"damage":5,"enemies":"2 Louse","floor":1,"turns":3},{"damage":0,"enemies":"Small Slimes","floor":4,"turns":1},{"damage":0,"enemies":"Cultist","floor":5,"turns":1},{"damage":7,"enemies":"3 Louse","floor":7,"turns":4},{"damage":17,"enemies":"Blue Slaver","floor":10,"turns":4},{"damage":19,"enemies":"Gremlin Gang","floor":11,"turns":7},{"damage":59,"enemies":"3 Sentries","floor":12,"turns":6}],"seed_played":"7899923911685439463","potions_obtained":[{"floor":1,"key":"SneckoOil"}],"is_trial":false,"path_per_floor":["M","?","?","M","M","R","M","R","T","M","M","E"],"character_chosen":"IRONCLAD","items_purchased":[],"campfire_rested":0,"item_purchase_floors":[],"current_hp_per_floor":[80,80,80,80,80,80,79,79,79,68,55,0,0],"gold":229,"neow_bonus":"THREE_ENEMY_KILL","is_daily":false,"chose_seed":false,"campfire_upgraded":2,"win_rate":0.0,"timestamp":1610055323,"path_taken":["M","?","?","?","M","R","M","R","T","M","M","E"],"items_purchased_type":[],"build_version":"2020-12-22","purchased_purges":0,"victory":false,"max_hp_per_floor":[80,80,80,80,80,80,80,80,80,80,80,80,80],"relic_stats":{"counters":[7,26],"obtain_stats":[{"NeowsBlessing":0,"Burning Blood":0},{"NeowsBlessing":0,"Burning Blood":0},{"NeowsBlessing":0,"Burning Blood":0}],"Burning Blood":23},"card_choices":[{"not_picked":["Sword Boomerang","Clothesline"],"picked":"Bloodletting","floor":1},{"not_picked":["Pommel Strike","Combust"],"picked":"Blood for Blood","floor":4},{"not_picked":["Anger","Rampage"],"picked":"Reckless Charge","floor":5},{"not_picked":["Second Wind","Sword Boomerang"],"picked":"Blood for Blood","floor":7},{"not_picked":["Iron Wave","Searing Blow"],"picked":"Impervious","floor":10},{"not_picked":["Flame Barrier","Iron Wave"],"picked":"Clothesline","floor":11}],"player_experience":1455538,"relics_obtained":[],"event_choices":[{"damage_healed":0,"gold_gain":0,"cards_transformed":["Defend_R"],"player_choice":"Change","damage_taken":0,"max_hp_gain":0,"max_hp_loss":0,"event_name":"Living Wall","floor":2,"gold_loss":0,"cards_obtained":["Barricade"]},{"damage_healed":0,"gold_gain":0,"player_choice":"Ignored","damage_taken":0,"max_hp_gain":0,"max_hp_loss":0,"event_name":"NoteForYourself","floor":3,"gold_loss":0}],"is_beta":false,"boss_relics":[],"items_purged_floors":[],"is_endless":false,"potions_floor_spawned":[1],"killed_by":"3 Sentries","ascension_level":0}}