{"host":"q1tlngmkbyqa4avn","time":1610050768,"event":{"mods":["BaseMod","Curses Come First","Hermit","Minty Spire (QoL Compilation)","Rare Cards Sparkle","StSLib"],"gold_per_floor":[111,36,52,70,70,100,100,100,125,125,135,192,192,211,211,211,211],"floor_reached":16,"playtime":856,"items_purged":[],"score":190,"play_id":"07c99876-9580-4e24-b4a8-6f65814f6f1b","local_time":"20210107151928","is_ascension_mode":true,"campfire_choices":[{"floor":8,"key":"REST"},{"floor":10,"key":"REST"},{"floor":15,"key":"REST"}],"circlet_count":0,"master_deck":["AscendersBane","Strike_P","Strike_P","Strike_P","Defend_P","Defend_P","Defend_P","Defend_P","Eruption+1","Vigilance+1","JustLucky","Protect","Weave","Meditate","Adaptation","ForeignInfluence","Halt"],"relics":["PureWater","Orichalcum","Oddly Smooth Stone","Juzu Bracelet","Centennial Puzzle","Question Card"],"acts_visited":["Exordium"],"potions_floor_usage":[6,6],"damage_taken":[{"damage":4,"enemies":"Jaw Worm","floor":1,"turns":4},{"damage":0,"enemies":"2 Louse","floor":3,"turns":5},{"damage":8,"enemies":"Small Slimes","floor":4,"turns":3},{"damage":29,"enemies":"Lagavulin","floor":6,"turns":7},{"damage":7,"enemies":"Looter","floor":11,"turns":4},{"damage":19,"enemies":"3 Sentries","floor":12,"turns":10},{"damage":6,"enemies":"Gremlin Gang","floor":14,"turns":5},{"damage":43,"enemies":"Slime Boss","floor":16,"turns":8}],"seed_played":"-1281480165827064853","potions_obtained":[{"floor":1,"key":"Regen Potion"},{"floor":3,"key":"Weak Potion"}],"is_trial":false,"path_per_floor":["M","?","M","M","?","E","$","R","T","R","M","?","?","M","R","B"],"character_chosen":"WATCHER","items_purchased":[],"campfire_rested":3,"item_purchase_floors":[],"current_hp_per_floor":[57,57,57,49,29,15,15,35,35,55,48,29,24,18,38,0,0],"gold":211,"neow_bonus":"RANDOM_COMMON_RELIC","is_daily":false,"chose_seed":false,"campfire_upgraded":0,"win_rate":0.0,"timestamp":1610050768,"path_taken":["M","?","M","M","?","E","?","R","T","R","M","?","?","M","R","BOSS"],"items_purchased_type":[],"build_version":"2020-12-22","purchased_purges":0,"victory":false,"max_hp_per_floor":[68,68,68,68,68,68,68,68,68,68,68,68,68,68,68,68,68],"card_choices":[{"not_picked":["Vengeance","CarveReality"],"picked":"JustLucky","floor":1},{"not_picked":["EmptyMind","Indignation"],"picked":"Protect","floor":3},{"not_picked":["EmptyMind","PathToVictory"],"picked":"Weave","floor":4},{"not_picked":["Conclude","Halt"],"picked":"Meditate","floor":6},{"not_picked":["CrushJoints","Evaluate"],"picked":"Adaptation","floor":11},{"not_picked":["ClearTheMind","BowlingBash"],"picked":"ForeignInfluence","floor":12},{"not_picked":["Indignation","Meditate","ClearTheMind"],"picked":"Halt","floor":14}],"player_experience":989289,"relics_obtained":[{"floor":6,"key":"Oddly Smooth Stone"},{"floor":9,"key":"Juzu Bracelet"},{"floor":12,"key":"Centennial Puzzle"}],"event_choices":[{"cards_removed":["Strike_P"],"damage_healed":0,"gold_gain":0,"player_choice":"Card Removal","damage_taken":0,"max_hp_gain":0,"max_hp_loss":0,"event_name":"The Cleric","floor":2,"gold_loss":75},{"damage_healed":0,"gold_gain":0,"player_choice":"Entered Light","damage_taken":20,"max_hp_gain":0,"max_hp_loss":0,"event_name":"Shining Light","floor":5,"gold_loss":0,"cards_upgraded":["Eruption","Vigilance"]},{"damage_healed":0,"gold_gain":0,"player_choice":"Searched \u00271\u0027 times","damage_taken":0,"max_hp_gain":0,"max_hp_loss":0,"event_name":"Dead Adventurer","floor":12,"gold_loss":0},{"damage_healed":0,"gold_gain":0,"player_choice":"Success","damage_taken":5,"relics_obtained":["Question Card"],"max_hp_gain":0,"max_hp_loss":0,"event_name":"Scrap Ooze","floor":13,"gold_loss":0}],"is_beta":false,"boss_relics":[],"items_purged_floors":[],"is_endless":false,"potions_floor_spawned":[1,3,4],"killed_by":"Slime Boss","ascension_level":18}}