{"host":"5fasz840ryq7obdf","time":1610051983,"event":{"mods":["2.2 Compatiblity","AchievementEnabler","BaseMod","Bestiary","Better Altar","Better Skull","Better Third Choice","BetterRewards","Block Reminder","Colored Powertips","Curses Come First","Minty Spire (QoL Compilation)","Quick Restart","Relic Sorter","Relic Stats","Replay The Spire","Shop Mod","Spicy Shops","StSLib","SuperFastMode","ojb\u0027s Better Paths Mod","ojb\u0027s Info Mod"],"gold_per_floor":[118,38,38,49,68,95,76,104,104,117,142,157,190,200,200,274,574,594,610,621,28,44,44,44],"floor_reached":23,"playtime":1887,"items_purged":["Strike_B","Looming Evil","Regret"],"score":455,"play_id":"71c126bc-0be8-4916-a67f-0b369587e758","local_time":"20210107203943","is_ascension_mode":true,"campfire_choices":[{"data":"Storm","floor":15.0,"key":"SMITH"}],"circlet_count":0,"master_deck":["AscendersBane","Strike_B+1","Strike_B","Strike_B","Defend_B","Defend_B","Defend_B","Defend_B+1","Zap","Dualcast","Storm+1","Hologram","Hologram","Coolheaded","Panache+1","Good Instincts","Crystallizer","Self Repair","Fusion","Ball Lightning","Hologram","FIFO Queue","Steam","Fission","Hologram","Creative AI+1","Steam","Echo Form","Undo","Stack","Defragment","Seek+1"],"relics":["Cracked Core","Gremlin Food","Meat on the Bone","BargainBundle","Blue Candle","Bag of Preparation","ReplayTheSpireMod:CursedCoin","Bronze Scales","Snack Pack","ReplayTheSpireMod:TigerMarble","Omamori","Calling Bell","Simple Rune","HornCleat","Old Coin","Guide Book"],"acts_visited":["Exordium","TheCity"],"potions_floor_usage":[],"damage_taken":[{"damage":4.0,"enemies":"Small Slimes","floor":1.0,"turns":3.0},{"damage":10.0,"enemies":"Jaw Worm","floor":4.0,"turns":5.0},{"damage":14.0,"enemies":"2 Louse","floor":5.0,"turns":3.0},{"damage":43.0,"enemies":"Gremlin Nob","floor":6.0,"turns":4.0},{"damage":5.0,"enemies":"3 Sentries","floor":8.0,"turns":8.0},{"damage":13.0,"enemies":"Exordium Wildlife","floor":10.0,"turns":3.0},{"damage":4.0,"enemies":"2 Fungi Beasts","floor":12.0,"turns":4.0},{"damage":30.0,"enemies":"Lagavulin","floor":13.0,"turns":8.0},{"damage":23.0,"enemies":"Red Slaver","floor":14.0,"turns":5.0},{"damage":12.0,"enemies":"Slime Boss","floor":16.0,"turns":7.0},{"damage":25.0,"enemies":"Shell Parasite","floor":18.0,"turns":7.0},{"damage":30.0,"enemies":"Spheric Guardian","floor":19.0,"turns":6.0},{"damage":20.0,"enemies":"Chosen and Byrds","floor":20.0,"turns":5.0},{"damage":1,"enemies":"Snake Plant","floor":22,"turns":3},{"damage":62,"enemies":"Gremlin Leader","floor":23,"turns":4}],"seed_played":"-6442249002903349080","potions_obtained":[{"floor":6.0,"key":"Block Potion"},{"floor":8.0,"key":"Regen Potion"},{"floor":10.0,"key":"LiquidMemories"},{"floor":13.0,"key":"Swift Potion"},{"floor":16.0,"key":"Weak Potion"},{"floor":22,"key":"FearPotion"}],"is_trial":false,"path_per_floor":["M","$","?","M","M","E","$","E","T","M","T","M","E","M","R","B",null,"M","M","M","$","M","E"],"character_chosen":"DEFECT","items_purchased":["Gremlin Food","Meat on the Bone","BargainBundle","Storm","Explosive Potion","FairyPotion","Hologram","Coolheaded","Panache","Good Instincts","Crystallizer","Self Repair","ReplayTheSpireMod:CursedCoin","FIFO Queue","Defragment","Seek+1","Guide Book"],"campfire_rested":0,"item_purchase_floors":[0,0,0,0,0,0,0,0,0,0,0,2,7,7,21,21,21],"current_hp_per_floor":[40,40,40,49,54,30,30,44,44,40,40,43,32,28,28,35,62,51,40,39,39,38,0,0],"gold":44,"neow_bonus":"","is_daily":false,"chose_seed":false,"campfire_upgraded":1,"win_rate":0.0,"timestamp":1610051983,"path_taken":["M","$","?","M","M","E","$","E","T","M","?","M","E","M","R","BOSS","M","M","M","$","M","E"],"items_purchased_type":["Relic","Relic","Relic","Card","Potion","Potion","Card","Card","Card","Card","Card","Card","Relic","Card","Card","Card","Relic"],"build_version":"2020-12-22","purchased_purges":3,"victory":false,"max_hp_per_floor":[71,71,71,71,71,71,71,71,71,71,71,71,71,71,71,71,71,71,71,71,71,71,71,71],"relic_stats":{"counters":[60,309],"Blue Candle":[25],"Bronze Scales":[122],"Bag of Preparation":[22],"obtain_stats":[{"Ice Cream":54,"Runic Capacitor":2,"Boot":11,"Old Coin":17,"Sozu":17,"Replay:Ringing Soul":0,"HornCleat":0,"DollysMirror":44,"MealTicket":6,"Prayer Wheel":23,"Kunai":0,"Replay:Wax Seal":0,"Toxic Egg 2":34,"Happy Flower":0,"ReplayTheSpireMod:CursedCoin":54,"Replay:Grab Bag":17,"Astrolabe":17,"Blue Candle":3,"Oddly Smooth Stone":14,"Pen Nib":55,"Replay:Ancient Bell":34,"OrangePellets":0,"ReplayTheSpireMod:Shallot":53,"Bird Faced Urn":0,"Bronze Scales":8,"Simple Rune":17,"ReplayTheSpireMod:TigerMarble":11,"Symbiotic Virus":20,"Unceasing Top":34,"Meat on the Bone":0,"Lantern":25,"Juzu Bracelet":9,"Bag of Preparation":38,"Cursed Key":17,"Ancient Tea Set":23,"Emotion Chip":0,"Nunchaku":6,"Shovel":45,"Gambling Chip":0,"Pantograph":8,"Toolbox":44,"Replay:Bottled Eggs":29,"Cracked Core":0,"Gremlin Food":0,"BargainBundle":0,"Inserter":17,"Guide Book":21,"Omamori":26,"Geode":40,"Frozen Egg 2":42,"Orichalcum":47,"Calling Bell":17,"DataDisk":8,"Anchor":34,"Bloody Idol":28,"Orrery":20,"Art of War":0,"Garlic":9,"Snack Pack":9,"Membership Card":0},{"Ice Cream":37,"Runic Capacitor":40,"Boot":17,"Old Coin":55,"Sozu":19,"Replay:Ringing Soul":9,"HornCleat":39,"DollysMirror":31,"MealTicket":14,"Prayer Wheel":22,"Kunai":0,"Replay:Wax Seal":5,"Toxic Egg 2":26,"Happy Flower":5,"ReplayTheSpireMod:CursedCoin":37,"Replay:Grab Bag":19,"Astrolabe":19,"Blue Candle":46,"Oddly Smooth Stone":18,"Pen Nib":38,"Replay:Ancient Bell":26,"OrangePellets":5,"ReplayTheSpireMod:Shallot":37,"Bird Faced Urn":5,"Bronze Scales":50,"Simple Rune":55,"ReplayTheSpireMod:TigerMarble":51,"Symbiotic Virus":20,"Unceasing Top":26,"Meat on the Bone":45,"Lantern":23,"Juzu Bracelet":15,"Bag of Preparation":28,"Cursed Key":19,"Ancient Tea Set":22,"Emotion Chip":9,"Nunchaku":43,"Shovel":32,"Gambling Chip":5,"Pantograph":44,"Toolbox":31,"Replay:Bottled Eggs":24,"Cracked Core":0,"Gremlin Food":45,"BargainBundle":0,"Inserter":19,"Guide Book":58,"Omamori":23,"Geode":29,"Frozen Egg 2":31,"Orichalcum":34,"Calling Bell":55,"DataDisk":15,"Anchor":26,"Bloody Idol":23,"Orrery":20,"Art of War":9,"Garlic":44,"Snack Pack":50,"Membership Card":9},{"Ice Cream":193,"Runic Capacitor":211,"Boot":63,"Old Coin":284,"Sozu":81,"Replay:Ringing Soul":30,"HornCleat":208,"DollysMirror":154,"MealTicket":48,"Prayer Wheel":91,"Kunai":0,"Replay:Wax Seal":14,"Toxic Egg 2":123,"Happy Flower":14,"ReplayTheSpireMod:CursedCoin":193,"Replay:Grab Bag":81,"Astrolabe":81,"Blue Candle":237,"Oddly Smooth Stone":71,"Pen Nib":199,"Replay:Ancient Bell":123,"OrangePellets":14,"ReplayTheSpireMod:Shallot":193,"Bird Faced Urn":14,"Bronze Scales":257,"Simple Rune":284,"ReplayTheSpireMod:TigerMarble":260,"Symbiotic Virus":84,"Unceasing Top":123,"Meat on the Bone":234,"Lantern":98,"Juzu Bracelet":55,"Bag of Preparation":137,"Cursed Key":81,"Ancient Tea Set":93,"Emotion Chip":30,"Nunchaku":224,"Shovel":157,"Gambling Chip":14,"Pantograph":230,"Toolbox":154,"Replay:Bottled Eggs":104,"Cracked Core":0,"Gremlin Food":234,"BargainBundle":0,"Inserter":81,"Guide Book":302,"Omamori":98,"Geode":145,"Frozen Egg 2":154,"Orichalcum":170,"Calling Bell":284,"DataDisk":55,"Anchor":123,"Bloody Idol":98,"Orrery":84,"Art of War":30,"Garlic":230,"Snack Pack":257,"Membership Card":30}],"Meat on the Bone":120},"card_choices":[{"not_picked":["Recycle","Redo","Compile Driver"],"picked":"SKIP","floor":1.0},{"not_picked":["Rip and Tear","Rebound"],"picked":"Fusion","floor":4.0},{"not_picked":["Streamline","BasicCrystalCard"],"picked":"Ball Lightning","floor":5.0},{"not_picked":["Compile Driver","Turbo"],"picked":"Hologram","floor":6.0},{"not_picked":["Coolheaded","Auto Shields"],"picked":"Steam","floor":8.0},{"not_picked":["Redo","BasicCrystalCard"],"picked":"Fission","floor":10.0},{"not_picked":["Skim","Barrage"],"picked":"Hologram","floor":12.0},{"not_picked":["ReplayTheSpireMod:Repulse","Hologram"],"picked":"Creative AI","floor":13.0},{"not_picked":["ReplayTheSpireMod:System Scan","Streamline"],"picked":"Steam","floor":14.0},{"not_picked":["Meteor Strike","Creative AI"],"picked":"Echo Form","floor":16.0},{"not_picked":["Beam Cell","Rebound+1","Sweeping Beam"],"picked":"SKIP","floor":18.0},{"not_picked":["Melter","Turbo"],"picked":"Undo","floor":19.0},{"not_picked":["Steam Power","Coolheaded"],"picked":"Stack","floor":20.0},{"not_picked":["Tempest","Ball Lightning","ReplayTheSpireMod:Repulse"],"picked":"SKIP","floor":22}],"player_experience":1443121,"relics_obtained":[{"floor":6.0,"key":"Bag of Preparation"},{"floor":8.0,"key":"Bronze Scales"},{"floor":9.0,"key":"Snack Pack"},{"floor":11.0,"key":"ReplayTheSpireMod:TigerMarble"},{"floor":13.0,"key":"Omamori"},{"floor":17.0,"key":"Simple Rune"},{"floor":17.0,"key":"HornCleat"},{"floor":17.0,"key":"Old Coin"}],"event_choices":[{"damage_healed":0.0,"max_hp_gain":0.0,"max_hp_loss":0.0,"gold_gain":0.0,"event_name":"Big Fish","player_choice":"Box","floor":3.0,"gold_loss":0.0,"damage_taken":0.0,"relics_obtained":["Blue Candle"],"cards_obtained":["Regret"]}],"is_beta":false,"boss_relics":[{"not_picked":["SacredBark","SlaversCollar"],"picked":"Calling Bell"}],"items_purged_floors":[0,21,21],"is_endless":false,"potions_floor_spawned":[4,6,8,10,13,16,22],"killed_by":"Gremlin Leader","ascension_level":20}}