{"host":"sav7uxregyirlf69","time":1610013927,"event":{"mods":["AchievementEnabler","BaseMod","Colored Map","DeckTracker","Keyboard Shortcuts","Minty Spire (QoL Compilation)","READ ME - Guardian Mod","StSLib","SuperFastMode"],"gold_per_floor":[116,116,132,147,161,195,214,214,214,214,86,99,99,99,99,172,172,197,197,222,41,57,57,57,57,103,103,139,156,156,156,156,239,293,313,293,39,39,49,83,83,109,109,119,146,146,157,177,177,177,177,177,177,47,47,47],"floor_reached":55,"playtime":1281,"items_purged":["Strike_G","Strike_G","Bane"],"score":1790,"play_id":"4a3e15fe-9a70-4b59-9915-8f0bfa0279ca","local_time":"20210107190527","is_ascension_mode":true,"campfire_choices":[{"data":"Blade Dance","floor":8.0,"key":"SMITH"},{"data":"Neutralize","floor":10.0,"key":"SMITH"},{"data":"Accuracy","floor":15.0,"key":"SMITH"},{"floor":23.0,"key":"REST"},{"data":"Cloak And Dagger","floor":25.0,"key":"SMITH"},{"floor":27.0,"key":"RECALL"},{"floor":30.0,"key":"REST"},{"floor":32.0,"key":"REST"},{"data":"Adrenaline","floor":41.0,"key":"SMITH"},{"data":"Cloak And Dagger","floor":49.0,"key":"SMITH"},{"data":"Blade Dance","floor":53.0,"key":"SMITH"}],"circlet_count":0,"master_deck":["AscendersBane","Survivor","Neutralize+1","Poisoned Stab","Dagger Throw","Dagger Spray","Blade Dance+1","Cloak And Dagger+1","Accuracy+1","Dodge and Roll+1","Backflip","Adrenaline+1","Skewer","Setup","PiercingWail","Leg Sweep","Choke","Blade Dance+1","Flash of Steel","Cloak And Dagger+1","Well Laid Plans+1"],"relics":["Ring of the Snake","Kunai","Tiny Chest","CeramicFish","HornCleat","SlaversCollar","Bronze Scales","Singing Bowl","Shuriken","Pandora\u0027s Box","Letter Opener","Ornamental Fan","Frozen Egg 2","Potion Belt"],"acts_visited":["Exordium","TheCity","TheBeyond","TheEnding"],"potions_floor_usage":[55],"damage_taken":[{"damage":1.0,"enemies":"Small Slimes","floor":1.0,"turns":4.0},{"damage":1.0,"enemies":"Cultist","floor":3.0,"turns":3.0},{"damage":1.0,"enemies":"Jaw Worm","floor":4.0,"turns":3.0},{"damage":3.0,"enemies":"Blue Slaver","floor":5.0,"turns":5.0},{"damage":13.0,"enemies":"3 Sentries","floor":6.0,"turns":6.0},{"damage":1.0,"enemies":"Red Slaver","floor":7.0,"turns":3.0},{"damage":0.0,"enemies":"Large Slime","floor":12.0,"turns":4.0},{"damage":7.0,"enemies":"The Guardian","floor":16.0,"turns":13.0},{"damage":7.0,"enemies":"Chosen","floor":18.0,"turns":6.0},{"damage":1.0,"enemies":"Shell Parasite","floor":22.0,"turns":3.0},{"damage":22.0,"enemies":"Slavers","floor":28.0,"turns":7.0},{"damage":9.0,"enemies":"Sentry and Sphere","floor":29.0,"turns":6.0},{"damage":18.0,"enemies":"Collector","floor":33.0,"turns":11.0},{"damage":5.0,"enemies":"3 Shapes","floor":35.0,"turns":4.0},{"damage":0.0,"enemies":"Orb Walker","floor":39.0,"turns":3.0},{"damage":11.0,"enemies":"Nemesis","floor":40.0,"turns":5.0},{"damage":8.0,"enemies":"Sphere and 2 Shapes","floor":42.0,"turns":7.0},{"damage":6.0,"enemies":"Maw","floor":44.0,"turns":6.0},{"damage":2.0,"enemies":"Reptomancer","floor":45.0,"turns":5.0},{"damage":0.0,"enemies":"Jaw Worm Horde","floor":47.0,"turns":4.0},{"damage":0.0,"enemies":"4 Shapes","floor":48.0,"turns":2.0},{"damage":30.0,"enemies":"Time Eater","floor":50.0,"turns":6.0},{"damage":2.0,"enemies":"Awakened One","floor":51.0,"turns":10.0},{"damage":74,"enemies":"Shield and Spear","floor":55,"turns":5}],"seed_played":"-1543163903225657301","potions_obtained":[{"floor":1.0,"key":"CultistPotion"},{"floor":3.0,"key":"LiquidBronze"},{"floor":6.0,"key":"SteroidPotion"},{"floor":22.0,"key":"EssenceOfSteel"},{"floor":29.0,"key":"Fire Potion"},{"floor":35.0,"key":"Block Potion"},{"floor":45.0,"key":"Strength Potion"},{"floor":46.0,"key":"Regen Potion"},{"floor":46.0,"key":"Strength Potion"},{"floor":47.0,"key":"DuplicationPotion"}],"is_trial":false,"path_per_floor":["M","?","M","M","M","E","M","R","T","R","$","M","?","?","R","B",null,"M","?","T","$","M","R","?","R","T","R","E","M","R","T","R","B",null,"M","?","$","T","M","E","R","M","T","M","E","?","M","M","R","B","B",null,"R","$","E"],"character_chosen":"THE_SILENT","items_purchased":["Cloak And Dagger","DistilledChaos","Blade Dance","Flash of Steel","Well Laid Plans+1","Block Potion"],"campfire_rested":3,"item_purchase_floors":[11,21,37,37,54,54],"current_hp_per_floor":[58,58,57,56,53,40,39,39,39,39,39,39,34,34,34,27,52,45,29,29,29,28,47,47,47,47,47,25,18,38,38,58,40,60,57,57,57,57,59,50,50,42,42,38,38,38,52,54,54,24,22,66,66,66,0,0],"gold":47,"neow_bonus":"REMOVE_TWO","is_daily":false,"chose_seed":false,"campfire_upgraded":7,"win_rate":0.0,"timestamp":1610013927,"path_taken":["M","?","M","?","M","E","M","R","T","R","$","M","?","?","R","BOSS","M","?","?","$","M","R","?","R","T","R","E","M","R","?","R","BOSS","M","?","$","?","M","E","R","M","T","M","E","?","M","M","R","BOSS","BOSS","R","$","E"],"items_purchased_type":["Card","Potion","Card","Card","Card","Potion"],"build_version":"2020-12-22","purchased_purges":3,"victory":false,"max_hp_per_floor":[60,60,60,60,60,60,60,60,60,60,60,60,60,60,60,60,60,60,65,65,65,65,65,65,65,65,65,65,67,67,67,67,67,67,69,69,69,69,71,73,73,73,73,75,77,77,79,81,81,81,81,81,81,81,81,81],"card_choices":[{"not_picked":["Accuracy","Acrobatics"],"picked":"Poisoned Stab","floor":1.0},{"not_picked":["Slice","Infinite Blades"],"picked":"Dagger Spray","floor":3.0},{"not_picked":["Dodge and Roll","Dagger Throw"],"picked":"Footwork","floor":4.0},{"not_picked":["Acrobatics","Masterful Stab"],"picked":"Blade Dance","floor":5.0},{"not_picked":["Dagger Throw","Sucker Punch","Underhanded Strike"],"picked":"SKIP","floor":6.0},{"not_picked":["Finisher","Dagger Spray","PiercingWail"],"picked":"SKIP","floor":7.0},{"not_picked":["Envenom","Calculated Gamble"],"picked":"Accuracy","floor":12.0},{"not_picked":["Flying Knee","Underhanded Strike"],"picked":"Dodge and Roll+1","floor":18.0},{"not_picked":["Dagger Throw","Caltrops","Setup"],"picked":"SKIP","floor":22.0},{"not_picked":["Dagger Spray","Outmaneuver"],"picked":"Backflip","floor":28.0},{"not_picked":["Endless Agony","Slice","Underhanded Strike"],"picked":"Singing Bowl","floor":29.0},{"not_picked":["Night Terror","Storm of Steel"],"picked":"Adrenaline","floor":33.0},{"not_picked":["Deflect","Bane","Quick Slash"],"picked":"Singing Bowl","floor":35.0},{"not_picked":["Dagger Throw+1","Backstab","Dagger Spray+1"],"picked":"Singing Bowl","floor":39.0},{"not_picked":["Heel Hook+1","Deadly Poison","Noxious Fumes+1"],"picked":"Singing Bowl","floor":40.0},{"not_picked":["Dagger Spray","Blade Dance"],"picked":"Cloak And Dagger","floor":42.0},{"not_picked":["Tactician+1","Skewer","Reflex"],"picked":"Singing Bowl","floor":44.0},{"not_picked":["Blade Dance","Choke","Sucker Punch"],"picked":"Singing Bowl","floor":45.0},{"not_picked":["Infinite Blades+1","Cloak And Dagger","Prepared+1"],"picked":"Singing Bowl","floor":47.0},{"not_picked":["Catalyst","Choke","Infinite Blades+1"],"picked":"Singing Bowl","floor":48.0}],"player_experience":1179576,"relics_obtained":[{"floor":6.0,"key":"Kunai"},{"floor":9.0,"key":"Tiny Chest"},{"floor":20.0,"key":"Bronze Scales"},{"floor":28.0,"key":"Singing Bowl"},{"floor":31.0,"key":"Shuriken"},{"floor":38.0,"key":"Letter Opener"},{"floor":40.0,"key":"Ornamental Fan"},{"floor":43.0,"key":"Frozen Egg 2"},{"floor":45.0,"key":"Potion Belt"}],"event_choices":[{"damage_healed":0.0,"max_hp_gain":0.0,"max_hp_loss":0.0,"gold_gain":0.0,"event_name":"Match and Keep!","player_choice":"1 cards matched","floor":2.0,"gold_loss":0.0,"damage_taken":0.0,"cards_obtained":["Dagger Throw"]},{"damage_healed":0.0,"max_hp_gain":0.0,"max_hp_loss":0.0,"gold_gain":0.0,"event_name":"Scrap Ooze","player_choice":"Success","floor":13.0,"gold_loss":0.0,"damage_taken":5.0,"relics_obtained":["CeramicFish"]},{"cards_removed":["Footwork"],"damage_healed":0.0,"max_hp_gain":0.0,"max_hp_loss":0.0,"gold_gain":0.0,"event_name":"WeMeetAgain","player_choice":"Gave Card","floor":14.0,"gold_loss":0.0,"damage_taken":0.0,"relics_obtained":["HornCleat"]},{"damage_healed":0.0,"max_hp_gain":5.0,"max_hp_loss":0.0,"gold_gain":0.0,"event_name":"Forgotten Altar","player_choice":"Shed Blood","floor":19.0,"gold_loss":0.0,"damage_taken":21.0},{"damage_healed":0.0,"max_hp_gain":0.0,"max_hp_loss":0.0,"gold_gain":0.0,"event_name":"Cursed Tome","player_choice":"Ignored","floor":24.0,"gold_loss":0.0,"damage_taken":0.0},{"damage_healed":0.0,"max_hp_gain":0.0,"max_hp_loss":0.0,"gold_gain":0.0,"event_name":"The Woman in Blue","player_choice":"Bought 1 Potion","floor":36.0,"gold_loss":0.0,"damage_taken":0.0},{"damage_healed":0.0,"max_hp_gain":0.0,"max_hp_loss":0.0,"gold_gain":0.0,"event_name":"Lab","player_choice":"Got Potions","floor":46.0,"gold_loss":0.0,"damage_taken":0.0}],"is_beta":false,"boss_relics":[{"not_picked":["Ectoplasm","Fusion Hammer"],"picked":"SlaversCollar"},{"not_picked":["Philosopher\u0027s Stone","Snecko Eye"],"picked":"Pandora\u0027s Box"}],"items_purged_floors":[11,21,37],"is_endless":false,"potions_floor_spawned":[1,3,6,7,22,29,33,35,45,47],"killed_by":"Shield and Spear","ascension_level":20}}