{"host":"i1h39d0gfh5c6uxl","time":1610019421,"event":{"mods":["AchievementEnabler","BaseMod","Colored Map","Colored Powertips","Highlight Path","Minty Spire (QoL Compilation)"],"gold_per_floor":[113,113,130,52,66,94,94,94,94,94,112,146,146,177,177,254,254,274,116,135,152,168,194,206,206,282,282,293,293,322,339,339,411,411,427,427,427,477,492,492,492],"floor_reached":40,"playtime":2065,"items_purged":["Strike_R"],"score":892,"play_id":"d728de89-066e-48e9-9c00-32f54a181725","local_time":"20210107193701","is_ascension_mode":true,"campfire_choices":[{"data":"Bludgeon","floor":8.0,"key":"SMITH"},{"data":"True Grit","floor":10.0,"key":"SMITH"},{"floor":13.0,"key":"REST"},{"data":"Armaments","floor":15.0,"key":"SMITH"},{"data":"Uppercut","floor":25.0,"key":"SMITH"},{"floor":27,"key":"REST"},{"data":"Fiend Fire","floor":29,"key":"SMITH"},{"data":"Flame Barrier","floor":32,"key":"SMITH"}],"circlet_count":0,"master_deck":["AscendersBane","Strike_R","Strike_R","Strike_R","Defend_R","Defend_R","Defend_R","Bash+1","Anger","Thunderclap","Headbutt","Clothesline","Shrug It Off","Pommel Strike","True Grit+1","Flame Barrier+1","Bludgeon+1","Bash","Disarm","Fiend Fire+1","Armaments+1","Immolate","Uppercut+1","Dual Wield","Impervious","Madness"],"relics":["Burning Blood","StoneCalendar","Mango","Bag of Preparation","Bronze Scales","Busted Crown","Ancient Tea Set","Pantograph","White Beast Statue","Sozu"],"acts_visited":["Exordium","TheCity","TheBeyond"],"potions_floor_usage":[28,33,33,39],"damage_taken":[{"damage":10.0,"enemies":"Small Slimes","floor":1.0,"turns":3.0},{"damage":1.0,"enemies":"Cultist","floor":3.0,"turns":3.0},{"damage":8.0,"enemies":"2 Louse","floor":5.0,"turns":2.0},{"damage":18.0,"enemies":"3 Sentries","floor":6.0,"turns":5.0},{"damage":0.0,"enemies":"Gremlin Gang","floor":11.0,"turns":1.0},{"damage":35.0,"enemies":"Lagavulin","floor":12.0,"turns":4.0},{"damage":25.0,"enemies":"Gremlin Nob","floor":14.0,"turns":4.0},{"damage":34.0,"enemies":"Slime Boss","floor":16.0,"turns":7.0},{"damage":1.0,"enemies":"Spheric Guardian","floor":18.0,"turns":3.0},{"damage":7.0,"enemies":"3 Byrds","floor":20.0,"turns":3.0},{"damage":4.0,"enemies":"Centurion and Healer","floor":21.0,"turns":3.0},{"damage":7.0,"enemies":"Cultist and Chosen","floor":22.0,"turns":3.0},{"damage":18.0,"enemies":"Gremlin Leader","floor":23.0,"turns":4.0},{"damage":10.0,"enemies":"Snecko","floor":24.0,"turns":3.0},{"damage":0,"enemies":"Snake Plant","floor":28,"turns":2},{"damage":21,"enemies":"Slavers","floor":30,"turns":3},{"damage":6,"enemies":"3 Cultists","floor":31,"turns":3},{"damage":87,"enemies":"Champ","floor":33,"turns":12},{"damage":8,"enemies":"Orb Walker","floor":35,"turns":3},{"damage":35,"enemies":"3 Shapes","floor":39,"turns":6},{"damage":36,"enemies":"Nemesis","floor":40,"turns":2}],"seed_played":"-2486882597033059971","potions_obtained":[{"floor":3.0,"key":"PowerPotion"},{"floor":6.0,"key":"AttackPotion"},{"floor":16.0,"key":"AttackPotion"},{"floor":20.0,"key":"PowerPotion"},{"floor":22.0,"key":"EntropicBrew"},{"floor":23.0,"key":"Fire Potion"},{"floor":31,"key":"Block Potion"},{"floor":33,"key":"SkillPotion"}],"is_trial":false,"path_per_floor":["M","?","M","$","M","E","?","R","T","R","M","E","R","E","R","B",null,"M","$","M","M","M","E","M","R","T","R","M","R","E","M","R","B",null,"M","?","?","?","M","E"],"character_chosen":"IRONCLAD","items_purchased":["Shrug It Off","Pommel Strike","Uppercut"],"campfire_rested":2,"item_purchase_floors":[4,4,19],"current_hp_per_floor":[64,64,68,68,66,54,54,54,68,68,74,45,69,50,50,22,67,72,72,71,73,72,60,56,56,56,80,82,82,67,67,67,17,66,64,49,49,49,20,0,0],"gold":492,"neow_bonus":"TRANSFORM_TWO_CARDS","is_daily":false,"chose_seed":false,"campfire_upgraded":6,"win_rate":0.0,"timestamp":1610019421,"path_taken":["M","?","M","$","?","E","?","R","T","R","M","E","R","E","R","BOSS","M","$","?","M","M","E","M","R","T","R","M","R","E","?","R","BOSS","M","?","?","?","M","E"],"items_purchased_type":["Card","Card","Card"],"build_version":"2020-12-22","purchased_purges":1,"victory":false,"max_hp_per_floor":[68,68,68,68,68,68,68,68,82,82,82,82,82,82,82,82,82,82,82,82,82,82,82,82,82,82,82,82,82,82,82,82,82,82,82,82,82,82,82,82,82],"card_choices":[{"not_picked":["Body Slam","Iron Wave"],"picked":"Headbutt","floor":1.0},{"not_picked":["Iron Wave","Clash"],"picked":"Clothesline","floor":3.0},{"not_picked":["Reckless Charge","Clothesline"],"picked":"True Grit","floor":5.0},{"not_picked":["Warcry","Headbutt"],"picked":"Flame Barrier","floor":6.0},{"not_picked":["Intimidate","Ghostly Armor"],"picked":"Disarm","floor":11.0},{"not_picked":["Warcry","Dual Wield"],"picked":"Fiend Fire","floor":12.0},{"not_picked":["Barricade","Rage"],"picked":"Armaments","floor":14.0},{"not_picked":["Offering","Feed"],"picked":"Immolate","floor":16.0},{"not_picked":["Anger"],"picked":"SKIP","floor":18.0},{"not_picked":["Thunderclap+1"],"picked":"SKIP","floor":20.0},{"not_picked":["Headbutt+1"],"picked":"SKIP","floor":21.0},{"not_picked":["Perfected Strike"],"picked":"SKIP","floor":22.0},{"not_picked":[],"picked":"Dual Wield","floor":23.0},{"not_picked":["Twin Strike"],"picked":"SKIP","floor":24.0},{"not_picked":["Body Slam+1"],"picked":"SKIP","floor":28},{"not_picked":["Perfected Strike"],"picked":"SKIP","floor":30},{"not_picked":[],"picked":"Impervious","floor":31},{"not_picked":["Metallicize"],"picked":"SKIP","floor":35},{"not_picked":["Headbutt"],"picked":"SKIP","floor":39}],"player_experience":1322579,"relics_obtained":[{"floor":6.0,"key":"StoneCalendar"},{"floor":9.0,"key":"Mango"},{"floor":12.0,"key":"Bag of Preparation"},{"floor":14.0,"key":"Bronze Scales"},{"floor":23.0,"key":"Ancient Tea Set"},{"floor":26.0,"key":"Pantograph"},{"floor":30,"key":"White Beast Statue"}],"event_choices":[{"damage_healed":0.0,"max_hp_gain":0.0,"max_hp_loss":0.0,"gold_gain":0.0,"event_name":"Upgrade Shrine","player_choice":"Upgraded","floor":2.0,"gold_loss":0.0,"damage_taken":0.0,"cards_upgraded":["Bash"]},{"damage_healed":0.0,"max_hp_gain":0.0,"max_hp_loss":0.0,"gold_gain":0.0,"event_name":"Match and Keep!","player_choice":"2 cards matched","floor":7.0,"gold_loss":0.0,"damage_taken":0.0,"cards_obtained":["Bludgeon","Bash"]},{"damage_healed":0,"gold_gain":0,"player_choice":"Embrace Madness","damage_taken":15,"max_hp_gain":0,"max_hp_loss":0,"event_name":"Winding Halls","floor":36,"gold_loss":0,"cards_obtained":["Madness","Madness"]},{"cards_removed":["Madness"],"damage_healed":0,"gold_gain":0,"player_choice":"Removed Skill","damage_taken":0,"max_hp_gain":0,"max_hp_loss":0,"event_name":"Falling","floor":37,"gold_loss":0},{"damage_healed":0,"gold_gain":50,"player_choice":"Pray","damage_taken":0,"max_hp_gain":0,"max_hp_loss":0,"event_name":"Golden Shrine","floor":38,"gold_loss":0}],"is_beta":false,"boss_relics":[{"not_picked":["Runic Dome","Calling Bell"],"picked":"Busted Crown"},{"not_picked":["Philosopher\u0027s Stone","Runic Cube"],"picked":"Sozu"}],"items_purged_floors":[19],"is_endless":false,"potions_floor_spawned":[3,6,16,20,22,23,31,33,35,39],"killed_by":"Nemesis","ascension_level":20}}