{"host":"rmsq46plbpwfbxcc","time":1610023302,"event":{"mods":["AchievementEnabler","BaseMod","Colored Map","Colored Powertips","DeckTracker","KOR Keyword Fix","Minty Spire (QoL Compilation)","Permanent Neow","SuperFastMode"],"gold_per_floor":[16,35,49,61,73,73,73,73,148,182,19,77,92,104,104,204,204,222,222,235,24,44,44,54,54,132,143,153,178,193,206,206,308,308,325,68,0,14,14,14,14,64,64,80,107,107,7,21,21,21,21,21,21,47,47],"floor_reached":56,"playtime":1896,"items_purged":["Strike_G","Defend_G"],"score":1328,"play_id":"20e4ec2b-30a3-4101-bf07-739fb96216de","local_time":"20210107214142","is_ascension_mode":false,"campfire_choices":[{"data":"Blade Dance","floor":6,"key":"SMITH"},{"data":"Cloak And Dagger","floor":8,"key":"SMITH"},{"data":"Apotheosis","floor":15,"key":"SMITH"},{"data":"Accuracy","floor":23,"key":"SMITH"},{"data":"Footwork","floor":25,"key":"SMITH"},{"data":"After Image","floor":32,"key":"SMITH"},{"data":"Envenom","floor":41,"key":"SMITH"},{"data":"Adrenaline","floor":46,"key":"SMITH"},{"floor":49,"key":"RECALL"},{"data":"Die Die Die","floor":52,"key":"SMITH"}],"circlet_count":0,"master_deck":["Strike_G","Strike_G","Strike_G","Defend_G","Defend_G","Defend_G","Survivor","Neutralize","Adrenaline+1","Cloak And Dagger+1","Blade Dance+1","Backstab","Apotheosis+1","Footwork+1","Die Die Die+1","CurseOfTheBell","Prepared","Accuracy+1","Flash of Steel","After Image+1","Finisher","Envenom+1","Acrobatics","Backflip+1","PiercingWail+1","Choke","Cloak And Dagger+1"],"relics":["Ring of the Snake","Pocketwatch","Pear","Regal Pillow","PreservedInsect","Calling Bell","Dream Catcher","Kunai","StoneCalendar","HornCleat","Bottled Tornado","Coffee Dripper","Shuriken","Red Mask","Incense Burner","Singing Bowl","Ornamental Fan"],"acts_visited":["Exordium","TheCity","TheBeyond","TheEnding"],"potions_floor_usage":[10,27,35,55,55,55,55,55,55],"damage_taken":[{"damage":0,"enemies":"Cultist","floor":1,"turns":4},{"damage":1,"enemies":"2 Louse","floor":2,"turns":3},{"damage":0,"enemies":"Small Slimes","floor":3,"turns":3},{"damage":13,"enemies":"Exordium Thugs","floor":4,"turns":9},{"damage":0,"enemies":"2 Fungi Beasts","floor":5,"turns":5},{"damage":15,"enemies":"Lagavulin","floor":10,"turns":6},{"damage":3,"enemies":"Lagavulin Event","floor":12,"turns":5},{"damage":2,"enemies":"Gremlin Gang","floor":13,"turns":4},{"damage":4,"enemies":"Blue Slaver","floor":14,"turns":3},{"damage":9,"enemies":"Hexaghost","floor":16,"turns":11},{"damage":14,"enemies":"Chosen","floor":18,"turns":5},{"damage":0,"enemies":"Spheric Guardian","floor":20,"turns":4},{"damage":0,"enemies":"Snecko","floor":22,"turns":5},{"damage":9,"enemies":"Snake Plant","floor":24,"turns":4},{"damage":0,"enemies":"Cultist and Chosen","floor":27,"turns":5},{"damage":0,"enemies":"Centurion and Healer","floor":28,"turns":4},{"damage":0,"enemies":"Gremlin Leader","floor":29,"turns":5},{"damage":0,"enemies":"3 Cultists","floor":30,"turns":3},{"damage":12,"enemies":"Shelled Parasite and Fungi","floor":31,"turns":5},{"damage":0,"enemies":"Automaton","floor":33,"turns":7},{"damage":0,"enemies":"3 Darklings","floor":35,"turns":4},{"damage":0,"enemies":"Orb Walker","floor":38,"turns":4},{"damage":0,"enemies":"Mind Bloom Boss Battle","floor":42,"turns":4},{"damage":11,"enemies":"4 Shapes","floor":44,"turns":3},{"damage":0,"enemies":"Reptomancer","floor":45,"turns":4},{"damage":4,"enemies":"Jaw Worm Horde","floor":48,"turns":3},{"damage":26,"enemies":"Awakened One","floor":50,"turns":7},{"damage":0,"enemies":"Shield and Spear","floor":54,"turns":5},{"damage":25,"enemies":"The Heart","floor":55,"turns":9}],"seed_played":"-1685586044519073306","potions_obtained":[{"floor":1,"key":"LiquidMemories"},{"floor":5,"key":"Swift Potion"},{"floor":13,"key":"SneckoOil"},{"floor":14,"key":"Dexterity Potion"},{"floor":18,"key":"DistilledChaos"},{"floor":20,"key":"GhostInAJar"},{"floor":28,"key":"Swift Potion"},{"floor":33,"key":"FearPotion"},{"floor":45,"key":"Energy Potion"},{"floor":54,"key":"EntropicBrew"}],"is_trial":false,"path_per_floor":["M","M","M","M","M","R","?","R","T","E","$","?","M","M","R","B",null,"M","?","M","$","M","R","M","R","T","M","M","E","M","M","R","B",null,"M","$","?","M","?","$","R","?","T","M","E","R","$","M","R","B",null,"R","$","E","B",null],"character_chosen":"THE_SILENT","items_purchased":["Apotheosis","Accuracy","Flash of Steel","Shuriken"],"campfire_rested":0,"item_purchase_floors":[11,21,21,36],"current_hp_per_floor":[70,69,69,56,56,56,56,56,66,51,51,48,46,42,42,33,80,66,66,66,66,66,66,57,57,57,57,57,57,57,45,45,45,80,80,80,80,80,80,80,80,80,80,69,69,69,69,67,67,41,82,82,82,82,57],"gold":47,"neow_bonus":"THREE_RARE_CARDS","is_daily":false,"chose_seed":false,"campfire_upgraded":9,"win_rate":0.0,"timestamp":1610023302,"path_taken":["M","M","M","?","M","R","?","R","T","E","?","?","?","M","R","BOSS","M","?","M","$","M","R","M","R","T","?","M","E","M","M","R","BOSS","M","$","?","M","?","?","R","?","T","M","E","R","?","?","R","BOSS","R","$","E","BOSS"],"items_purchased_type":["Card","Card","Card","Relic"],"build_version":"2020-12-22","purchased_purges":2,"victory":true,"max_hp_per_floor":[70,70,70,70,70,70,70,70,80,80,80,80,80,80,80,80,80,80,80,80,80,80,80,80,80,80,80,80,80,80,80,80,80,80,80,80,80,80,80,80,80,80,80,80,80,80,80,82,82,82,82,82,82,82,82],"card_choices":[{"not_picked":["Unload","Grand Finale"],"picked":"Adrenaline","floor":0},{"not_picked":["All Out Attack","Acrobatics","Slice"],"picked":"SKIP","floor":1},{"not_picked":["Backflip","Skewer"],"picked":"Cloak And Dagger","floor":2},{"not_picked":["Flying Knee","Outmaneuver","Dagger Throw"],"picked":"SKIP","floor":3},{"not_picked":["Catalyst","Backstab"],"picked":"Blade Dance","floor":4},{"not_picked":["A Thousand Cuts","Expertise","Poisoned Stab"],"picked":"SKIP","floor":5},{"not_picked":["Blade Dance","Tools of the Trade"],"picked":"Backstab","floor":10},{"not_picked":["Backflip","Poisoned Stab"],"picked":"Footwork","floor":13},{"not_picked":["Leg Sweep","Blade Dance","Riddle With Holes"],"picked":"SKIP","floor":14},{"not_picked":["Venomology","A Thousand Cuts"],"picked":"Die Die Die","floor":16},{"not_picked":["Heel Hook","All Out Attack","Dagger Throw"],"picked":"SKIP","floor":18},{"not_picked":["Prepared","Heel Hook","Backflip"],"picked":"SKIP","floor":20},{"not_picked":["Dodge and Roll","Poisoned Stab+1","Flechettes"],"picked":"SKIP","floor":22},{"not_picked":["Dagger Throw","Infinite Blades","Prepared+1"],"picked":"SKIP","floor":24},{"not_picked":["Underhanded Strike","Dagger Spray","Prepared+1"],"picked":"SKIP","floor":27},{"not_picked":["Slice+1","Quick Slash","Accuracy"],"picked":"SKIP","floor":28},{"not_picked":["Infinite Blades","Endless Agony"],"picked":"After Image","floor":29},{"not_picked":["Cloak And Dagger","Sucker Punch+1"],"picked":"Finisher","floor":30},{"not_picked":["Endless Agony+1","Setup","Footwork"],"picked":"SKIP","floor":31},{"not_picked":["Tools of the Trade","Doppelganger"],"picked":"Envenom","floor":33},{"not_picked":["Slice+1","Endless Agony+1"],"picked":"Acrobatics","floor":35},{"not_picked":["Endless Agony+1","Bouncing Flask+1"],"picked":"Backflip+1","floor":38},{"not_picked":["Calculated Gamble+1","Riddle With Holes"],"picked":"PiercingWail+1","floor":44},{"not_picked":["Infinite Blades+1","Riddle With Holes"],"picked":"Choke","floor":45},{"not_picked":["Deflect","Riddle With Holes","Caltrops"],"picked":"Singing Bowl","floor":48},{"not_picked":["Backstab","Underhanded Strike+1"],"picked":"Cloak And Dagger+1","floor":54}],"player_experience":632598,"relics_obtained":[{"floor":9,"key":"Pear"},{"floor":10,"key":"Regal Pillow"},{"floor":12,"key":"PreservedInsect"},{"floor":17,"key":"Dream Catcher"},{"floor":17,"key":"Kunai"},{"floor":17,"key":"StoneCalendar"},{"floor":26,"key":"HornCleat"},{"floor":29,"key":"Bottled Tornado"},{"floor":42,"key":"Incense Burner"},{"floor":45,"key":"Singing Bowl"},{"floor":54,"key":"Ornamental Fan"}],"event_choices":[{"damage_healed":0,"gold_gain":0,"player_choice":"Gave Potion","damage_taken":0,"relics_obtained":["Pocketwatch"],"max_hp_gain":0,"max_hp_loss":0,"event_name":"WeMeetAgain","floor":7,"gold_loss":0},{"damage_healed":0,"gold_gain":0,"player_choice":"Searched \u00271\u0027 times","damage_taken":0,"max_hp_gain":0,"max_hp_loss":0,"event_name":"Dead Adventurer","floor":12,"gold_loss":0},{"damage_healed":0,"gold_gain":0,"cards_transformed":["Strike_G"],"player_choice":"Transformed","damage_taken":0,"max_hp_gain":0,"max_hp_loss":0,"event_name":"Transmorgrifier","floor":19,"gold_loss":0,"cards_obtained":["Prepared"]},{"damage_healed":0,"gold_gain":0,"player_choice":"Paid","damage_taken":0,"relics_obtained":["Red Mask"],"max_hp_gain":0,"max_hp_loss":0,"event_name":"Tomb of Lord Red Mask","floor":37,"gold_loss":68},{"cards_removed":["Defend_G"],"damage_healed":0,"gold_gain":0,"player_choice":"Removed Skill","damage_taken":0,"max_hp_gain":0,"max_hp_loss":0,"event_name":"Falling","floor":39,"gold_loss":0},{"damage_healed":0,"gold_gain":0,"player_choice":"Fight","damage_taken":0,"max_hp_gain":0,"max_hp_loss":0,"event_name":"MindBloom","floor":42,"gold_loss":0}],"is_beta":false,"boss_relics":[{"not_picked":["Busted Crown","Fusion Hammer"],"picked":"Calling Bell"},{"not_picked":["Snecko Eye","Runic Dome"],"picked":"Coffee Dripper"}],"items_purged_floors":[21,47],"is_endless":false,"potions_floor_spawned":[1,5,13,14,18,20,22,28,33,45,54],"ascension_level":0}}