{"host":"27fydui7m8ywfvh3","time":1610031974,"event":{"mods":["BaseMod","Friendly Minions","Minty Spire (QoL Compilation)","StSLib"],"gold_per_floor":[111,186,186,199,28,62,73,73,124,142,176,176,203,215,215,315,315,332,332,332,352,201,201,226,141,141,175,175,175],"floor_reached":28,"playtime":1775,"items_purged":["Strike_B","Dualcast"],"score":301,"play_id":"46c80042-e3f3-43d7-a1e0-0f5797465692","local_time":"20210107230614","is_ascension_mode":true,"campfire_choices":[{"data":"Zap","floor":8.0,"key":"SMITH"},{"floor":12.0,"key":"REST"},{"floor":15.0,"key":"REST"},{"data":"Hologram","floor":23.0,"key":"SMITH"}],"circlet_count":0,"master_deck":["Zap+1","All For One","Rip and Tear","Streamline","Discovery","Chaos","Undo","Conserve Battery","Lockon","Scrape","Conserve Battery","Creative AI","Chill","Fusion","Rainbow","Genetic Algorithm","Doom and Gloom","Hologram+1","Thunder Strike","Double Energy","Glacier","Conserve Battery","Barrage","Force Field+1"],"relics":["Cracked Core","Pen Nib","Boot","MealTicket","Happy Flower","Pandora\u0027s Box","InkBottle","Orichalcum","Peace Pipe","Nunchaku","Shuriken"],"acts_visited":["TheCity"],"potions_floor_usage":[],"damage_taken":[{"damage":5.0,"enemies":"Small Slimes","floor":1.0,"turns":3.0},{"damage":6.0,"enemies":"Cultist","floor":4.0,"turns":3.0},{"damage":16.0,"enemies":"3 Sentries","floor":6.0,"turns":5.0},{"damage":0.0,"enemies":"2 Louse","floor":7.0,"turns":2.0},{"damage":5.0,"enemies":"2 Fungi Beasts","floor":10.0,"turns":3.0},{"damage":18.0,"enemies":"Lagavulin","floor":11.0,"turns":4.0},{"damage":18.0,"enemies":"3 Sentries","floor":13.0,"turns":7.0},{"damage":1.0,"enemies":"3 Louse","floor":14.0,"turns":2.0},{"damage":34.0,"enemies":"Hexaghost","floor":16.0,"turns":10.0},{"damage":2.0,"enemies":"Shell Parasite","floor":18.0,"turns":5.0},{"damage":10.0,"enemies":"2 Thieves","floor":21.0,"turns":4.0},{"damage":35.0,"enemies":"Slavers","floor":24.0,"turns":5.0},{"damage":23,"enemies":"Book of Stabbing","floor":27,"turns":6},{"damage":21,"enemies":"Centurion and Healer","floor":28,"turns":2}],"seed_played":"3597242251769629059","potions_obtained":[{"floor":4.0,"key":"PowerPotion"},{"floor":6.0,"key":"PotionOfCapacity"},{"floor":10.0,"key":"PotionOfCapacity"},{"floor":13.0,"key":"Dexterity Potion"},{"floor":14.0,"key":"SkillPotion"},{"floor":27,"key":"SteroidPotion"}],"is_trial":false,"path_per_floor":["M","?","?","M","$","E","M","R","T","M","E","R","E","M","R","B",null,"M","?","?","M","$","R","E","?","T","E","M"],"character_chosen":"DEFECT","items_purchased":["Discovery","Conserve Battery"],"campfire_rested":2,"item_purchase_floors":[5,22],"current_hp_per_floor":[70,59,59,53,53,37,37,37,37,32,14,36,18,17,39,5,75,73,73,73,63,75,75,40,40,40,17,0,0],"gold":175,"neow_bonus":"THREE_RARE_CARDS","is_daily":false,"chose_seed":false,"campfire_upgraded":2,"win_rate":0.0,"timestamp":1610031974,"path_taken":["M","?","?","?","$","E","M","R","T","?","E","R","E","?","R","BOSS","M","?","?","M","$","R","E","?","T","E","M"],"items_purchased_type":["Card","Card"],"build_version":"2020-12-22","purchased_purges":2,"victory":false,"max_hp_per_floor":[75,75,75,75,75,75,75,75,75,75,75,75,75,75,75,75,75,75,75,75,75,75,75,75,75,75,75,75,75],"card_choices":[{"not_picked":["Buffer","Multi-Cast"],"picked":"All For One","floor":0.0},{"not_picked":["Force Field","Melter"],"picked":"Rip and Tear","floor":1.0},{"not_picked":["Rebound","Go for the Eyes"],"picked":"Streamline","floor":4.0},{"not_picked":["Coolheaded","Stack"],"picked":"Chaos","floor":6.0},{"not_picked":["Beam Cell","Rebound"],"picked":"Undo","floor":7.0},{"not_picked":["Steam","Leap"],"picked":"Conserve Battery","floor":10.0},{"not_picked":["Thunder Strike","Redo"],"picked":"Lockon","floor":11.0},{"not_picked":["Hyperbeam","Chaos"],"picked":"Scrape","floor":13.0},{"not_picked":["Coolheaded","Capacitor"],"picked":"Conserve Battery","floor":14.0},{"not_picked":["Reboot","Multi-Cast"],"picked":"Creative AI","floor":16.0},{"not_picked":["Loop","Gash"],"picked":"Double Energy","floor":18.0},{"not_picked":["Compile Driver","Sweeping Beam"],"picked":"Glacier","floor":21.0},{"not_picked":["Tempest","Chaos+1"],"picked":"Barrage","floor":24.0},{"not_picked":["Beam Cell+1","Chill"],"picked":"Force Field+1","floor":27}],"player_experience":465223,"relics_obtained":[{"floor":6.0,"key":"Pen Nib"},{"floor":9.0,"key":"Boot"},{"floor":11.0,"key":"MealTicket"},{"floor":13.0,"key":"Happy Flower"},{"floor":24.0,"key":"Orichalcum"},{"floor":26.0,"key":"Nunchaku"},{"floor":27,"key":"Shuriken"}],"event_choices":[{"damage_healed":0.0,"max_hp_gain":0.0,"max_hp_loss":0.0,"gold_gain":75.0,"event_name":"World of Goop","player_choice":"Gather Gold","floor":2.0,"gold_loss":0.0,"damage_taken":11.0},{"cards_removed":["Shame"],"damage_healed":0.0,"max_hp_gain":0.0,"max_hp_loss":0.0,"gold_gain":0.0,"event_name":"Purifier","player_choice":"Purged","floor":3.0,"gold_loss":0.0,"damage_taken":0.0},{"damage_healed":0.0,"max_hp_gain":0.0,"max_hp_loss":0.0,"gold_gain":0.0,"event_name":"Ghosts","player_choice":"Ignored","floor":19.0,"gold_loss":0.0,"damage_taken":0.0},{"damage_healed":0.0,"max_hp_gain":0.0,"max_hp_loss":0.0,"gold_gain":0.0,"event_name":"The Mausoleum","player_choice":"Opened","floor":20.0,"gold_loss":0.0,"damage_taken":0.0,"relics_obtained":["InkBottle"]},{"damage_healed":0.0,"max_hp_gain":0.0,"max_hp_loss":0.0,"gold_gain":0.0,"event_name":"Addict","player_choice":"Obtained Relic","floor":25.0,"gold_loss":85.0,"damage_taken":0.0,"relics_obtained":["Peace Pipe"]}],"is_beta":false,"boss_relics":[{"not_picked":["FrozenCore","Cursed Key"],"picked":"Pandora\u0027s Box"}],"items_purged_floors":[5,22],"is_endless":false,"potions_floor_spawned":[4,6,10,13,14,27],"killed_by":"Centurion and Healer","ascension_level":2}}