{"host":"bg8va46pgqgvtzim","time":1610026223,"event":{"mods":["BaseMod","Minty Spire (QoL Compilation)","Quick Restart","StSLib","SuperFastMode","¡¾ÒÅÎï¿¨ÅÆ¡¿REMEMod"],"gold_per_floor":[115,127,145,155,155,185,125,125,125,160,160,160,13,30,30,130,130,147,167,187,102,121,148,165,165,465,492,506,506,538,558,558,659,659,674,684,700,700,488,521,548,560,572,619,648,660,367,415,415,415,415,415,5,32,32],"floor_reached":56,"playtime":1730,"items_purged":["Strike_G","Strike_G","Defend_G"],"score":1720,"play_id":"b2731d05-9834-4486-b385-562ba8851e62","local_time":"20210107213023","is_ascension_mode":true,"campfire_choices":[{"floor":8.0,"key":"REST"},{"data":"Prepared","floor":12.0,"key":"SMITH"},{"data":"Deep Breath","floor":15.0,"key":"SMITH"},{"data":"Prepared","floor":29.0,"key":"SMITH"},{"data":"Calculated Gamble","floor":32.0,"key":"SMITH"},{"data":"Well Laid Plans","floor":42,"key":"SMITH"},{"floor":49,"key":"RECALL"},{"data":"Expertise","floor":52,"key":"SMITH"}],"circlet_count":0,"master_deck":["Defend_G","Defend_G","Defend_G+1","Survivor","Neutralize","Reflex","REME_GreenPollution","Prepared+1","Deep Breath+1","Well Laid Plans+1","Expertise+1","REME_GreenPollution","Calculated Gamble+1","Acrobatics+1","After Image","Prepared+1","Reflex+1","Acrobatics+1","Impatience+1","Prepared+1","Outmaneuver+1","Recycle+1"],"relics":["Ring of the Serpent","REME_ComplimentaryCards","The Courier","Pantograph","PreservedInsect","Empty Cage","Strawberry","Du-Vu Doll","Old Coin","Ancient Tea Set","Toxic Egg 2","Membership Card","MawBank","Girya","War Paint","PrismaticShard","Ice Cream","Pocketwatch","Medical Kit","Torii","Anchor","Sundial","Nunchaku","Boot"],"acts_visited":["Exordium","TheCity","TheBeyond","TheEnding"],"potions_floor_usage":[],"damage_taken":[{"damage":4.0,"enemies":"Jaw Worm","floor":1.0,"turns":8.0},{"damage":1.0,"enemies":"Cultist","floor":2.0,"turns":4.0},{"damage":0.0,"enemies":"Small Slimes","floor":3.0,"turns":3.0},{"damage":2.0,"enemies":"2 Fungi Beasts","floor":4.0,"turns":3.0},{"damage":32.0,"enemies":"Gremlin Nob","floor":6.0,"turns":5.0},{"damage":0.0,"enemies":"Lagavulin","floor":10.0,"turns":7.0},{"damage":0.0,"enemies":"Exordium Wildlife","floor":14.0,"turns":3.0},{"damage":0.0,"enemies":"Slime Boss","floor":16.0,"turns":5.0},{"damage":9.0,"enemies":"Shell Parasite","floor":18.0,"turns":5.0},{"damage":0.0,"enemies":"Chosen","floor":19.0,"turns":3.0},{"damage":7.0,"enemies":"Snecko","floor":20.0,"turns":5.0},{"damage":0.0,"enemies":"Centurion and Healer","floor":22.0,"turns":2.0},{"damage":23.0,"enemies":"Slavers","floor":23.0,"turns":2.0},{"damage":0.0,"enemies":"Sentry and Sphere","floor":24.0,"turns":3.0},{"damage":12.0,"enemies":"Gremlin Leader","floor":27.0,"turns":2.0},{"damage":0.0,"enemies":"Cultist and Chosen","floor":28.0,"turns":3.0},{"damage":0.0,"enemies":"Book of Stabbing","floor":30.0,"turns":3.0},{"damage":3.0,"enemies":"Shelled Parasite and Fungi","floor":31.0,"turns":3.0},{"damage":0.0,"enemies":"Automaton","floor":33.0,"turns":2.0},{"damage":5.0,"enemies":"Orb Walker","floor":35.0,"turns":3.0},{"damage":2,"enemies":"3 Darklings","floor":36,"turns":2},{"damage":0,"enemies":"Jaw Worm Horde","floor":37,"turns":2},{"damage":0,"enemies":"Giant Head","floor":40,"turns":2},{"damage":0,"enemies":"Sphere and 2 Shapes","floor":41,"turns":1},{"damage":0,"enemies":"Reptomancer","floor":44,"turns":2},{"damage":0,"enemies":"Maw","floor":45,"turns":4},{"damage":0,"enemies":"2 Orb Walkers","floor":48,"turns":1},{"damage":0,"enemies":"Donu and Deca","floor":50,"turns":2},{"damage":0,"enemies":"Shield and Spear","floor":54,"turns":1},{"damage":45,"enemies":"The Heart","floor":55,"turns":3}],"seed_played":"6031098928618298394","potions_obtained":[{"floor":4.0,"key":"Poison Potion"},{"floor":6.0,"key":"LiquidMemories"},{"floor":10.0,"key":"Weak Potion"},{"floor":16.0,"key":"GamblersBrew"},{"floor":22.0,"key":"Fruit Juice"},{"floor":23.0,"key":"Regen Potion"},{"floor":36,"key":"DuplicationPotion"}],"is_trial":false,"path_per_floor":["M","M","M","M","?","E","$","R","T","E","?","R","$","M","R","B",null,"M","M","M","?","M","E","M","?","T","E","M","R","E","M","R","B",null,"M","M","M","?","$","E","M","R","T","E","M","?","$","?","R","B",null,"R","$","E","B",null],"character_chosen":"THE_SILENT","items_purchased":["Well Laid Plans","Expertise","REME_GreenPollution","Membership Card","Impatience+1","War Paint","PrismaticShard","Ice Cream","Medical Kit","Torii","Anchor","Sundial","Nunchaku"],"campfire_rested":1,"item_purchase_floors":[13,13,13,39,39,47,47,47,53,53,53,53,53],"current_hp_per_floor":[45,44,44,42,42,10,10,31,31,31,31,31,31,31,31,56,70,61,61,54,61,61,43,43,43,43,31,31,31,31,28,28,62,82,77,75,75,75,75,75,75,75,75,75,75,75,75,75,75,82,82,82,82,82,37],"gold":32,"neow_bonus":"REMOVE_TWO","is_daily":false,"chose_seed":false,"campfire_upgraded":6,"win_rate":0.0,"timestamp":1610026223,"path_taken":["M","M","M","M","?","E","$","R","T","E","?","R","$","M","R","BOSS","M","M","?","?","M","E","M","?","T","E","M","R","E","M","R","BOSS","M","M","M","?","?","E","M","R","T","E","M","?","$","?","R","BOSS","R","$","E","BOSS"],"items_purchased_type":["Card","Card","Card","Relic","Card","Relic","Relic","Relic","Relic","Relic","Relic","Relic","Relic"],"build_version":"2020-12-22","purchased_purges":3,"victory":true,"max_hp_per_floor":[70,70,70,70,70,70,70,70,70,70,70,70,70,70,70,70,70,70,70,70,77,77,82,82,82,82,82,82,82,82,82,82,82,82,82,82,82,82,82,82,82,82,82,82,82,82,82,82,82,82,82,82,82,82,82],"card_choices":[{"not_picked":["Quick Slash","Flying Knee","Backflip"],"picked":"SKIP","floor":1.0},{"not_picked":["Blur","Distraction"],"picked":"Dagger Throw","floor":2.0},{"not_picked":["Eviscerate","Sucker Punch"],"picked":"REME_GreenPollution","floor":3.0},{"not_picked":["Crippling Poison","Deflect"],"picked":"Prepared","floor":4.0},{"not_picked":["REME_CopyPotion","Bane","Deadly Poison"],"picked":"SKIP","floor":6.0},{"not_picked":["Noxious Fumes","Deflect","Flying Knee"],"picked":"SKIP","floor":10.0},{"not_picked":["Bane","Slice","All Out Attack"],"picked":"SKIP","floor":14.0},{"not_picked":["Dagger Throw","Blade Dance+1"],"picked":"Calculated Gamble","floor":18.0},{"not_picked":["Deflect","Dodge and Roll"],"picked":"Acrobatics","floor":19.0},{"not_picked":["Dodge and Roll","Slice+1","Flying Knee+1"],"picked":"SKIP","floor":20.0},{"not_picked":["Dodge and Roll","Acrobatics","Bane+1"],"picked":"SKIP","floor":22.0},{"not_picked":["Noxious Fumes","Prepared+1"],"picked":"After Image","floor":23.0},{"not_picked":["Backflip","Riddle With Holes"],"picked":"Prepared","floor":24.0},{"not_picked":["Accuracy","Blur","Sucker Punch+1"],"picked":"SKIP","floor":27.0},{"not_picked":["Expertise+1","Blade Dance+1","Quick Slash"],"picked":"SKIP","floor":28.0},{"not_picked":["Dash","Outmaneuver+1","All Out Attack"],"picked":"SKIP","floor":30.0},{"not_picked":["Flying Knee","Riddle With Holes","Poisoned Stab+1"],"picked":"SKIP","floor":31.0},{"not_picked":["Underhanded Strike","Sucker Punch"],"picked":"Reflex+1","floor":35.0},{"not_picked":["Dagger Spray+1","Dash+1"],"picked":"Acrobatics+1","floor":36},{"not_picked":["Poisoned Stab+1","Dash+1","Quick Slash"],"picked":"SKIP","floor":37},{"not_picked":["Backflip+1","Endless Agony","Escape Plan+1"],"picked":"SKIP","floor":40},{"not_picked":["Infinite Blades+1","Reflex+1","Dagger Throw+1"],"picked":"SKIP","floor":41},{"not_picked":["PiercingWail+1","Dodge and Roll+1"],"picked":"Prepared+1","floor":44},{"not_picked":["Deflect+1","Terror+1","Outmaneuver+1"],"picked":"SKIP","floor":45},{"not_picked":["Deflect+1","Terror+1"],"picked":"Outmaneuver+1","floor":45},{"not_picked":["Finisher+1","Dodge and Roll+1"],"picked":"Recycle+1","floor":54}],"player_experience":2246331,"relics_obtained":[{"floor":6.0,"key":"The Courier"},{"floor":9.0,"key":"Pantograph"},{"floor":10.0,"key":"PreservedInsect"},{"floor":23.0,"key":"Du-Vu Doll"},{"floor":26.0,"key":"Old Coin"},{"floor":27.0,"key":"Ancient Tea Set"},{"floor":30.0,"key":"Toxic Egg 2"},{"floor":40,"key":"MawBank"},{"floor":44,"key":"Girya"},{"floor":48,"key":"Pocketwatch"},{"floor":54,"key":"Boot"}],"event_choices":[{"damage_healed":0.0,"max_hp_gain":0.0,"max_hp_loss":0.0,"gold_gain":0.0,"event_name":"Liars Game","player_choice":"Ignored","floor":5.0,"gold_loss":0.0,"damage_taken":0.0},{"damage_healed":0.0,"max_hp_gain":0.0,"max_hp_loss":0.0,"gold_gain":0.0,"event_name":"Match and Keep!","player_choice":"1 cards matched","floor":11.0,"gold_loss":0.0,"damage_taken":0.0,"cards_obtained":["Deep Breath"]},{"damage_healed":0.0,"max_hp_gain":0.0,"max_hp_loss":0.0,"gold_gain":0.0,"event_name":"Addict","player_choice":"Obtained Relic","floor":21.0,"gold_loss":85.0,"damage_taken":0.0,"relics_obtained":["Strawberry"]},{"damage_healed":0.0,"max_hp_gain":0.0,"max_hp_loss":0.0,"gold_gain":0.0,"event_name":"Ghosts","player_choice":"Ignored","floor":25.0,"gold_loss":0.0,"damage_taken":0.0},{"damage_healed":0,"gold_gain":0,"player_choice":"Ignored","damage_taken":0,"max_hp_gain":0,"max_hp_loss":0,"event_name":"SecretPortal","floor":38,"gold_loss":0},{"cards_removed":["Dagger Throw"],"damage_healed":0,"gold_gain":0,"player_choice":"Removed Attack","damage_taken":0,"max_hp_gain":0,"max_hp_loss":0,"event_name":"Falling","floor":46,"gold_loss":0},{"damage_healed":0,"gold_gain":0,"player_choice":"Fight","damage_taken":0,"max_hp_gain":0,"max_hp_loss":0,"event_name":"Mysterious Sphere","floor":48,"gold_loss":0}],"is_beta":false,"boss_relics":[{"not_picked":["REME_ChargedStone","SlaversCollar"],"picked":"Empty Cage"},{"not_picked":["Astrolabe","SacredBark"],"picked":"Ring of the Serpent"}],"items_purged_floors":[7,39,47],"is_endless":false,"potions_floor_spawned":[4,6,10,16,22,23,27,30,31,36,44,45,48],"ascension_level":1}}