{"host":"p4v0hquynnreu717","time":1610034096,"event":{"mods":["BaseMod","Better Vampires","DeckTracker","Googly Eyes","Minty Spire (QoL Compilation)","Quick Restart","StSLib","SuperFastMode"],"gold_per_floor":[113,133,133,133,4,4,37,37,91,104,123,123,139,39,39,118,118,129,145,145,145,60,60,60,60,60,9,19,19,31,31,31,104,104,124,124,138,138,155,155,155],"floor_reached":40,"playtime":947,"items_purged":["Strike_B","Strike_B"],"score":716,"play_id":"90168cbf-aeb1-4460-ab6a-6b235052b9ec","local_time":"20210107234136","is_ascension_mode":true,"campfire_choices":[{"data":"Genetic Algorithm","floor":6.0,"key":"SMITH"},{"data":"Dualcast","floor":8.0,"key":"SMITH"},{"data":"Recycle","floor":12.0,"key":"SMITH"},{"data":"Skim","floor":15.0,"key":"SMITH"},{"floor":23.0,"key":"REST"},{"data":"Seek","floor":25.0,"key":"SMITH"},{"data":"Coolheaded","floor":29.0,"key":"SMITH"},{"data":"Hologram","floor":32.0,"key":"SMITH"}],"circlet_count":0,"master_deck":["AscendersBane","Defend_B","Defend_B","Defend_B","Dualcast+1","Gash","Genetic Algorithm+1","Gash","Skim+1","Recycle+1","Gash","Self Repair","Seek+1","Coolheaded+1","Hologram+1","Buffer","Coolheaded+1"],"relics":["Cracked Core","NeowsBlessing","Orichalcum","Lantern","Empty Cage","Ginger","Shuriken","SacredBark"],"acts_visited":["Exordium","TheCity","TheBeyond"],"potions_floor_usage":[40],"damage_taken":[{"damage":0.0,"enemies":"Cultist","floor":1.0,"turns":1.0},{"damage":0.0,"enemies":"Small Slimes","floor":2.0,"turns":2.0},{"damage":0.0,"enemies":"3 Sentries","floor":7.0,"turns":1.0},{"damage":4.0,"enemies":"2 Louse","floor":10.0,"turns":3.0},{"damage":13.0,"enemies":"2 Fungi Beasts","floor":11.0,"turns":3.0},{"damage":12.0,"enemies":"Large Slime","floor":13.0,"turns":6.0},{"damage":32.0,"enemies":"Slime Boss","floor":16.0,"turns":6.0},{"damage":28.0,"enemies":"3 Byrds","floor":18.0,"turns":4.0},{"damage":39.0,"enemies":"Chosen","floor":19.0,"turns":5.0},{"damage":3.0,"enemies":"Snake Plant","floor":28.0,"turns":2.0},{"damage":1.0,"enemies":"Snecko","floor":30.0,"turns":4.0},{"damage":5.0,"enemies":"Automaton","floor":33.0,"turns":5.0},{"damage":30.0,"enemies":"3 Shapes","floor":35.0,"turns":4.0},{"damage":10.0,"enemies":"3 Darklings","floor":37.0,"turns":4.0},{"damage":21,"enemies":"Sphere and 2 Shapes","floor":39,"turns":6},{"damage":0,"enemies":"Reptomancer","floor":40,"turns":2}],"seed_played":"-8118042231628034513","potions_obtained":[{"floor":7.0,"key":"BlessingOfTheForge"},{"floor":11.0,"key":"PotionOfCapacity"},{"floor":13.0,"key":"DistilledChaos"},{"floor":16.0,"key":"Strength Potion"},{"floor":18.0,"key":"FairyPotion"},{"floor":19.0,"key":"Dexterity Potion"}],"is_trial":false,"path_per_floor":["M","M","?","?","$","R","E","R","T","M","M","R","M","$","R","B",null,"M","M","?","?","?","R","?","R","T","$","M","R","M","?","R","B",null,"M","?","M","?","M","E"],"character_chosen":"DEFECT","items_purchased":["Gash","Hologram"],"campfire_rested":1,"item_purchase_floors":[5,27],"current_hp_per_floor":[64,64,64,64,64,64,64,64,64,60,47,47,35,35,35,10,56,35,28,8,8,8,30,30,30,30,30,34,34,40,40,40,42,68,45,45,35,35,21,21,21],"gold":155,"neow_bonus":"THREE_ENEMY_KILL","is_daily":false,"chose_seed":false,"campfire_upgraded":7,"win_rate":0.0,"timestamp":1610034096,"path_taken":["M","?","?","?","$","R","E","R","T","M","M","R","M","$","R","BOSS","M","M","?","?","?","R","?","R","T","$","M","R","M","?","R","BOSS","M","?","M","?","M","E"],"items_purchased_type":["Card","Card"],"build_version":"2020-12-22","purchased_purges":2,"victory":false,"max_hp_per_floor":[71,71,71,71,71,71,71,71,71,71,71,71,71,71,71,71,71,71,71,76,76,76,76,76,76,76,76,76,76,76,76,76,76,76,76,76,76,76,76,76,76],"card_choices":[{"not_picked":["Hologram","Barrage","Scrape"],"picked":"SKIP","floor":1.0},{"not_picked":["Turbo","Leap"],"picked":"Gash","floor":2.0},{"not_picked":["Turbo","Capacitor"],"picked":"Skim","floor":7.0},{"not_picked":["Rip and Tear","Ball Lightning"],"picked":"Recycle","floor":10.0},{"not_picked":["Fusion","White Noise"],"picked":"Gash","floor":11.0},{"not_picked":["Force Field","Ball Lightning"],"picked":"Self Repair","floor":13.0},{"not_picked":["Buffer","Amplify"],"picked":"Seek","floor":16.0},{"not_picked":["Go for the Eyes","Turbo","Capacitor"],"picked":"SKIP","floor":18.0},{"not_picked":["Ball Lightning","Conserve Battery"],"picked":"Coolheaded","floor":19.0},{"not_picked":["Stack+1","Gash","Streamline"],"picked":"SKIP","floor":28.0},{"not_picked":["Steam","Lockon","Auto Shields"],"picked":"SKIP","floor":30.0},{"not_picked":["Amplify","Thunder Strike"],"picked":"Buffer","floor":33.0},{"not_picked":["Beam Cell+1","Compile Driver+1","Streamline+1"],"picked":"SKIP","floor":35.0},{"not_picked":["Ball Lightning+1","Sweeping Beam+1","Heatsinks"],"picked":"SKIP","floor":37.0},{"not_picked":["Hologram","Streamline"],"picked":"Coolheaded+1","floor":39}],"player_experience":765596,"relics_obtained":[{"floor":7.0,"key":"Orichalcum"},{"floor":9.0,"key":"Lantern"},{"floor":26.0,"key":"Shuriken"}],"event_choices":[{"damage_healed":0.0,"max_hp_gain":0.0,"max_hp_loss":0.0,"gold_gain":0.0,"event_name":"Liars Game","player_choice":"Ignored","floor":3.0,"gold_loss":0.0,"damage_taken":0.0},{"damage_healed":0.0,"max_hp_gain":0.0,"max_hp_loss":0.0,"gold_gain":0.0,"cards_transformed":["Strike_B"],"event_name":"Living Wall","player_choice":"Change","floor":4.0,"gold_loss":0.0,"damage_taken":0.0,"cards_obtained":["Genetic Algorithm"]},{"damage_healed":0.0,"max_hp_gain":5.0,"max_hp_loss":0.0,"gold_gain":0.0,"event_name":"Forgotten Altar","player_choice":"Shed Blood","floor":20.0,"gold_loss":0.0,"damage_taken":25.0},{"damage_healed":0.0,"max_hp_gain":0.0,"max_hp_loss":0.0,"gold_gain":0.0,"event_name":"Cursed Tome","player_choice":"Ignored","floor":21.0,"gold_loss":0.0,"damage_taken":0.0},{"damage_healed":0.0,"max_hp_gain":0.0,"max_hp_loss":0.0,"gold_gain":0.0,"event_name":"Addict","player_choice":"Obtained Relic","floor":22.0,"gold_loss":85.0,"damage_taken":0.0,"relics_obtained":["Ginger"]},{"cards_removed":["Zap"],"damage_healed":0.0,"max_hp_gain":0.0,"max_hp_loss":0.0,"gold_gain":0.0,"event_name":"Back to Basics","player_choice":"Elegance","floor":24.0,"gold_loss":0.0,"damage_taken":0.0},{"damage_healed":0.0,"max_hp_gain":0.0,"max_hp_loss":0.0,"gold_gain":0.0,"event_name":"The Mausoleum","player_choice":"Ignored","floor":31.0,"gold_loss":0.0,"damage_taken":0.0},{"damage_healed":0.0,"max_hp_gain":0.0,"max_hp_loss":0.0,"gold_gain":0.0,"event_name":"Tomb of Lord Red Mask","player_choice":"Ignored","floor":36.0,"gold_loss":0.0,"damage_taken":0.0},{"damage_healed":0,"gold_gain":0,"player_choice":"Ignored","damage_taken":0,"max_hp_gain":0,"max_hp_loss":0,"event_name":"Mysterious Sphere","floor":38,"gold_loss":0}],"is_beta":false,"boss_relics":[{"not_picked":["Sozu","Snecko Eye"],"picked":"Empty Cage"},{"not_picked":["SlaversCollar","Astrolabe"],"picked":"SacredBark"}],"items_purged_floors":[5,14],"is_endless":false,"potions_floor_spawned":[7,11,13,16,18,19,33],"killed_by":"Reptomancer","ascension_level":15}}