{"host":"y3h3n3f7seyagppx","time":1610057188,"event":{"mods":["BaseMod","Colored Map","Colored Powertips","DeckTracker","Minty Spire (QoL Compilation)","Random Character Button","Rare Cards Sparkle","Relic Sorter","Relic Stats","StSLib"],"gold_per_floor":[116,135,149,149,164,164,195,214,214,248,261,261,261,290,290,363,363,381,381,393,393,34,368,387,387,455,484,484,484],"floor_reached":28,"playtime":3939,"items_purged":["Decay"],"score":581,"play_id":"daa6bcc2-77da-443c-bfbf-e5353a1f13ba","local_time":"20210107170628","is_ascension_mode":true,"campfire_choices":[{"data":"Combust","floor":6,"key":"SMITH"},{"data":"Armaments","floor":13,"key":"SMITH"},{"data":"Inflame","floor":15,"key":"SMITH"},{"floor":25,"key":"REST"}],"circlet_count":0,"master_deck":["AscendersBane","Strike_R","Strike_R","Strike_R","Strike_R","Defend_R","Defend_R","Defend_R","Defend_R","Bash","Flame Barrier","Thunderclap","Combust+1","Body Slam","Clothesline","Inflame+1","Armaments+1","Power Through","Feed","Exhume","Battle Trance"],"relics":["Burning Blood","Vajra","Tiny Chest","InkBottle","Eternal Feather","Pantograph","Sozu","Mango","HornCleat","Old Coin","Magic Flower"],"acts_visited":["Exordium","TheCity"],"potions_floor_usage":[7,16,16],"damage_taken":[{"damage":4,"enemies":"Small Slimes","floor":1,"turns":4},{"damage":7,"enemies":"Cultist","floor":2,"turns":4},{"damage":2,"enemies":"Jaw Worm","floor":3,"turns":4},{"damage":11,"enemies":"Looter","floor":5,"turns":4},{"damage":17,"enemies":"Gremlin Nob","floor":7,"turns":4},{"damage":10,"enemies":"3 Louse","floor":8,"turns":3},{"damage":33,"enemies":"Lagavulin","floor":10,"turns":6},{"damage":3,"enemies":"Large Slime","floor":11,"turns":4},{"damage":19,"enemies":"3 Sentries","floor":14,"turns":4},{"damage":56,"enemies":"Hexaghost","floor":16,"turns":9},{"damage":9,"enemies":"3 Byrds","floor":18,"turns":4},{"damage":14,"enemies":"2 Thieves","floor":20,"turns":4},{"damage":41,"enemies":"Slavers","floor":23,"turns":5},{"damage":33,"enemies":"Shelled Parasite and Fungi","floor":24,"turns":7},{"damage":37,"enemies":"Gremlin Leader","floor":27,"turns":8},{"damage":26,"enemies":"Chosen and Byrds","floor":28,"turns":3}],"seed_played":"-1240422248258759419","potions_obtained":[{"floor":2,"key":"Swift Potion"},{"floor":8,"key":"Block Potion"},{"floor":11,"key":"Fire Potion"}],"is_trial":false,"path_per_floor":["M","M","M","?","M","R","E","M","T","E","M","?","R","E","R","B",null,"M","?","M","T","$","E","M","R","T","E","M"],"character_chosen":"IRONCLAD","items_purchased":["HornCleat"],"campfire_rested":1,"item_purchase_floors":[22],"current_hp_per_floor":[70,69,73,73,68,68,57,53,53,26,29,29,38,25,34,9,59,56,56,52,66,66,34,10,51,51,20,0,0],"gold":484,"neow_bonus":"RANDOM_COMMON_RELIC","is_daily":false,"chose_seed":false,"campfire_upgraded":3,"win_rate":0.0,"timestamp":1610057188,"path_taken":["M","M","M","?","M","R","E","M","T","E","?","?","R","E","R","BOSS","M","?","M","?","$","E","M","R","T","E","M"],"items_purchased_type":["Relic"],"build_version":"2020-12-22","purchased_purges":1,"victory":false,"max_hp_per_floor":[75,75,75,75,75,75,75,75,75,75,75,75,75,75,75,75,75,75,75,79,93,93,96,99,99,99,99,99,99],"relic_stats":{"Sozu":3,"counters":[16,77],"Pantograph":25,"Magic Flower":[0],"Tiny Chest":1,"Eternal Feather":30,"obtain_stats":[{"Sozu":17,"HornCleat":22,"Pantograph":14,"Vajra":0,"Magic Flower":27,"Tiny Chest":7,"Eternal Feather":10,"Mango":21,"Burning Blood":0,"InkBottle":9,"Old Coin":23},{"Sozu":10,"HornCleat":12,"Pantograph":9,"Vajra":0,"Magic Flower":15,"Tiny Chest":5,"Eternal Feather":7,"Mango":12,"Burning Blood":0,"InkBottle":6,"Old Coin":13},{"Sozu":46,"HornCleat":54,"Pantograph":37,"Vajra":0,"Magic Flower":74,"Tiny Chest":20,"Eternal Feather":29,"Mango":54,"Burning Blood":0,"InkBottle":23,"Old Coin":59}],"Burning Blood":90,"InkBottle":[15]},"card_choices":[{"not_picked":["Wild Strike","Cleave"],"picked":"Flame Barrier","floor":1},{"not_picked":["Sword Boomerang","Shrug It Off"],"picked":"Thunderclap","floor":2},{"not_picked":["Second Wind","Evolve"],"picked":"Combust","floor":3},{"not_picked":["Dual Wield","Disarm"],"picked":"Clothesline","floor":5},{"not_picked":["Clothesline","Cleave","Sword Boomerang"],"picked":"SKIP","floor":7},{"not_picked":["Limit Break","Whirlwind"],"picked":"Inflame","floor":8},{"not_picked":["Headbutt","Heavy Blade","Wild Strike"],"picked":"SKIP","floor":10},{"not_picked":["Thunderclap","Clothesline"],"picked":"Armaments","floor":11},{"not_picked":["Intimidate","Juggernaut"],"picked":"Power Through","floor":14},{"not_picked":["Barricade","Brutality"],"picked":"Feed","floor":16},{"not_picked":["True Grit","Twin Strike","Wild Strike"],"picked":"SKIP","floor":18},{"not_picked":["Seeing Red","Heavy Blade","Pommel Strike"],"picked":"SKIP","floor":20},{"not_picked":["Metallicize","Body Slam"],"picked":"Exhume","floor":23},{"not_picked":["True Grit","Havoc","Clothesline"],"picked":"SKIP","floor":24},{"not_picked":["Heavy Blade","Iron Wave"],"picked":"Battle Trance","floor":27}],"player_experience":20425891,"relics_obtained":[{"floor":7,"key":"Tiny Chest"},{"floor":9,"key":"InkBottle"},{"floor":10,"key":"Eternal Feather"},{"floor":14,"key":"Pantograph"},{"floor":21,"key":"Mango"},{"floor":23,"key":"Old Coin"},{"floor":27,"key":"Magic Flower"}],"event_choices":[{"damage_healed":0,"gold_gain":0,"cards_transformed":["Strike_R"],"player_choice":"Transformed","damage_taken":0,"max_hp_gain":0,"max_hp_loss":0,"event_name":"Transmorgrifier","floor":4,"gold_loss":0,"cards_obtained":["Body Slam"]},{"damage_healed":0,"gold_gain":0,"player_choice":"Ignored","damage_taken":0,"max_hp_gain":0,"max_hp_loss":0,"event_name":"Liars Game","floor":12,"gold_loss":0},{"damage_healed":0,"gold_gain":0,"player_choice":"Smashed Altar","damage_taken":0,"max_hp_gain":0,"max_hp_loss":0,"event_name":"Forgotten Altar","floor":19,"gold_loss":0,"cards_obtained":["Decay"]}],"is_beta":false,"boss_relics":[{"not_picked":["Black Blood","Astrolabe"],"picked":"Sozu"}],"items_purged_floors":[22],"is_endless":false,"potions_floor_spawned":[2,8,11,14,18,23,27],"killed_by":"Chosen and Byrds","ascension_level":20}}