{"host":"b7j598ve05halrwk","time":1610033173,"event":{"mods":["2.2 Compatiblity","BaseMod","Block Reminder","DeckTracker","Minty Spire (QoL Compilation)","Relic Stats","Slay the Relics Exporter","StSLib","ojb\u0027s Better Paths Mod","ojb\u0027s Info Mod"],"gold_per_floor":[117,117,141,52,66,97,115,148,148,148,148,186,186,59,59,148,148,166,166,181,199,89,132,152,152,152,176,176,176,216,239,239,335,335,353,353,384,384,407,443,468,512,512,556,333,376,53,77,77,77,77,77,77,27,65,65],"floor_reached":57,"playtime":6721,"items_purged":["Defend_B","Strike_B","Strike_B","Auto Shields"],"score":2931,"play_id":"78777de5-ecf5-4308-ad0e-e692093717d0","local_time":"20210107102613","is_ascension_mode":true,"campfire_choices":[{"data":"Sunder","floor":10.0,"key":"SMITH"},{"data":"Consume","floor":13.0,"key":"SMITH"},{"data":"Lockon","floor":15.0,"key":"SMITH"},{"data":"Coolheaded","floor":25.0,"key":"SMITH"},{"data":"Zap","floor":28.0,"key":"SMITH"},{"data":"RitualDagger","floor":29.0,"key":"SMITH"},{"data":"Defragment","floor":32.0,"key":"SMITH"},{"floor":49.0,"key":"RECALL"},{"data":"Hologram","floor":53,"key":"SMITH"}],"circlet_count":0,"master_deck":["AscendersBane","Defend_B+1","Zap+1","Dualcast+1","Lockon+1","Self Repair","Ball Lightning","Conserve Battery","FTL","Sunder+1","Consume+1","Conserve Battery","Glacier","Coolheaded+1","Rainbow+1","Coolheaded+1","RitualDagger+1","Compile Driver","FTL","Go for the Eyes+1","BootSequence","Defragment+1","Echo Form","Double Energy","Madness","Madness","Hologram+1","Loop","Echo Form","Double Energy","Conserve Battery+1","Creative AI","Genetic Algorithm","Aggregate","Glacier","Core Surge"],"relics":["Cracked Core","Golden Idol","Eternal Feather","Sundial","StrikeDummy","WingedGreaves","Coffee Dripper","Smiling Mask","War Paint","Pen Nib","Runic Pyramid","Girya","Turnip","Lizard Tail","StoneCalendar","Orrery","Happy Flower","Nunchaku"],"acts_visited":["Exordium","TheCity","TheBeyond","TheEnding"],"potions_floor_usage":[56],"damage_taken":[{"damage":3.0,"enemies":"2 Louse","floor":1.0,"turns":3.0},{"damage":4.0,"enemies":"Small Slimes","floor":3.0,"turns":3.0},{"damage":0.0,"enemies":"Cultist","floor":5.0,"turns":3.0},{"damage":11.0,"enemies":"Gremlin Nob","floor":6.0,"turns":3.0},{"damage":6.0,"enemies":"Exordium Thugs","floor":7.0,"turns":4.0},{"damage":28.0,"enemies":"3 Sentries","floor":8.0,"turns":5.0},{"damage":5.0,"enemies":"Lagavulin","floor":12.0,"turns":6.0},{"damage":28.0,"enemies":"Hexaghost","floor":16.0,"turns":9.0},{"damage":5.0,"enemies":"Spheric Guardian","floor":18.0,"turns":4.0},{"damage":5.0,"enemies":"3 Byrds","floor":20.0,"turns":4.0},{"damage":9.0,"enemies":"Sentry and Sphere","floor":21.0,"turns":6.0},{"damage":23.0,"enemies":"Gremlin Leader","floor":23.0,"turns":6.0},{"damage":20.0,"enemies":"Chosen and Byrds","floor":24.0,"turns":6.0},{"damage":0.0,"enemies":"Snake Plant","floor":27.0,"turns":5.0},{"damage":11.0,"enemies":"Book of Stabbing","floor":30.0,"turns":6.0},{"damage":0.0,"enemies":"Centurion and Healer","floor":31.0,"turns":5.0},{"damage":59.0,"enemies":"Automaton","floor":33.0,"turns":13.0},{"damage":11.0,"enemies":"3 Darklings","floor":35.0,"turns":4.0},{"damage":0.0,"enemies":"Mind Bloom Boss Battle","floor":37.0,"turns":6.0},{"damage":0.0,"enemies":"Orb Walker","floor":39.0,"turns":2.0},{"damage":7.0,"enemies":"Nemesis","floor":40.0,"turns":7.0},{"damage":13.0,"enemies":"Sphere and 2 Shapes","floor":41.0,"turns":20.0},{"damage":26.0,"enemies":"Giant Head","floor":42.0,"turns":10.0},{"damage":0.0,"enemies":"Reptomancer","floor":44.0,"turns":1.0},{"damage":0.0,"enemies":"Giant Head","floor":46.0,"turns":13.0},{"damage":10.0,"enemies":"3 Darklings","floor":48.0,"turns":7.0},{"damage":33.0,"enemies":"Awakened One","floor":50.0,"turns":14.0},{"damage":33,"enemies":"Donu and Deca","floor":51,"turns":11},{"damage":47,"enemies":"Shield and Spear","floor":55,"turns":8},{"damage":50,"enemies":"The Heart","floor":56,"turns":12}],"seed_played":"8861656289498668413","potions_obtained":[{"floor":3.0,"key":"FearPotion"},{"floor":6.0,"key":"LiquidBronze"},{"floor":7.0,"key":"Explosive Potion"},{"floor":8.0,"key":"PowerPotion"},{"floor":18.0,"key":"Swift Potion"},{"floor":21.0,"key":"EssenceOfDarkness"},{"floor":27.0,"key":"PotionOfCapacity"},{"floor":31.0,"key":"Block Potion"},{"floor":33.0,"key":"LiquidMemories"},{"floor":40.0,"key":"DuplicationPotion"},{"floor":48.0,"key":"PotionOfCapacity"}],"is_trial":false,"path_per_floor":["M","?","M","$","M","E","M","E","T","R","?","E","R","$","R","B",null,"M","?","M","M","?","E","M","R","T","M","R","R","E","M","R","B",null,"M","?","?","?","M","E","M","E","T","E","$","E","$","M","R","B","B",null,"R","$","E","B",null],"character_chosen":"DEFECT","items_purchased":["FTL","Coolheaded","Orrery","Aggregate","FocusPotion","DuplicationPotion","Glacier"],"campfire_rested":0,"item_purchase_floors":[4,14,45,47,47,47,47],"current_hp_per_floor":[64,42,45,45,52,48,49,28,28,37,30,32,41,41,50,29,55,57,51,53,51,51,35,22,34,34,41,53,64,53,60,64,12,51,54,42,56,47,54,61,62,50,50,50,50,64,64,64,64,38,12,51,64,64,24,14],"gold":65,"neow_bonus":"TRANSFORM_TWO_CARDS","is_daily":false,"chose_seed":false,"campfire_upgraded":8,"win_rate":0.0,"timestamp":1610033173,"path_taken":["M","?","M","$","M","E","M","E","T","R","?","E","R","$","R","BOSS","M","?","M","M","?","E","?","R","T","M","R","R","E","M","R","BOSS","M","?","?","?","?","E","?","E","T","E","$","E","?","M","R","BOSS","BOSS","R","$","E","BOSS"],"items_purchased_type":["Card","Card","Relic","Card","Potion","Potion","Card"],"build_version":"2020-12-22","purchased_purges":4,"victory":true,"max_hp_per_floor":[64,64,64,64,64,64,64,64,64,64,64,64,64,64,64,64,64,64,64,64,64,64,64,64,64,64,64,64,64,64,64,64,64,64,64,64,64,64,64,64,64,64,64,64,64,64,64,64,64,64,64,64,64,64,64,64],"relic_stats":{"Happy Flower":[17],"counters":[30,206],"Golden Idol":234,"Eternal Feather":79,"StoneCalendar":[270],"Pen Nib":[20],"War Paint":["Dualcast","Defend_B"],"Smiling Mask":225,"Lizard Tail":32,"Nunchaku":[1],"Sundial":[18],"Turnip":[7],"obtain_stats":[{"Girya":37,"Happy Flower":46,"Golden Idol":2,"Eternal Feather":6,"StoneCalendar":44,"Pen Nib":30,"War Paint":26,"Smiling Mask":23,"Lizard Tail":42,"Nunchaku":55,"Sundial":8,"Orrery":45,"WingedGreaves":12,"Turnip":40,"Coffee Dripper":17,"Cracked Core":0,"StrikeDummy":9,"Runic Pyramid":34},{"Girya":19,"Happy Flower":25,"Golden Idol":1,"Eternal Feather":4,"StoneCalendar":24,"Pen Nib":15,"War Paint":13,"Smiling Mask":12,"Lizard Tail":23,"Nunchaku":29,"Sundial":6,"Orrery":24,"WingedGreaves":7,"Turnip":21,"Coffee Dripper":8,"Cracked Core":0,"StrikeDummy":6,"Runic Pyramid":17},{"Girya":101,"Happy Flower":154,"Golden Idol":3,"Eternal Feather":12,"StoneCalendar":141,"Pen Nib":73,"War Paint":62,"Smiling Mask":56,"Lizard Tail":140,"Nunchaku":194,"Sundial":21,"Orrery":141,"WingedGreaves":27,"Turnip":110,"Coffee Dripper":36,"Cracked Core":0,"StrikeDummy":21,"Runic Pyramid":91}]},"card_choices":[{"not_picked":["Doom and Gloom","Steam Power"],"picked":"Ball Lightning","floor":1.0},{"not_picked":["Lockon","Gash"],"picked":"Conserve Battery","floor":3.0},{"not_picked":["Coolheaded","Rebound"],"picked":"Sunder","floor":5.0},{"not_picked":["Fission","Hologram"],"picked":"Auto Shields","floor":6.0},{"not_picked":["Rebound","Conserve Battery"],"picked":"Consume","floor":7.0},{"not_picked":["Rebound","Self Repair"],"picked":"Conserve Battery","floor":8.0},{"not_picked":["Hyperbeam","Rip and Tear"],"picked":"Glacier","floor":12.0},{"not_picked":["Amplify","Multi-Cast"],"picked":"Rainbow","floor":16.0},{"not_picked":["Redo","Undo"],"picked":"Coolheaded+1","floor":18.0},{"not_picked":["Ball Lightning","Streamline+1"],"picked":"Compile Driver","floor":20.0},{"not_picked":["Steam","Hello World"],"picked":"FTL","floor":21.0},{"not_picked":["Fusion","Scrape+1"],"picked":"Go for the Eyes+1","floor":23.0},{"not_picked":["Coolheaded","Rebound","Conserve Battery"],"picked":"SKIP","floor":24.0},{"not_picked":["Force Field","Go for the Eyes","Lockon"],"picked":"SKIP","floor":27.0},{"not_picked":["Cold Snap","Undo"],"picked":"BootSequence","floor":30.0},{"not_picked":["Sunder","Ball Lightning"],"picked":"Defragment","floor":31.0},{"not_picked":["Buffer","Amplify"],"picked":"Echo Form","floor":33.0},{"not_picked":["Beam Cell","Leap"],"picked":"Double Energy","floor":35.0},{"not_picked":["Sweeping Beam","Coolheaded+1"],"picked":"Hologram","floor":37.0},{"not_picked":["Reprogram","Stack","BootSequence"],"picked":"SKIP","floor":39.0},{"not_picked":["Stack+1","Rebound"],"picked":"Loop","floor":40.0},{"not_picked":["Streamline","Lockon"],"picked":"Echo Form","floor":41.0},{"not_picked":["Reprogram","FTL","Coolheaded"],"picked":"SKIP","floor":42.0},{"not_picked":["All For One","Steam+1"],"picked":"Double Energy","floor":44.0},{"not_picked":["Darkness","Fusion+1"],"picked":"Conserve Battery+1","floor":45.0},{"not_picked":["Chaos","Gash"],"picked":"Creative AI","floor":45.0},{"not_picked":["Double Energy","Reprogram"],"picked":"Genetic Algorithm","floor":45.0},{"not_picked":["Heatsinks","Chill","Steam+1"],"picked":"SKIP","floor":46.0},{"not_picked":["Barrage","Hello World","Steam+1"],"picked":"SKIP","floor":48.0},{"not_picked":["Barrage","Turbo"],"picked":"Core Surge","floor":55}],"player_experience":848231,"relics_obtained":[{"floor":6.0,"key":"Eternal Feather"},{"floor":8.0,"key":"Sundial"},{"floor":9.0,"key":"StrikeDummy"},{"floor":12.0,"key":"WingedGreaves"},{"floor":23.0,"key":"Smiling Mask"},{"floor":26.0,"key":"War Paint"},{"floor":30.0,"key":"Pen Nib"},{"floor":37.0,"key":"Girya"},{"floor":40.0,"key":"Turnip"},{"floor":42.0,"key":"Lizard Tail"},{"floor":44.0,"key":"StoneCalendar"},{"floor":46.0,"key":"Happy Flower"},{"floor":55,"key":"Nunchaku"}],"event_choices":[{"damage_healed":0.0,"max_hp_gain":0.0,"max_hp_loss":0.0,"gold_gain":0.0,"event_name":"Golden Idol","player_choice":"Take Damage","floor":2.0,"gold_loss":0.0,"damage_taken":22.0,"relics_obtained":["Golden Idol"]},{"cards_removed":["Defend_B"],"damage_healed":0.0,"max_hp_gain":0.0,"max_hp_loss":0.0,"gold_gain":0.0,"event_name":"Golden Wing","player_choice":"Card Removal","floor":11.0,"gold_loss":0.0,"damage_taken":7.0},{"damage_healed":0.0,"max_hp_gain":0.0,"max_hp_loss":0.0,"gold_gain":0.0,"event_name":"Nest","player_choice":"Joined the Cult","floor":19.0,"gold_loss":0.0,"damage_taken":6.0,"cards_obtained":["RitualDagger"]},{"cards_removed":["Defend_B"],"damage_healed":0.0,"max_hp_gain":0.0,"max_hp_loss":0.0,"gold_gain":0.0,"event_name":"Designer","player_choice":"Upgrade and Remove","floor":22.0,"gold_loss":110.0,"damage_taken":0.0,"cards_upgraded":["Rainbow"]},{"damage_healed":0.0,"max_hp_gain":0.0,"max_hp_loss":0.0,"gold_gain":0.0,"event_name":"Winding Halls","player_choice":"Embrace Madness","floor":36.0,"gold_loss":0.0,"damage_taken":12.0,"cards_obtained":["Madness","Madness"]},{"damage_healed":0.0,"max_hp_gain":0.0,"max_hp_loss":0.0,"gold_gain":0.0,"event_name":"MindBloom","player_choice":"Fight","floor":37.0,"gold_loss":0.0,"damage_taken":0.0},{"damage_healed":0.0,"max_hp_gain":0.0,"max_hp_loss":0.0,"gold_gain":0.0,"event_name":"Wheel of Change","player_choice":"Damaged","floor":38.0,"gold_loss":0.0,"damage_taken":9.0}],"is_beta":false,"boss_relics":[{"not_picked":["Velvet Choker","Nuclear Battery"],"picked":"Coffee Dripper"},{"not_picked":["Cursed Key","Runic Dome"],"picked":"Runic Pyramid"}],"items_purged_floors":[14,45,47,54],"is_endless":false,"potions_floor_spawned":[3,6,7,8,18,21,27,31,33,37,40,42,48],"ascension_level":20}}