{"host":"hca6liskeo7s99fa","time":1610063075,"event":{"mods":["BaseMod","Downfall","Minty Spire (QoL Compilation)","Replay The Spire","StSLib"],"gold_per_floor":[110,9,24,24,43,73,73,105,105,105,133,133,144,170,170,272,272,290,310,310,325,338,363,363,380,430,440,440,440,440,205,205,302,302,312,39,109,129,139,172,172,172],"floor_reached":41,"playtime":3348,"items_purged":[],"score":593,"play_id":"2ee066ea-1e2a-49b5-9cd3-89c68285b005","local_time":"20210107184435","is_ascension_mode":true,"campfire_choices":[{"data":"ReplayTheSpireMod:Muscle Training","floor":7,"key":"SMITH"},{"floor":10,"key":"REST"},{"data":"ReplayTheSpireMod:Muscle Training","floor":15,"key":"SMITH"},{"floor":24,"key":"DIG"},{"data":"Replay:Many Hands","floor":29,"key":"SMITH"},{"floor":32,"key":"RECALL"}],"circlet_count":0,"master_deck":["Strike_R","Strike_R","Strike_R","Strike_R","Strike_R","Defend_R","Defend_R+1","Defend_R","Defend_R+1","Bash","Twin Strike","ReplayTheSpireMod:Muscle Training+1","ReplayTheSpireMod:Muscle Training+1","Clash","Anger","Clash","Rage","Dropkick","Replay:Undeath\u0027s Touch","Cleave","Replay:Many Hands+1","CurseOfTheBell","Cleave","Headbutt+1","Anger","Cleave","Fiend Fire","Twin Strike","Pommel Strike+1","J.A.X.","ReplayTheSpireMod:Limb From Limb","Offering","Twin Strike","Cleave","Cleave","expansioncontent:Flail","Sword Boomerang+1","Flex+1","Rupture+1"],"relics":["Black Star","Lizard Tail","Garlic","Replay:Bottled Snecko","Art of War","Shuriken","HornCleat","Pear","Eternal Feather","Replay:Kaleidoscope","Calling Bell","Vajra","White Beast Statue","Shovel","Tiny Chest","Question Card","Orichalcum","Anchor","Sozu","Simple Rune","Mercury Hourglass","Darkstone Periapt","PreservedInsect"],"acts_visited":["Exordium","TheCity","TheBeyond"],"potions_floor_usage":[16,16,16,18,21,22,22,22,25,33,38,41],"damage_taken":[{"damage":5,"enemies":"Cultist","floor":1,"turns":4},{"damage":9,"enemies":"Jaw Worm","floor":3,"turns":3},{"damage":2,"enemies":"Small Slimes","floor":5,"turns":3},{"damage":26,"enemies":"Gremlin Nob","floor":6,"turns":4},{"damage":7,"enemies":"Lagavulin","floor":8,"turns":5},{"damage":11,"enemies":"Gremlin Nob","floor":11,"turns":3},{"damage":5,"enemies":"Red Slaver","floor":13,"turns":3},{"damage":13,"enemies":"Lagavulin","floor":14,"turns":5},{"damage":12,"enemies":"Fading Forest","floor":16,"turns":11},{"damage":0,"enemies":"3 Byrds","floor":18,"turns":3},{"damage":12,"enemies":"Shell Parasite","floor":19,"turns":4},{"damage":5,"enemies":"Cultist and Chosen","floor":21,"turns":4},{"damage":31,"enemies":"Snecko","floor":22,"turns":5},{"damage":58,"enemies":"Slavers","floor":23,"turns":5},{"damage":17,"enemies":"Centurion and Healer","floor":25,"turns":4},{"damage":3,"enemies":"Chosen and Byrds","floor":27,"turns":4},{"damage":24,"enemies":"Collector","floor":33,"turns":6},{"damage":52,"enemies":"3 Shapes","floor":35,"turns":3},{"damage":4,"enemies":"Orb Walker","floor":38,"turns":2},{"damage":9,"enemies":"3 Darklings","floor":39,"turns":2},{"damage":31,"enemies":"R_Hoarder","floor":40,"turns":7},{"damage":5,"enemies":"Spire Growth","floor":41,"turns":1}],"seed_played":"-4244441913796925606","potions_obtained":[{"floor":5,"key":"Ancient Potion"},{"floor":13,"key":"Strength Potion"},{"floor":14,"key":"Fire Potion"},{"floor":16,"key":"Toxic Potion"},{"floor":18,"key":"Toxic Potion"},{"floor":19,"key":"Dexterity Potion"},{"floor":20,"key":"hexamod:EctoCoolerPotion"},{"floor":21,"key":"Dexterity Potion"},{"floor":22,"key":"Ancient Potion"},{"floor":23,"key":"Explosive Potion"},{"floor":25,"key":"sneckomod:MuddlingPotion"},{"floor":27,"key":"Elixir"},{"floor":33,"key":"Slimebound:ThreeZeroPotion"}],"is_trial":false,"path_per_floor":["M","$","M","$","M","E","R","E","T","R","E","?","M","E","R","B",null,"M","M","?","M","M","E","R","M","T","M","?","R","?","$","R","B",null,"M","$","T","M","M","E","M"],"character_chosen":"IRONCLAD","items_purchased":["ReplayTheSpireMod:Muscle Training","Clash","Anchor","ReplayTheSpireMod:Limb From Limb","Cleave","expansioncontent:Flail","Simple Rune"],"campfire_rested":1,"item_purchase_floors":[2,2,31,31,36,36,36],"current_hp_per_floor":[75,75,66,66,64,38,38,31,31,55,54,100,95,82,94,92,100,100,88,88,83,52,50,65,48,48,45,45,60,60,60,78,54,100,48,48,48,44,35,4,0,0],"gold":172,"neow_bonus":"BOSS_RELIC","is_daily":false,"chose_seed":false,"campfire_upgraded":3,"win_rate":0.0,"timestamp":1610063075,"path_taken":["M","?","M","?","?","E","R","E","T","R","E","?","M","E","R","BOSS","M","?","?","?","M","E","R","M","T","?","?","R","?","$","R","BOSS","M","$","?","M","M","E","M"],"items_purchased_type":["Card","Card","Relic","Card","Card","Card","Relic"],"build_version":"2020-12-22","purchased_purges":0,"victory":false,"max_hp_per_floor":[80,80,80,80,80,80,80,80,80,80,90,100,100,100,100,100,100,100,100,100,100,100,100,100,100,100,100,100,100,100,100,100,100,100,100,100,100,100,100,100,100,100],"card_choices":[{"not_picked":["Burning Pact","Shrug It Off"],"picked":"Twin Strike","floor":1},{"not_picked":["Headbutt","Shrug It Off"],"picked":"Anger","floor":3},{"not_picked":["Sentinel","Shockwave"],"picked":"Clash","floor":5},{"not_picked":["Wild Strike","Flame Barrier"],"picked":"Rage","floor":6},{"not_picked":["Wild Strike","Iron Wave"],"picked":"Dropkick","floor":8},{"not_picked":["Juggernaut","Shrug It Off"],"picked":"Demonic Infusion","floor":11},{"not_picked":["Seeing Red","Perfected Strike"],"picked":"Replay:Undeath\u0027s Touch","floor":13},{"not_picked":["Sword Boomerang","Iron Wave"],"picked":"Cleave","floor":14},{"not_picked":["Exhume","Demonic Infusion"],"picked":"Replay:Many Hands","floor":16},{"not_picked":["Flex","Shrug It Off"],"picked":"Cleave","floor":18},{"not_picked":["Run Through","Iron Wave"],"picked":"Headbutt+1","floor":19},{"not_picked":["Headbutt","Twin Strike"],"picked":"Anger","floor":21},{"not_picked":["Armaments","Clothesline"],"picked":"Cleave","floor":22},{"not_picked":["Rampage+1","Body Slam+1"],"picked":"Fiend Fire","floor":23},{"not_picked":["Havoc","Iron Wave+1","Perfected Strike+1"],"picked":"Twin Strike","floor":25},{"not_picked":["Wild Strike","Anger","True Grit+1"],"picked":"Pommel Strike+1","floor":27},{"not_picked":["Eclipse","Replay:Many Hands","Barricade"],"picked":"Offering","floor":33},{"not_picked":["Metallicize","Sever Soul+1","Uppercut+1"],"picked":"Twin Strike","floor":35},{"not_picked":["Pommel Strike+1","Armaments","Dropkick+1"],"picked":"Sword Boomerang+1","floor":38},{"not_picked":["Bloodletting+1","Uppercut+1","Pommel Strike"],"picked":"Flex+1","floor":39},{"not_picked":["Cleave","Shrug It Off","Pommel Strike+1"],"picked":"Rupture+1","floor":40}],"player_experience":244075,"relics_obtained":[{"floor":6,"key":"Lizard Tail"},{"floor":6,"key":"Garlic"},{"floor":8,"key":"Replay:Bottled Snecko"},{"floor":8,"key":"Art of War"},{"floor":9,"key":"Shuriken"},{"floor":11,"key":"HornCleat"},{"floor":11,"key":"Pear"},{"floor":14,"key":"Eternal Feather"},{"floor":14,"key":"Replay:Kaleidoscope"},{"floor":17,"key":"Vajra"},{"floor":17,"key":"White Beast Statue"},{"floor":17,"key":"Shovel"},{"floor":23,"key":"Tiny Chest"},{"floor":23,"key":"Question Card"},{"floor":24,"key":"Orichalcum"},{"floor":37,"key":"Mercury Hourglass"},{"floor":40,"key":"Darkstone Periapt"},{"floor":40,"key":"PreservedInsect"}],"event_choices":[{"cards_removed":["Demonic Infusion"],"damage_healed":36,"gold_gain":0,"player_choice":"Offered Rare","damage_taken":0,"max_hp_gain":10,"max_hp_loss":0,"event_name":"Bonfire Elementals","floor":12,"gold_loss":0},{"damage_healed":0,"gold_gain":0,"player_choice":"Got Potions","damage_taken":0,"max_hp_gain":0,"max_hp_loss":0,"event_name":"Lab","floor":20,"gold_loss":0},{"damage_healed":0,"gold_gain":0,"player_choice":"Ignored","damage_taken":0,"max_hp_gain":0,"max_hp_loss":0,"event_name":"Cursed Tome","floor":28,"gold_loss":0},{"damage_healed":0,"gold_gain":0,"player_choice":"Obtain J.A.X.","damage_taken":0,"max_hp_gain":0,"max_hp_loss":0,"event_name":"Drug Dealer","floor":30,"gold_loss":0,"cards_obtained":["J.A.X."]}],"is_beta":false,"boss_relics":[{"not_picked":["Mark of Pain","Ectoplasm"],"picked":"Calling Bell"},{"not_picked":["Snecko Eye","Kintsugi"],"picked":"Sozu"}],"items_purged_floors":[],"is_endless":false,"potions_floor_spawned":[5,13,14,16,18,19,21,22,23,25,27,33,35,38,39,40],"killed_by":"Spire Growth","ascension_level":2}}