{"host":"cv77zuuuekizn3ic","time":1610009328,"event":{"mods":["AchievementEnabler","BaseMod","Marisa£®ÏF”Í°°ƒß¿Ì…≥£©","Minty Spire (QoL Compilation)","StSLib","Waifu the Spire","everything is the same but u backflip on backflip","slay the spire mod where everything is the same but ironclad has a cowboy hat"],"gold_per_floor":[118,118,137,153,181,181,228,276,276,366,366,366,46,96,96,247,247,303,303,339,339,43,122,122,208,231,284,284,184,276,319,319,473,473,502,502,620,79,25,148,148,1031,1031,1291,1360,1424,641,964,964,996,996,996,145,208,274],"floor_reached":56,"playtime":3556,"items_purged":["Strike_MRS","JA","Injury","MasterSpark"],"score":2487,"play_id":"1ac6d28c-7e8a-4498-b043-24c68e6ee67e","local_time":"20210107164848","is_ascension_mode":true,"campfire_choices":[{"data":"MilkyWay","floor":6.0,"key":"SMITH"},{"data":"MilkyWay","floor":12.0,"key":"SMITH"},{"data":"OrrerysSun","floor":15.0,"key":"SMITH"},{"data":"MillisecondPulsars","floor":24.0,"key":"SMITH"},{"data":"Acceleration","floor":32.0,"key":"SMITH"},{"floor":49,"key":"RECALL"},{"data":"Acceleration","floor":52,"key":"SMITH"}],"circlet_count":0,"master_deck":["AscendersBane","UpSweep","MilkyWay+1","MysteriousBeam","WitchOfGreed","LuminesStrike","Robbery","MilkyWay+1","BinaryStars+1","Acceleration+1","OrrerysSun+1","MillisecondPulsars+1","BigCrunch+1","AlicesGift+1","Acceleration+1","FairyDestructionRay","WitchOfGreed","TreasureHunter","ManaConvection+1","SporeBomb","SuperNova","PulseMagic+1","Deep Breath","Master of Strategy","PowerUp","Acceleration+1","SatelliteIllusion","Purity","Apotheosis","OortCloud"],"relics":["MiniHakkero","Turnip","Dream Catcher","AmplifyWand","WingedGreaves","Toy Ornithopter","Boot","Astrolabe","Gambling Chip","Art of War","Ginger","Bag of Marbles","Juzu Bracelet","Ancient Tea Set","War Paint","Bronze Scales","Du-Vu Doll","Cursed Key","Incense Burner","SimpleLauncher","Question Card","BreadOfAWashokuLover","Anchor","Smiling Mask","Happy Flower","Blue Candle","Bag of Preparation","Chemical X","Pantograph","TheAbacus","Orichalcum","CaptainsWheel","Shuriken","Bottled Tornado"],"acts_visited":["Exordium","TheCity","TheBeyond","TheEnding"],"potions_floor_usage":[40,40,44,44,45,45,46,55,55],"damage_taken":[{"damage":7.0,"enemies":"Jaw Worm","floor":1.0,"turns":3.0},{"damage":1.0,"enemies":"Cultist","floor":3.0,"turns":3.0},{"damage":0.0,"enemies":"Small Slimes","floor":4.0,"turns":3.0},{"damage":8.0,"enemies":"Blue Slaver","floor":5.0,"turns":5.0},{"damage":16.0,"enemies":"Gremlin Nob","floor":7.0,"turns":4.0},{"damage":6.0,"enemies":"3 Louse","floor":8.0,"turns":5.0},{"damage":30.0,"enemies":"Lagavulin","floor":10.0,"turns":7.0},{"damage":0.0,"enemies":"3 Sentries","floor":14.0,"turns":5.0},{"damage":28.0,"enemies":"Hexaghost","floor":16.0,"turns":8.0},{"damage":0.0,"enemies":"Spheric Guardian","floor":18.0,"turns":3.0},{"damage":5.0,"enemies":"2 Thieves","floor":20.0,"turns":3.0},{"damage":0.0,"enemies":"Book of Stabbing","floor":23.0,"turns":5.0},{"damage":22.0,"enemies":"Slavers","floor":25.0,"turns":7.0},{"damage":0.0,"enemies":"Gremlin Leader","floor":27.0,"turns":4.0},{"damage":0.0,"enemies":"Cultist and Chosen","floor":30.0,"turns":3.0},{"damage":9.0,"enemies":"Snake Plant","floor":31.0,"turns":3.0},{"damage":0.0,"enemies":"Champ","floor":33.0,"turns":6.0},{"damage":0.0,"enemies":"Orb Walker","floor":35.0,"turns":1.0},{"damage":0.0,"enemies":"2 Orb Walkers","floor":37.0,"turns":1.0},{"damage":0,"enemies":"Reptomancer","floor":40,"turns":2},{"damage":0,"enemies":"Giant Head","floor":42,"turns":4},{"damage":30,"enemies":"Nemesis","floor":44,"turns":3},{"damage":0,"enemies":"3 Darklings","floor":45,"turns":3},{"damage":0,"enemies":"Reptomancer","floor":46,"turns":2},{"damage":2,"enemies":"Writhing Mass","floor":48,"turns":3},{"damage":15,"enemies":"Donu and Deca","floor":50,"turns":7},{"damage":0,"enemies":"Shield and Spear","floor":54,"turns":3},{"damage":34,"enemies":"The Heart","floor":55,"turns":5}],"seed_played":"-4878903443822201582","potions_obtained":[{"floor":1.0,"key":"Weak Potion"},{"floor":4.0,"key":"StarNLove"},{"floor":5.0,"key":"Fruit Juice"},{"floor":5.0,"key":"SkillPotion"},{"floor":7.0,"key":"FearPotion"},{"floor":8.0,"key":"Ancient Potion"},{"floor":10.0,"key":"SkillPotion"},{"floor":14.0,"key":"Regen Potion"},{"floor":14.0,"key":"BlessingOfTheForge"},{"floor":16.0,"key":"Strength Potion"},{"floor":16.0,"key":"SteroidPotion"},{"floor":20.0,"key":"DistilledChaos"},{"floor":25.0,"key":"GamblersBrew"},{"floor":25.0,"key":"Weak Potion"},{"floor":31.0,"key":"Fire Potion"},{"floor":31.0,"key":"AttackPotion"},{"floor":33.0,"key":"BlessingOfTheForge"},{"floor":33.0,"key":"CultistPotion"},{"floor":40,"key":"Fruit Juice"},{"floor":40,"key":"AttackPotion"},{"floor":44,"key":"DistilledChaos"},{"floor":44,"key":"Dexterity Potion"},{"floor":45,"key":"AttackPotion"},{"floor":45,"key":"AttackPotion"},{"floor":46,"key":"Energy Potion"}],"is_trial":false,"path_per_floor":["M","?","M","M","M","R","E","M","T","E","?","R","$","E","R","B",null,"M","?","M","?","$","E","R","E","T","E","?","$","M","M","R","B",null,"M","?","?","$","$","E","?","E","T","E","M","E","$","M","R","B",null,"R","$","E","B",null],"character_chosen":"MARISA","items_purchased":["Toy Ornithopter","Acceleration","OrrerysSun","Gambling Chip","SimpleLauncher","Question Card","PowerUp","Bag of Preparation","SatelliteIllusion","Purity","Chemical X","Pantograph","TheAbacus","Orichalcum","CaptainsWheel","Apotheosis","OortCloud"],"campfire_rested":0,"item_purchase_floors":[13,13,13,22,38,38,39,47,47,47,47,47,53,53,53,53,53],"current_hp_per_floor":[61,61,60,60,57,57,41,35,35,5,5,5,5,15,15,7,62,62,62,62,62,62,62,62,50,50,50,50,50,50,41,41,51,73,73,63,63,63,63,73,73,74,74,60,71,77,77,76,76,85,95,95,95,95,64],"gold":274,"neow_bonus":"TRANSFORM_CARD","is_daily":false,"chose_seed":false,"campfire_upgraded":6,"win_rate":0.0,"timestamp":1610009328,"path_taken":["M","?","?","M","M","R","E","M","T","E","?","R","$","E","R","BOSS","M","?","M","?","$","E","R","E","T","E","?","?","M","M","R","BOSS","M","?","?","$","?","E","?","E","T","E","M","E","$","M","R","BOSS","R","$","E","BOSS"],"items_purchased_type":["Relic","Card","Card","Relic","Relic","Relic","Card","Relic","Card","Card","Relic","Relic","Relic","Relic","Relic","Card","Card"],"build_version":"2020-12-22","purchased_purges":4,"victory":true,"max_hp_per_floor":[75,75,75,75,80,80,80,80,80,80,80,80,80,80,80,80,80,80,80,80,80,80,80,80,80,80,80,80,80,80,80,80,80,80,80,80,80,80,80,80,80,80,80,85,85,85,85,85,85,98,98,98,98,98,98],"card_choices":[{"not_picked":["PulseMagic","UnstableBomb"],"picked":"MilkyWay","floor":1.0},{"not_picked":["LuminesStrike","GravityBeat"],"picked":"MysteriousBeam","floor":3.0},{"not_picked":["OneTimeOff","JA"],"picked":"WitchOfGreed","floor":4.0},{"not_picked":["GalacticHalo","ShootTheMoon"],"picked":"LuminesStrike","floor":5.0},{"not_picked":["Occultation","NonDirectionalLaser"],"picked":"Robbery","floor":7.0},{"not_picked":["MysteriousBeam","SatelliteIllusion"],"picked":"MilkyWay","floor":8.0},{"not_picked":["MysteriousBeam","GalacticHalo","GravityBeat"],"picked":"SKIP","floor":10.0},{"not_picked":["IllusionStar","DarkSpark","MachineGunSpark"],"picked":"SKIP","floor":14.0},{"not_picked":["IllusionStar","DarkSpark","MachineGunSpark"],"picked":"SKIP","floor":14.0},{"not_picked":["SatelliteIllusion","UltimateShortwave"],"picked":"MillisecondPulsars","floor":16.0},{"not_picked":["GalacticHalo","AsteroidBelt","UnstableBomb"],"picked":"SKIP","floor":18.0},{"not_picked":["ManaConvection+1","IllusionStar"],"picked":"WitchOfGreed","floor":20.0},{"not_picked":["SprinkleStarSeal","MilkyWay"],"picked":"ManaConvection","floor":23.0},{"not_picked":["MilkyWay","OrrerysSun","Singularity"],"picked":"SKIP","floor":25.0},{"not_picked":["WitchOfGreed+1","Occultation"],"picked":"SporeBomb","floor":27.0},{"not_picked":["SuperNova","GalacticHalo","MysteriousBeam"],"picked":"SKIP","floor":30.0},{"not_picked":["GalacticHalo","MysteriousBeam"],"picked":"SuperNova","floor":30.0},{"not_picked":["DC","SporeBomb","DoubleSpark"],"picked":"SKIP","floor":31.0},{"not_picked":["6A","MeteoricShower"],"picked":"PulseMagic+1","floor":35.0},{"not_picked":["Discovery","Enlightenment"],"picked":"Deep Breath","floor":36.0},{"not_picked":["Enlightenment","Jack Of All Trades"],"picked":"Master of Strategy","floor":36.0},{"not_picked":["DeepEcoloBomb","6A","MysteriousBeam","EnergyRecoil"],"picked":"SKIP","floor":40},{"not_picked":["EnergyFlow+1","ChargingUp","6A","OpenUniverse"],"picked":"SKIP","floor":42},{"not_picked":["ChargingUp","RefractionSpark","UnstableBomb","SporeBomb"],"picked":"SKIP","floor":44},{"not_picked":["EventHorizon+1","NonDirectionalLaser+1","ShootingEcho"],"picked":"Acceleration","floor":45},{"not_picked":["FinalSpark","TreasureHunter","UnstableBomb","BlazeAway"],"picked":"SKIP","floor":46},{"not_picked":["LuminesStrike","DeepEcoloBomb","ShootingEcho","UnstableBomb"],"picked":"SKIP","floor":48},{"not_picked":["GrandCross","SprinkleStarSeal","StarBarrage","GasGiant+1"],"picked":"SKIP","floor":54}],"player_experience":765218,"relics_obtained":[{"floor":7.0,"key":"Dream Catcher"},{"floor":9.0,"key":"AmplifyWand"},{"floor":10.0,"key":"WingedGreaves"},{"floor":14.0,"key":"Boot"},{"floor":23.0,"key":"Art of War"},{"floor":23.0,"key":"Ginger"},{"floor":25.0,"key":"Bag of Marbles"},{"floor":25.0,"key":"Juzu Bracelet"},{"floor":26.0,"key":"Ancient Tea Set"},{"floor":27.0,"key":"War Paint"},{"floor":27.0,"key":"Bronze Scales"},{"floor":33.0,"key":"Du-Vu Doll"},{"floor":37.0,"key":"Incense Burner"},{"floor":40,"key":"BreadOfAWashokuLover"},{"floor":42,"key":"Anchor"},{"floor":42,"key":"Smiling Mask"},{"floor":44,"key":"Happy Flower"},{"floor":46,"key":"Blue Candle"},{"floor":54,"key":"Shuriken"},{"floor":54,"key":"Bottled Tornado"}],"event_choices":[{"cards_removed":["DragonMeteor"],"damage_healed":0.0,"max_hp_gain":0.0,"max_hp_loss":0.0,"gold_gain":0.0,"event_name":"WeMeetAgain","player_choice":"Gave Card","floor":2.0,"gold_loss":0.0,"damage_taken":0.0,"relics_obtained":["Turnip"]},{"damage_healed":0.0,"max_hp_gain":0.0,"max_hp_loss":0.0,"gold_gain":0.0,"cards_transformed":["Defend_MRS"],"event_name":"Living Wall","player_choice":"Change","floor":11.0,"gold_loss":0.0,"damage_taken":0.0,"cards_obtained":["BinaryStars"]},{"damage_healed":0.0,"max_hp_gain":0.0,"max_hp_loss":0.0,"gold_gain":0.0,"cards_transformed":["Strike_MRS","Strike_MRS"],"event_name":"Drug Dealer","player_choice":"Became Test Subject","floor":19.0,"gold_loss":0.0,"damage_taken":0.0,"cards_obtained":["FairyDestructionRay","JA"]},{"damage_healed":0.0,"max_hp_gain":0.0,"max_hp_loss":0.0,"gold_gain":0.0,"event_name":"The Library","player_choice":"Read","floor":21.0,"gold_loss":0.0,"damage_taken":0.0,"cards_obtained":["TreasureHunter"]},{"damage_healed":0.0,"max_hp_gain":0.0,"max_hp_loss":0.0,"gold_gain":0.0,"event_name":"Vampires","player_choice":"Ignored","floor":28.0,"gold_loss":0.0,"damage_taken":0.0},{"damage_healed":0.0,"max_hp_gain":0.0,"max_hp_loss":0.0,"gold_gain":0.0,"event_name":"SensoryStone","player_choice":"Memory 3","floor":36.0,"gold_loss":0.0,"damage_taken":10.0},{"damage_healed":0.0,"max_hp_gain":0.0,"max_hp_loss":0.0,"gold_gain":0.0,"event_name":"Mysterious Sphere","player_choice":"Fight","floor":37.0,"gold_loss":0.0,"damage_taken":0.0},{"damage_healed":0,"gold_gain":0,"player_choice":"Ignored","damage_taken":0,"max_hp_gain":0,"max_hp_loss":0,"event_name":"Tomb of Lord Red Mask","floor":41,"gold_loss":0}],"is_beta":false,"boss_relics":[{"not_picked":["SacredBark","Calling Bell"],"picked":"Astrolabe"},{"not_picked":["Velvet Choker","Sozu"],"picked":"Cursed Key"}],"items_purged_floors":[13,29,47,53],"is_endless":false,"potions_floor_spawned":[1,4,5,14,16,20,23,31,40,42,45],"ascension_level":12}}