{"host":"ad59wuc8ynh8u2z6","time":1610032747,"event":{"mods":["AchievementEnabler","BaseMod","Colored Powertips","DeckTracker","Highlight Path","Minty Spire (QoL Compilation)","Permanent Neow"],"gold_per_floor":[118,132,132,144,69,99,99,133,180,180,196,196,196,213,213,213,213],"floor_reached":16,"playtime":13314,"items_purged":["Pain"],"score":121,"play_id":"aac0802a-4a35-4ee7-bfec-cdc26ed92ae0","local_time":"20210107161907","is_ascension_mode":true,"campfire_choices":[{"floor":7,"key":"REST"},{"data":"Footwork","floor":10,"key":"SMITH"},{"data":"Calculated Gamble","floor":13,"key":"SMITH"},{"data":"Neutralize","floor":15,"key":"SMITH"}],"circlet_count":0,"master_deck":["Strike_G","Strike_G","Strike_G","Strike_G","Strike_G","Defend_G","Defend_G","Defend_G","Defend_G","Defend_G","Survivor","Neutralize+1","Calculated Gamble+1","Footwork+1","Backflip"],"relics":["Snecko Eye","WarpedTongs","Matryoshka","Oddly Smooth Stone","Lantern","Strawberry","FossilizedHelix"],"acts_visited":["Exordium"],"potions_floor_usage":[8,14],"damage_taken":[{"damage":6,"enemies":"Jaw Worm","floor":1,"turns":7},{"damage":3,"enemies":"Cultist","floor":2,"turns":4},{"damage":14,"enemies":"Small Slimes","floor":4,"turns":4},{"damage":33,"enemies":"Gremlin Nob","floor":6,"turns":7},{"damage":12,"enemies":"Lagavulin","floor":8,"turns":10},{"damage":1,"enemies":"Red Slaver","floor":11,"turns":4},{"damage":0,"enemies":"Looter","floor":14,"turns":4},{"damage":32,"enemies":"Hexaghost","floor":16,"turns":16}],"seed_played":"-6798754222352232544","potions_obtained":[{"floor":4,"key":"Explosive Potion"},{"floor":6,"key":"ColorlessPotion"},{"floor":8,"key":"Poison Potion"}],"is_trial":false,"path_per_floor":["M","M","?","M","$","E","R","E","T","R","M","?","R","M","R","B"],"character_chosen":"THE_SILENT","items_purchased":[],"campfire_rested":1,"item_purchase_floors":[],"current_hp_per_floor":[64,61,61,47,47,14,35,23,30,30,29,29,29,29,29,0,0],"gold":213,"neow_bonus":"BOSS_RELIC","is_daily":false,"chose_seed":false,"campfire_upgraded":3,"win_rate":0.0,"timestamp":1610032747,"path_taken":["M","M","?","?","$","E","R","E","T","R","M","?","R","M","R","BOSS"],"items_purchased_type":[],"build_version":"2020-12-22","purchased_purges":1,"victory":false,"max_hp_per_floor":[70,70,70,70,70,70,70,70,77,77,77,77,77,77,77,77,77],"card_choices":[{"not_picked":["Blade Dance","Terror"],"picked":"Calculated Gamble","floor":1},{"not_picked":["Dagger Throw","Quick Slash","Deflect"],"picked":"SKIP","floor":2},{"not_picked":["Infinite Blades","Quick Slash","Prepared"],"picked":"SKIP","floor":4},{"not_picked":["Deadly Poison","Heel Hook"],"picked":"Footwork","floor":6},{"not_picked":["Envenom","Caltrops","Blur"],"picked":"SKIP","floor":8},{"not_picked":["Dodge and Roll","Dagger Spray","Quick Slash"],"picked":"SKIP","floor":11},{"not_picked":["Dodge and Roll","Dagger Spray","Quick Slash"],"picked":"SKIP","floor":11},{"not_picked":["Escape Plan","Bane"],"picked":"Backflip","floor":14}],"player_experience":35764,"relics_obtained":[{"floor":6,"key":"Matryoshka"},{"floor":8,"key":"Oddly Smooth Stone"},{"floor":9,"key":"Lantern"},{"floor":9,"key":"Strawberry"}],"event_choices":[{"damage_healed":0,"gold_gain":0,"player_choice":"Rummage","damage_taken":0,"relics_obtained":["WarpedTongs"],"max_hp_gain":0,"max_hp_loss":0,"event_name":"Accursed Blacksmith","floor":3,"gold_loss":0,"cards_obtained":["Pain"]},{"damage_healed":0,"gold_gain":0,"player_choice":"Gave Potion","damage_taken":0,"relics_obtained":["FossilizedHelix"],"max_hp_gain":0,"max_hp_loss":0,"event_name":"WeMeetAgain","floor":12,"gold_loss":0}],"is_beta":false,"boss_relics":[],"items_purged_floors":[5],"is_endless":false,"potions_floor_spawned":[4,6,8],"killed_by":"Hexaghost","ascension_level":2}}