{"host":"ly20tmf9be7b85hl","time":1610034008,"event":{"mods":["BaseMod","Colored Map","Keyboard Shortcuts","Minty Spire (QoL Compilation)","Permanent Neow","Quick Restart","SuperFastMode"],"gold_per_floor":[113,113,113,134,147,178,178,197,197,231,231,254,74,87,87,181,181,197,210,135,135,150,150,170,70,97,121,121,121,121,155,155,251,251,274,108,124,142,203,203,26,26,26,26,0,0,79,121,121,121,121,121],"floor_reached":51,"playtime":1587,"items_purged":["Lockon","Force Field","Cold Snap"],"score":1431,"play_id":"d7a9e30c-294d-4dd2-8d7e-0d7b52d68d42","local_time":"20210108004008","is_ascension_mode":true,"campfire_choices":[{"data":"Zap","floor":7.0,"key":"SMITH"},{"data":"Dualcast","floor":11.0,"key":"SMITH"},{"floor":15.0,"key":"REST"},{"floor":28.0,"key":"REST"},{"data":"Seek","floor":30.0,"key":"SMITH"},{"data":"Hologram","floor":32.0,"key":"SMITH"},{"floor":40.0,"key":"REST"},{"data":"Seek","floor":42.0,"key":"SMITH"},{"data":"Hologram","floor":46.0,"key":"SMITH"},{"floor":49.0,"key":"RECALL"}],"circlet_count":0,"master_deck":["AscendersBane","Zap+1","Dualcast+1","Genetic Algorithm","Seek+1","Scrape","Beam Cell","Rebound","Chill","Gash","All For One","Go for the Eyes","Coolheaded","Rebound","Redo","Seek+1","Hologram+1","Gash","All For One","Coolheaded+1","Turbo","Steam","Coolheaded+1"],"relics":["Cracked Core","Golden Idol","Kunai","Bottled Lightning","Singing Bowl","Pandora\u0027s Box","Pear","Philosopher\u0027s Stone","Bag of Preparation","WingedGreaves","Pantograph","InkBottle","CeramicFish"],"acts_visited":["Exordium","TheCity","TheBeyond"],"potions_floor_usage":[],"damage_taken":[{"damage":6.0,"enemies":"Cultist","floor":1.0,"turns":5.0},{"damage":4.0,"enemies":"Small Slimes","floor":4.0,"turns":4.0},{"damage":14.0,"enemies":"Jaw Worm","floor":5.0,"turns":4.0},{"damage":17.0,"enemies":"Gremlin Nob","floor":6.0,"turns":3.0},{"damage":6.0,"enemies":"Looter","floor":8.0,"turns":3.0},{"damage":16.0,"enemies":"3 Sentries","floor":10.0,"turns":7.0},{"damage":0.0,"enemies":"Exordium Thugs","floor":12.0,"turns":3.0},{"damage":0.0,"enemies":"Lots of Slimes","floor":14.0,"turns":4.0},{"damage":16.0,"enemies":"The Guardian","floor":16.0,"turns":7.0},{"damage":2.0,"enemies":"Chosen","floor":18.0,"turns":3.0},{"damage":8.0,"enemies":"3 Byrds","floor":19.0,"turns":4.0},{"damage":11.0,"enemies":"Snake Plant","floor":22.0,"turns":3.0},{"damage":20.0,"enemies":"Shelled Parasite and Fungi","floor":24.0,"turns":5.0},{"damage":3.0,"enemies":"Cultist and Chosen","floor":27.0,"turns":5.0},{"damage":32.0,"enemies":"Gremlin Leader","floor":31.0,"turns":7.0},{"damage":28.0,"enemies":"Champ","floor":33.0,"turns":8.0},{"damage":35.0,"enemies":"3 Darklings","floor":35.0,"turns":5.0},{"damage":0.0,"enemies":"Orb Walker","floor":37.0,"turns":2.0},{"damage":26.0,"enemies":"3 Darklings","floor":38.0,"turns":5.0},{"damage":0.0,"enemies":"2 Orb Walkers","floor":39.0,"turns":3.0},{"damage":0.0,"enemies":"Nemesis","floor":48.0,"turns":5.0},{"damage":57.0,"enemies":"Awakened One","floor":50.0,"turns":11.0},{"damage":56,"enemies":"Time Eater","floor":51,"turns":6}],"seed_played":"-2280487626640506865","potions_obtained":[{"floor":1.0,"key":"FearPotion"},{"floor":4.0,"key":"FocusPotion"},{"floor":10.0,"key":"SpeedPotion"},{"floor":12.0,"key":"Strength Potion"},{"floor":18.0,"key":"Ancient Potion"},{"floor":19.0,"key":"PowerPotion"},{"floor":24.0,"key":"SteroidPotion"},{"floor":35.0,"key":"EssenceOfDarkness"},{"floor":39.0,"key":"Regen Potion"},{"floor":48.0,"key":"Dexterity Potion"}],"is_trial":false,"path_per_floor":["M","?","?","M","M","E","R","M","T","E","R","M","$","M","R","B",null,"M","M","$","?","M","?","M","$","T","M","R","?","R","E","R","B",null,"M","$","M","M","?","R","$","R","T","?","$","R","T","E","R","B","B"],"character_chosen":"DEFECT","items_purchased":["All For One","Bag of Preparation","Turbo","Steam"],"campfire_rested":3,"item_purchase_floors":[13,36,41,45],"current_hp_per_floor":[58,36,64,60,46,29,29,23,23,7,7,7,7,7,26,10,51,49,41,41,41,30,30,10,10,10,9,28,76,76,56,56,28,73,38,38,40,16,18,46,46,46,46,46,46,46,46,46,46,28,0,0],"gold":121,"neow_bonus":"TRANSFORM_TWO_CARDS","is_daily":false,"chose_seed":false,"campfire_upgraded":6,"win_rate":0.0,"timestamp":1610034008,"path_taken":["M","?","?","M","?","E","R","M","T","E","R","M","$","M","R","BOSS","M","M","$","?","M","?","?","$","T","M","R","?","R","E","R","BOSS","M","?","M","M","?","R","$","R","T","?","$","R","?","E","R","BOSS","BOSS"],"items_purchased_type":["Card","Relic","Card","Card"],"build_version":"2020-12-22","purchased_purges":3,"victory":false,"max_hp_per_floor":[64,64,64,64,64,64,64,64,64,64,64,64,64,64,64,64,64,64,64,64,64,64,64,64,64,64,66,66,76,76,88,88,88,88,88,88,90,92,94,94,94,94,94,94,94,94,94,94,94,94,94,94],"card_choices":[{"not_picked":["Reprogram","Static Discharge"],"picked":"Scrape","floor":1.0},{"not_picked":["Steam","Leap"],"picked":"Beam Cell","floor":4.0},{"not_picked":["Static Discharge","Steam"],"picked":"Rebound","floor":5.0},{"not_picked":["Electrodynamics","Sweeping Beam","Static Discharge"],"picked":"SKIP","floor":6.0},{"not_picked":["Static Discharge","Redo","Streamline"],"picked":"SKIP","floor":8.0},{"not_picked":["Steam","Storm"],"picked":"Chill","floor":10.0},{"not_picked":["Redo","Ball Lightning"],"picked":"Gash","floor":12.0},{"not_picked":["Steam","Beam Cell"],"picked":"Go for the Eyes","floor":14.0},{"not_picked":["Buffer","Amplify"],"picked":"All For One","floor":16.0},{"not_picked":["Stack+1","Go for the Eyes"],"picked":"Hologram","floor":18.0},{"not_picked":["Auto Shields","Stack"],"picked":"Redo","floor":19.0},{"not_picked":["Sweeping Beam","Melter+1"],"picked":"Hologram","floor":22.0},{"not_picked":["Lockon","Reinforced Body"],"picked":"Gash","floor":24.0},{"not_picked":["Barrage","Hologram","Tempest"],"picked":"Singing Bowl","floor":27.0},{"not_picked":["Barrage","Loop","Doom and Gloom"],"picked":"Singing Bowl","floor":31.0},{"not_picked":["Reboot","Core Surge"],"picked":"All For One","floor":33.0},{"not_picked":["Sweeping Beam","Barrage"],"picked":"Coolheaded+1","floor":35.0},{"not_picked":["Doom and Gloom","Leap","Barrage"],"picked":"Singing Bowl","floor":37.0},{"not_picked":["Redo","Barrage","Coolheaded+1"],"picked":"Singing Bowl","floor":38.0},{"not_picked":["Consume","Chaos","Doom and Gloom"],"picked":"Singing Bowl","floor":39.0},{"not_picked":["Recycle+1","Static Discharge"],"picked":"Coolheaded+1","floor":48.0}],"player_experience":847515,"relics_obtained":[{"floor":6.0,"key":"Kunai"},{"floor":9.0,"key":"Bottled Lightning"},{"floor":10.0,"key":"Singing Bowl"},{"floor":31.0,"key":"Pear"},{"floor":39.0,"key":"WingedGreaves"},{"floor":43.0,"key":"Pantograph"},{"floor":47.0,"key":"InkBottle"},{"floor":48.0,"key":"CeramicFish"}],"event_choices":[{"damage_healed":0.0,"max_hp_gain":0.0,"max_hp_loss":0.0,"gold_gain":0.0,"event_name":"Golden Idol","player_choice":"Take Damage","floor":2.0,"gold_loss":0.0,"damage_taken":22.0,"relics_obtained":["Golden Idol"]},{"damage_healed":28.0,"max_hp_gain":0.0,"max_hp_loss":0.0,"gold_gain":0.0,"event_name":"Wheel of Change","player_choice":"Full Heal","floor":3.0,"gold_loss":0.0,"damage_taken":0.0},{"damage_healed":0.0,"max_hp_gain":0.0,"max_hp_loss":0.0,"gold_gain":0.0,"cards_transformed":["Doom and Gloom","Sunder"],"event_name":"Drug Dealer","player_choice":"Became Test Subject","floor":21.0,"gold_loss":0.0,"damage_taken":0.0,"cards_obtained":["Force Field","Seek"]},{"damage_healed":0.0,"max_hp_gain":0.0,"max_hp_loss":0.0,"gold_gain":0.0,"event_name":"Match and Keep!","player_choice":"0 cards matched","floor":23.0,"gold_loss":0.0,"damage_taken":0.0,"cards_obtained":[]},{"cards_removed":["All For One"],"damage_healed":38.0,"max_hp_gain":10.0,"max_hp_loss":0.0,"gold_gain":0.0,"event_name":"Bonfire Elementals","player_choice":"Offered Rare","floor":29.0,"gold_loss":0.0,"damage_taken":0.0},{"damage_healed":0.0,"max_hp_gain":0.0,"max_hp_loss":0.0,"gold_gain":0.0,"event_name":"Mysterious Sphere","player_choice":"Fight","floor":39.0,"gold_loss":0.0,"damage_taken":0.0},{"cards_removed":["Hologram"],"damage_healed":0.0,"max_hp_gain":0.0,"max_hp_loss":0.0,"gold_gain":0.0,"event_name":"Falling","player_choice":"Removed Skill","floor":44.0,"gold_loss":0.0,"damage_taken":0.0}],"is_beta":false,"boss_relics":[{"not_picked":["Inserter","Coffee Dripper"],"picked":"Pandora\u0027s Box"},{"not_picked":["Empty Cage","Astrolabe"],"picked":"Philosopher\u0027s Stone"}],"items_purged_floors":[20,25,41],"is_endless":false,"potions_floor_spawned":[1,4,10,12,18,19,24,35,37,39,48],"killed_by":"Time Eater","ascension_level":20}}