{"host":"o5or1zybx7au40zl","time":1610052219,"event":{"mods":["Act Like it!","BaseMod","Better Third Choice","Conspire","Dota2Spire","Hubris","Minty Spire (QoL Compilation)","Replay The Spire","StSLib"],"gold_per_floor":[109,127,141,153,170,170,198,198,223,223,238,254,254,269,269,373,373,373,373,5,0,0,0,0,0,0,0,0,0,0,0,0,0,0,0,0,0],"floor_reached":36,"playtime":1069,"items_purged":[],"score":392,"play_id":"4bbf002b-6147-49c2-ba57-d99e449589fd","local_time":"20210107214339","is_ascension_mode":false,"campfire_choices":[{"floor":6,"key":"REST"},{"floor":8,"key":"RECALL"},{"floor":15,"key":"DIG"},{"floor":23,"key":"REST"},{"floor":27,"key":"REST"},{"floor":32,"key":"REST"}],"circlet_count":0,"master_deck":["Strike_B","Strike_B","Strike_B","Defend_B","Defend_B","Defend_B","Defend_B","Zap","Dualcast","Apotheosis","Glacier","White Noise","BasicCrystalCard","Blizzard","Defragment","hubris:Prefetch","Machine Learning","hubris:PowerSurge","Defragment","Ball Lightning","conspire:SharedLibrary+1","White Noise","Lockon","Ball Lightning+1","Thunder Strike","ReplayTheSpireMod:Calculation Training+1"],"relics":["Cracked Core","Dota2Spire:MagicBottle","Dota2Spire:DrumOfEndurance","Ectoplasm","GremlinMask","PreservedInsect","HandDrill","Mirror","Mummified Hand","conspire:SpecialSausage"],"acts_visited":["Exordium","TheCity","TheBeyond"],"potions_floor_usage":[16,24,24,25,33,35],"damage_taken":[{"damage":0,"enemies":"Cultist","floor":1,"turns":3},{"damage":0,"enemies":"Jaw Worm","floor":2,"turns":4},{"damage":0,"enemies":"2 Louse","floor":3,"turns":2},{"damage":18,"enemies":"Lots of Slimes","floor":4,"turns":6},{"damage":7,"enemies":"Looter","floor":5,"turns":3},{"damage":7,"enemies":"Replay:BlueRogue","floor":7,"turns":5},{"damage":8,"enemies":"Blue Slaver","floor":11,"turns":3},{"damage":1,"enemies":"conspire:2 RoseBushes","floor":12,"turns":6},{"damage":2,"enemies":"Large Slime","floor":14,"turns":4},{"damage":4,"enemies":"Hexaghost","floor":16,"turns":11},{"damage":6,"enemies":"Spheric Guardian","floor":18,"turns":6},{"damage":31,"enemies":"2 Thieves","floor":21,"turns":5},{"damage":0,"enemies":"Snake Plant","floor":22,"turns":6},{"damage":43,"enemies":"Slavers","floor":24,"turns":4},{"damage":19,"enemies":"Sentry and Sphere","floor":25,"turns":5},{"damage":7,"enemies":"Chosen and Byrds","floor":28,"turns":6},{"damage":4,"enemies":"Centurion and Healer","floor":30,"turns":7},{"damage":2,"enemies":"Cultist and Chosen","floor":31,"turns":5},{"damage":14,"enemies":"conspire:MysteriousRune","floor":33,"turns":9},{"damage":53,"enemies":"3 Darklings","floor":35,"turns":5},{"damage":28,"enemies":"Orb Walker","floor":36,"turns":3}],"seed_played":"-4371273921116244741","potions_obtained":[{"floor":2,"key":"Weak Potion"},{"floor":4,"key":"BlessingOfTheForge"},{"floor":5,"key":"Dota2Spire:Clarity"},{"floor":22,"key":"Reflective Coating"},{"floor":28,"key":"Dexterity Potion"},{"floor":30,"key":"Adrenaline Potion"},{"floor":35,"key":"BlessingOfTheForge"}],"is_trial":false,"path_per_floor":["M","M","M","M","M","R","E","R","T","?","M","M","?","M","R","B",null,"M","?","$","M","M","R","E","M","T","R","M","?","M","M","R","B",null,"M","M"],"character_chosen":"DEFECT","items_purchased":["Defragment","PreservedInsect","HandDrill"],"campfire_rested":4,"item_purchase_floors":[20,20,20],"current_hp_per_floor":[54,54,54,36,29,51,44,44,44,75,67,66,66,64,64,60,75,69,69,69,38,38,60,17,7,7,29,22,22,18,16,38,42,75,22,0,0],"gold":0,"neow_bonus":"RANDOM_COLORLESS_2","is_daily":false,"chose_seed":false,"campfire_upgraded":0,"win_rate":0.0,"timestamp":1610052219,"path_taken":["M","M","M","M","?","R","E","R","T","?","M","?","?","?","R","BOSS","M","?","$","M","M","R","E","?","T","R","M","?","M","M","R","BOSS","M","M"],"items_purchased_type":["Card","Relic","Relic"],"build_version":"2020-12-22","purchased_purges":0,"victory":false,"max_hp_per_floor":[75,75,75,75,75,75,75,75,75,75,75,75,75,75,75,75,75,75,75,75,75,75,75,75,75,75,75,75,75,75,75,75,75,75,75,75,75],"card_choices":[{"not_picked":["Transmutation","Secret Technique"],"picked":"Apotheosis","floor":0},{"not_picked":["Cold Snap","Hologram"],"picked":"Glacier","floor":1},{"not_picked":["Skim","Rip and Tear"],"picked":"Chill","floor":2},{"not_picked":["ReplaySort","Sweeping Beam"],"picked":"White Noise","floor":3},{"not_picked":["Go for the Eyes","Streamline"],"picked":"BasicCrystalCard","floor":4},{"not_picked":["Go for the Eyes","Coolheaded","Turbo"],"picked":"SKIP","floor":5},{"not_picked":["Steam Power","Leap","Skim"],"picked":"SKIP","floor":7},{"not_picked":["Streamline","Undo"],"picked":"Blizzard","floor":11},{"not_picked":["Gash","BasicCrystalCard"],"picked":"Defragment","floor":12},{"not_picked":["Barrage","Hologram"],"picked":"hubris:Prefetch","floor":14},{"not_picked":["Meteor Strike","Hyperbeam"],"picked":"Machine Learning","floor":16},{"not_picked":["ReplaySort","Rip and Tear"],"picked":"hubris:PowerSurge","floor":18},{"not_picked":["Stack","Barrage","Beam Cell+1"],"picked":"SKIP","floor":21},{"not_picked":["Reprogram+1","Skim"],"picked":"Ball Lightning","floor":22},{"not_picked":["Steam","Seek"],"picked":"conspire:SharedLibrary+1","floor":24},{"not_picked":["Beam Cell","FTL"],"picked":"White Noise","floor":25},{"not_picked":["Gash","Streamline+1","conspire:Rain"],"picked":"SKIP","floor":28},{"not_picked":["Compile Driver","Beam Cell"],"picked":"Lockon","floor":30},{"not_picked":["Panic Button","Sunder"],"picked":"Ball Lightning+1","floor":31},{"not_picked":["Biased Cognition","Reboot"],"picked":"Thunder Strike","floor":33},{"not_picked":["ReplayTheSpireMod:Repulse+1","Go for the Eyes+1"],"picked":"ReplayTheSpireMod:Calculation Training+1","floor":35}],"player_experience":926100,"relics_obtained":[{"floor":7,"key":"Dota2Spire:MagicBottle"},{"floor":15,"key":"Dota2Spire:DrumOfEndurance"},{"floor":24,"key":"Mirror"},{"floor":26,"key":"Mummified Hand"}],"event_choices":[{"cards_removed":["Chill"],"damage_healed":31,"gold_gain":0,"player_choice":"Offered Uncommon","damage_taken":0,"max_hp_gain":0,"max_hp_loss":0,"event_name":"Bonfire Elementals","floor":10,"gold_loss":0},{"cards_removed":["Strike_B"],"damage_healed":0,"gold_gain":0,"player_choice":"Card Removal","damage_taken":0,"max_hp_gain":0,"max_hp_loss":0,"event_name":"Wheel of Change","floor":13,"gold_loss":0},{"damage_healed":0,"gold_gain":0,"player_choice":"Trade","damage_taken":0,"relics_obtained":["GremlinMask"],"max_hp_gain":0,"max_hp_loss":0,"event_name":"FaceTrader","floor":19,"gold_loss":0},{"damage_healed":0,"gold_gain":0,"player_choice":"Ignored","damage_taken":0,"max_hp_gain":0,"max_hp_loss":0,"event_name":"Vampires","floor":29,"gold_loss":0}],"is_beta":false,"boss_relics":[{"not_picked":["hubris:GrandSneckoEye","Busted Crown"],"picked":"Ectoplasm"},{"not_picked":["Replay:Grab Bag","ChewingGum"],"picked":"conspire:SpecialSausage"}],"items_purged_floors":[],"is_endless":false,"potions_floor_spawned":[2,4,5,12,14,22,28,30,35],"killed_by":"Orb Walker","ascension_level":0}}