{"host":"0yig8d1fjk7bod2i","time":1610038573,"event":{"mods":["ATMod(阿瑾Mod)","Act Like it!","BaseMod","CapriCore","Decade(王小明)","Gensokyo","GifTheSpireLib","Lobotomy","LobotomyExtend","Minty Spire (QoL Compilation)","MostiFishMod","Replay The Spire","RumiaBox-露米娅的神秘盒子","StSLib","The Administrix","The Alterego","The Animator","The Immortal","UnlockEverythingMod","Yakumo Yukari mod","[IsaacMod]以撒尖塔","【功能Mod】混沌之环修复补丁","【功能Mod】聪明的最终Boss","【遗物卡牌】REMEMod","篝火指南"],"gold_per_floor":[420,452,557,567,251,221,221],"floor_reached":6,"playtime":863,"items_purged":["alterego_mod:Strike"],"score":94,"play_id":"4d287065-d325-425a-ae75-0b6c3c8d0489","local_time":"20210108005613","is_ascension_mode":false,"campfire_choices":[],"circlet_count":0,"master_deck":["alterego_mod:Strike","alterego_mod:Strike","alterego_mod:Strike","alterego_mod:Defend","alterego_mod:Defend","alterego_mod:Defend","alterego_mod:Defend","alterego_mod:Impale","alterego_mod:BigMeatyClaws","alterego_mod:BrynhildrsRune","Bomb","AT_FamilyPortrait","Swift Strike","BigBird","alterego_mod:BiFurious","QueenOfHatred","alterego_mod:Antipathy","alterego_mod:Bounce","alterego_mod:InsideBaseball","alterego_mod:Tantrum","BigBadWolf","alterego_mod:Crossover"],"relics":["alterego_mod:MasochisticConstitution","HushsDoor","AT_ATBox","REME_ComplimentaryCards","DaveBox","Nloth\u0027s Gift","HowToJump","CogitoBucket","SynthV:TestCard","Baka","LetterFromLob","Orichalcum","MagicDraw2"],"acts_visited":["Gensokyo:Gensokyo"],"potions_floor_usage":[],"damage_taken":[{"damage":10,"enemies":"Gensokyo:2_Kodama","floor":1,"turns":5},{"damage":43,"enemies":"Gensokyo:Cirno","floor":2,"turns":7},{"damage":6,"enemies":"Gensokyo:3_Fairies","floor":4,"turns":4}],"seed_played":"6794733525054652277","potions_obtained":[{"floor":2,"key":"Explosive Potion"}],"is_trial":false,"path_per_floor":["M","?","?","M","$","E"],"character_chosen":"The_Alterego","items_purchased":["MagicDraw2"],"campfire_rested":0,"item_purchase_floors":[5],"current_hp_per_floor":[122,79,22,16,16,0,0],"gold":221,"neow_bonus":"","is_daily":false,"chose_seed":false,"campfire_upgraded":0,"win_rate":0.0,"timestamp":1610038573,"path_taken":["M","?","?","M","$","E"],"items_purchased_type":["Relic"],"build_version":"2020-12-22","purchased_purges":1,"victory":false,"max_hp_per_floor":[142,143,143,144,144,142,142],"card_choices":[{"not_picked":[],"picked":"Bomb","floor":0},{"not_picked":["UniverseFragment","BeautyBeast","SpiderBud"],"picked":"Singing Bowl","floor":1},{"not_picked":["PunishingBird","FieryBird"],"picked":"BigBird","floor":1},{"not_picked":["alterego_mod:Lingerie","alterego_mod:Mirror"],"picked":"alterego_mod:BiFurious","floor":1},{"not_picked":["OldLady","Scarecrow"],"picked":"QueenOfHatred","floor":2},{"not_picked":["alterego_mod:Support","alterego_mod:PurpleHair","alterego_mod:Pet","alterego_mod:DestructionOfProperty"],"picked":"alterego_mod:Antipathy","floor":2},{"not_picked":["alterego_mod:Complex","alterego_mod:Birthday","alterego_mod:Jiggle","alterego_mod:Cycle"],"picked":"alterego_mod:Bounce","floor":3},{"not_picked":["alterego_mod:Jiggle","alterego_mod:Lingerie","alterego_mod:BiFurious","alterego_mod:Cycle"],"picked":"alterego_mod:InsideBaseball","floor":3},{"not_picked":["alterego_mod:BreastValley","alterego_mod:MagicResistance","alterego_mod:Bounce","alterego_mod:IndependentAction"],"picked":"alterego_mod:Tantrum","floor":3},{"not_picked":["QueenBee","MeatLantern"],"picked":"BigBadWolf","floor":4},{"not_picked":["alterego_mod:IndependentAction","alterego_mod:Birthday","alterego_mod:DestructionOfProperty","alterego_mod:PerceptionDisorder"],"picked":"alterego_mod:Crossover","floor":4}],"player_experience":167881,"relics_obtained":[{"floor":1,"key":"SynthV:TestCard"},{"floor":1,"key":"Baka"},{"floor":1,"key":"LetterFromLob"},{"floor":2,"key":"Orichalcum"}],"event_choices":[],"is_beta":false,"boss_relics":[],"items_purged_floors":[5],"is_endless":false,"potions_floor_spawned":[2],"killed_by":"Gensokyo:Aya","ascension_level":0}}