{"host":"ig7tc0uedzltt2sr","time":1610054098,"event":{"mods":["BaseMod","Better Twitch Integration","Block Reminder","Colored Map","Colored Powertips","Communication Mod","Current Relic Mod","GifTheSpireLib","HexUI Lib","Minty Spire (QoL Compilation)","Quick Restart","Random Character Button","Rare Cards Sparkle","Relic Sorter","Relic Stats","Slay the Relics Exporter","StSLib","SuperFastMode","Synergy Search","Twitch Decklist","Twitch Utils","everything is the same but u backflip on backflip","slay the spire mod where everything is the same but ironclad has a cowboy hat"],"gold_per_floor":[112,112,137,137,155,198,198,234,288,288,312,325,348,348,348],"floor_reached":14,"playtime":113,"items_purged":[],"score":100,"play_id":"00299e52-6b33-4c01-a9f5-6991a4053738","local_time":"20210107131458","is_ascension_mode":false,"campfire_choices":[{"floor":7,"key":"RECALL"},{"data":"Strike_R","floor":10,"key":"SMITH"}],"circlet_count":0,"master_deck":["Strike_R+1","Strike_R","Strike_R","Strike_R","Strike_R","Defend_R","Defend_R","Defend_R","Defend_R","Bash","Anger","Injury","Battle Trance","Wild Strike","Bloodletting","Body Slam","Warcry","Twin Strike"],"relics":["Burning Blood","NeowsBlessing","Golden Idol","Question Card","Akabeko","Dream Catcher"],"acts_visited":["Exordium"],"potions_floor_usage":[],"damage_taken":[{"damage":0,"enemies":"Jaw Worm","floor":1,"turns":1},{"damage":0,"enemies":"2 Louse","floor":3,"turns":2},{"damage":0,"enemies":"Cultist","floor":5,"turns":1},{"damage":41,"enemies":"3 Sentries","floor":6,"turns":11},{"damage":21,"enemies":"Gremlin Nob","floor":8,"turns":4},{"damage":0,"enemies":"Lots of Slimes","floor":11,"turns":1},{"damage":16,"enemies":"2 Fungi Beasts","floor":12,"turns":4},{"damage":41,"enemies":"Lagavulin","floor":14,"turns":5}],"seed_played":"4412194943946253359","potions_obtained":[{"floor":6,"key":"PowerPotion"},{"floor":8,"key":"AttackPotion"},{"floor":11,"key":"Regen Potion"}],"is_trial":false,"path_per_floor":["M","?","M","$","M","E","R","E","T","R","M","M","T","E"],"character_chosen":"IRONCLAD","items_purchased":[],"campfire_rested":0,"item_purchase_floors":[],"current_hp_per_floor":[80,80,80,80,80,45,45,30,30,30,36,35,35,0,0],"gold":348,"neow_bonus":"THREE_ENEMY_KILL","is_daily":false,"chose_seed":false,"campfire_upgraded":1,"win_rate":0.0,"timestamp":1610054098,"path_taken":["M","?","M","$","M","E","R","E","T","R","M","M","?","E"],"items_purchased_type":[],"build_version":"2020-12-22","purchased_purges":0,"victory":false,"max_hp_per_floor":[80,80,80,80,80,80,80,80,80,80,80,80,80,80,80],"relic_stats":{"Dream Catcher":0,"counters":[8,29],"Golden Idol":33,"Question Card":3,"obtain_stats":[{"Dream Catcher":13,"NeowsBlessing":0,"Golden Idol":2,"Question Card":6,"Burning Blood":0,"Akabeko":8},{"Dream Catcher":7,"NeowsBlessing":0,"Golden Idol":1,"Question Card":4,"Burning Blood":0,"Akabeko":5},{"Dream Catcher":24,"NeowsBlessing":0,"Golden Idol":1,"Question Card":15,"Burning Blood":0,"Akabeko":19}],"Burning Blood":24},"card_choices":[{"not_picked":["Thunderclap","Clothesline"],"picked":"Anger","floor":1},{"not_picked":["Sever Soul","Inflame"],"picked":"Battle Trance","floor":3},{"not_picked":["Clothesline","Havoc"],"picked":"Wild Strike","floor":5},{"not_picked":["Flex","True Grit"],"picked":"Bloodletting","floor":6},{"not_picked":["Thunderclap","Sword Boomerang","Warcry"],"picked":"Body Slam","floor":8},{"not_picked":["Carnage","Limit Break","Infernal Blade"],"picked":"Warcry","floor":11},{"not_picked":["Body Slam","Perfected Strike","Burning Pact"],"picked":"Twin Strike","floor":12}],"player_experience":1454464,"relics_obtained":[{"floor":6,"key":"Question Card"},{"floor":8,"key":"Akabeko"},{"floor":13,"key":"Dream Catcher"}],"event_choices":[{"damage_healed":0,"gold_gain":0,"player_choice":"Take Wound","damage_taken":0,"relics_obtained":["Golden Idol"],"max_hp_gain":0,"max_hp_loss":0,"event_name":"Golden Idol","floor":2,"gold_loss":0,"cards_obtained":["Injury"]}],"is_beta":false,"boss_relics":[],"items_purged_floors":[],"is_endless":false,"potions_floor_spawned":[6,8,11],"killed_by":"Lagavulin","ascension_level":0}}