{"host":"hve1dyh1ly81yl9f","time":1610039887,"event":{"mods":["BaseMod","Colored Map","DeckTracker","Highlight Path","Keyboard Shortcuts","Minty Spire (QoL Compilation)","Permanent Neow","Quick Restart","StSLib","SuperFastMode"],"gold_per_floor":[361,374,394,114,114,140,140,175,175,185,195,195,37,57,57,159,159,172,92,105,105,105],"floor_reached":21,"playtime":427,"items_purged":["Defend_R","Defend_R"],"score":264,"play_id":"c2f3047a-8bc4-4a06-8d70-6ef83355a040","local_time":"20210108021807","is_ascension_mode":true,"campfire_choices":[{"floor":7.0,"key":"REST"},{"floor":15.0,"key":"REST"}],"circlet_count":0,"master_deck":["Strike_R","Strike_R","Strike_R","Strike_R","Strike_R","Defend_R","Defend_R","Bash","Perfected Strike+1","Wild Strike","Perfected Strike","Offering","Headbutt","Pommel Strike","Perfected Strike"],"relics":["Burning Blood","Pen Nib","Pear","Bird Faced Urn","The Courier","Unceasing Top","Strawberry","Runic Pyramid"],"acts_visited":["Exordium","TheCity"],"potions_floor_usage":[],"damage_taken":[{"damage":12.0,"enemies":"Jaw Worm","floor":1.0,"turns":2.0},{"damage":3.0,"enemies":"2 Louse","floor":2.0,"turns":2.0},{"damage":0.0,"enemies":"Small Slimes","floor":3.0,"turns":3.0},{"damage":32.0,"enemies":"Gremlin Nob","floor":6.0,"turns":4.0},{"damage":25.0,"enemies":"3 Sentries","floor":8.0,"turns":5.0},{"damage":33.0,"enemies":"Gremlin Gang","floor":10.0,"turns":3.0},{"damage":11.0,"enemies":"Large Slime","floor":11.0,"turns":3.0},{"damage":6.0,"enemies":"Exordium Wildlife","floor":14.0,"turns":2.0},{"damage":18.0,"enemies":"Slime Boss","floor":16.0,"turns":4.0},{"damage":24.0,"enemies":"Shell Parasite","floor":18.0,"turns":3.0},{"damage":48.0,"enemies":"3 Byrds","floor":20.0,"turns":4.0},{"damage":24,"enemies":"Snake Plant","floor":21,"turns":1}],"seed_played":"7871265461223899832","potions_obtained":[{"floor":2.0,"key":"EssenceOfSteel"},{"floor":6.0,"key":"PowerPotion"},{"floor":10.0,"key":"SkillPotion"},{"floor":18.0,"key":"SteroidPotion"}],"is_trial":false,"path_per_floor":["M","M","M","$","?","E","R","E","T","M","M","?","$","M","R","B",null,"M","$","M","M"],"character_chosen":"IRONCLAD","items_purchased":["Perfected Strike","Pen Nib","Pommel Strike","Strawberry"],"campfire_rested":2,"item_purchase_floors":[4,4,13,13],"current_hp_per_floor":[50,53,59,59,59,43,70,51,51,24,19,1,8,8,37,27,80,62,62,20,0,0],"gold":105,"neow_bonus":"TWO_FIFTY_GOLD","is_daily":false,"chose_seed":false,"campfire_upgraded":0,"win_rate":0.0,"timestamp":1610039887,"path_taken":["M","M","M","$","?","E","R","E","T","M","M","?","?","M","R","BOSS","M","$","M","M"],"items_purchased_type":["Card","Relic","Card","Relic"],"build_version":"2020-12-22","purchased_purges":2,"victory":false,"max_hp_per_floor":[80,80,80,80,80,90,90,90,90,90,90,90,97,97,97,97,97,97,97,97,97,97],"card_choices":[{"not_picked":["Warcry","Flex"],"picked":"Perfected Strike","floor":1.0},{"not_picked":["Headbutt","Heavy Blade"],"picked":"Wild Strike","floor":2.0},{"not_picked":["Iron Wave","Armaments","Flame Barrier"],"picked":"SKIP","floor":3.0},{"not_picked":["Fire Breathing","Pummel","Armaments"],"picked":"SKIP","floor":6.0},{"not_picked":["Combust","Thunderclap"],"picked":"Offering","floor":8.0},{"not_picked":["Havoc","Iron Wave","Flex"],"picked":"SKIP","floor":10.0},{"not_picked":["Sentinel","Warcry"],"picked":"Headbutt","floor":11.0},{"not_picked":["True Grit","Wild Strike"],"picked":"Perfected Strike","floor":14.0},{"not_picked":["Ghostly Armor+1","Whirlwind+1","Reckless Charge+1"],"picked":"SKIP","floor":18.0},{"not_picked":["Anger+1","Whirlwind","Headbutt"],"picked":"SKIP","floor":20.0}],"player_experience":294463,"relics_obtained":[{"floor":6.0,"key":"Pear"},{"floor":8.0,"key":"Bird Faced Urn"},{"floor":9.0,"key":"The Courier"}],"event_choices":[{"damage_healed":0.0,"max_hp_gain":0.0,"max_hp_loss":0.0,"gold_gain":0.0,"event_name":"Living Wall","player_choice":"Grow","floor":5.0,"gold_loss":0.0,"damage_taken":0.0,"cards_upgraded":["Perfected Strike"]},{"damage_healed":0.0,"max_hp_gain":0.0,"max_hp_loss":0.0,"gold_gain":0.0,"event_name":"Scrap Ooze","player_choice":"Success","floor":12.0,"gold_loss":0.0,"damage_taken":18.0,"relics_obtained":["Unceasing Top"]}],"is_beta":false,"boss_relics":[{"not_picked":["Pandora\u0027s Box","Snecko Eye"],"picked":"Runic Pyramid"}],"items_purged_floors":[4,19],"is_endless":false,"potions_floor_spawned":[2,6,10,18],"killed_by":"Snake Plant","ascension_level":5}}