{"host":"J","time":1610020473,"event":{"mods":["BaseMod","Better Third Choice","Minty Spire (QoL Compilation)","StSLib"],"gold_per_floor":[109,126,51,51,64,64,92,92,92,103,118,118,152,166,166,243,243,259,269,36,36,36,36,36],"floor_reached":23,"playtime":860,"items_purged":["Strike_G"],"score":402,"play_id":"b2be5af4-9bd7-42fc-acee-ba0ff0b49a78","local_time":"20210107125433","is_ascension_mode":true,"campfire_choices":[{"data":"Neutralize","floor":6.0,"key":"SMITH"},{"data":"Tactician","floor":8.0,"key":"SMITH"},{"data":"Bane","floor":12.0,"key":"SMITH"},{"data":"Underhanded Strike","floor":15.0,"key":"SMITH"}],"circlet_count":0,"master_deck":["AscendersBane","Strike_G","Strike_G","Strike_G","Defend_G","Defend_G","Defend_G","Defend_G","Defend_G","Survivor","Neutralize+1","PiercingWail","Dagger Throw","Poisoned Stab","Poisoned Stab","Tactician+1","Bane+1","Dagger Throw","Underhanded Strike+1","Prepared","Adrenaline","Well Laid Plans+1","Writhe"],"relics":["Ring of the Serpent","CaptainsWheel","StoneCalendar","Eternal Feather","TheAbacus","Mercury Hourglass"],"acts_visited":["Exordium","TheCity"],"potions_floor_usage":[],"damage_taken":[{"damage":0.0,"enemies":"2 Louse","floor":1.0,"turns":3.0},{"damage":4.0,"enemies":"Cultist","floor":2.0,"turns":4.0},{"damage":0.0,"enemies":"Small Slimes","floor":5.0,"turns":4.0},{"damage":7.0,"enemies":"3 Sentries","floor":7.0,"turns":11.0},{"damage":3.0,"enemies":"Looter","floor":10.0,"turns":3.0},{"damage":4.0,"enemies":"Lots of Slimes","floor":11.0,"turns":5.0},{"damage":10.0,"enemies":"Lagavulin","floor":13.0,"turns":6.0},{"damage":3.0,"enemies":"Blue Slaver","floor":14.0,"turns":3.0},{"damage":28.0,"enemies":"The Guardian","floor":16.0,"turns":9.0},{"damage":16,"enemies":"3 Byrds","floor":18,"turns":7},{"damage":5,"enemies":"Spheric Guardian","floor":19,"turns":6},{"damage":22,"enemies":"Gremlin Leader","floor":23,"turns":4}],"seed_played":"2966383202305629738","potions_obtained":[{"floor":4.0,"key":"DistilledChaos"},{"floor":4.0,"key":"Block Potion"},{"floor":10.0,"key":"Ancient Potion"},{"floor":13.0,"key":"SmokeBomb"},{"floor":14.0,"key":"GamblersBrew"},{"floor":16.0,"key":"LiquidMemories"}],"is_trial":false,"path_per_floor":["M","M","?","?","M","R","E","R","T","M","M","R","E","M","R","B",null,"M","M","$","?","?","E"],"character_chosen":"THE_SILENT","items_purchased":["TheAbacus"],"campfire_rested":0,"item_purchase_floors":[20],"current_hp_per_floor":[59,55,55,55,55,55,48,48,48,45,41,41,31,28,40,12,53,37,32,32,32,14,0,0],"gold":36,"neow_bonus":"THREE_CARDS","is_daily":false,"chose_seed":false,"campfire_upgraded":4,"win_rate":0.0,"timestamp":1610020473,"path_taken":["M","M","?","?","M","R","E","R","T","M","?","R","E","M","R","BOSS","M","M","$","?","?","E"],"items_purchased_type":["Relic"],"build_version":"2020-12-18","purchased_purges":1,"victory":false,"max_hp_per_floor":[66,66,66,66,66,66,66,66,66,66,66,66,66,66,66,66,66,66,66,66,66,71,71,71],"card_choices":[{"not_picked":["Prepared","Acrobatics"],"picked":"PiercingWail","floor":0.0},{"not_picked":["Tactician","Sucker Punch"],"picked":"Dagger Throw","floor":1.0},{"not_picked":["PiercingWail","Dagger Throw"],"picked":"Poisoned Stab","floor":2.0},{"not_picked":["Acrobatics","Prepared"],"picked":"Poisoned Stab","floor":5.0},{"not_picked":["PiercingWail","Footwork"],"picked":"Tactician","floor":7.0},{"not_picked":["Glass Knife","Deflect"],"picked":"Bane","floor":10.0},{"not_picked":["Finisher","Cloak And Dagger"],"picked":"Dagger Throw","floor":11.0},{"not_picked":["Quick Slash","Flying Knee"],"picked":"Underhanded Strike","floor":13.0},{"not_picked":["Finisher","Dagger Throw"],"picked":"Prepared","floor":14.0},{"not_picked":["Envenom","Burst"],"picked":"Adrenaline","floor":16.0},{"not_picked":["Bane","Deflect","Acrobatics"],"picked":"SKIP","floor":18},{"not_picked":["Outmaneuver","Quick Slash","Well Laid Plans+1"],"picked":"SKIP","floor":19},{"not_picked":["Outmaneuver","Quick Slash"],"picked":"Well Laid Plans+1","floor":19}],"player_experience":1070629,"relics_obtained":[{"floor":7.0,"key":"CaptainsWheel"},{"floor":9.0,"key":"StoneCalendar"},{"floor":13.0,"key":"Eternal Feather"}],"event_choices":[{"cards_removed":["Strike_G"],"damage_healed":0.0,"max_hp_gain":0.0,"max_hp_loss":0.0,"gold_gain":0.0,"event_name":"The Cleric","player_choice":"Card Removal","floor":3.0,"gold_loss":75.0,"damage_taken":0.0},{"damage_healed":0.0,"max_hp_gain":0.0,"max_hp_loss":0.0,"gold_gain":0.0,"event_name":"Lab","player_choice":"Got Potions","floor":4.0,"gold_loss":0.0,"damage_taken":0.0},{"damage_healed":0,"gold_gain":0,"player_choice":"Opened","damage_taken":0,"relics_obtained":["Mercury Hourglass"],"max_hp_gain":0,"max_hp_loss":0,"event_name":"The Mausoleum","floor":21,"gold_loss":0,"cards_obtained":["Writhe"]},{"damage_healed":0,"gold_gain":0,"player_choice":"Shed Blood","damage_taken":23,"max_hp_gain":5,"max_hp_loss":0,"event_name":"Forgotten Altar","floor":22,"gold_loss":0}],"is_beta":true,"boss_relics":[{"not_picked":["SacredBark","SlaversCollar"],"picked":"Ring of the Serpent"}],"items_purged_floors":[20],"is_endless":false,"potions_floor_spawned":[10,13,14,16],"killed_by":"Gremlin Leader","ascension_level":20}}