{"host":"8zg25aa619vmqq54","time":1610002249,"event":{"mods":["ATMod(∞¢Ë™Mod)","BaseMod","Downfall","Marisa£®ÏF”Í°°ƒß¿Ì…≥£©","Minty Spire (QoL Compilation)","Remilia£®¿Ÿ√◊¿Ú—«£©","Replay The Spire","Shop Mod","Spicy Shops","StSLib","The Alterego","The Animator","The Servant 0.9.4","°æ“≈ŒÔø®≈∆°øREMEMod"],"gold_per_floor":[99,99,76,76,76,86,112,112,129,129,19,39,39,49,61,163,163,163,163,174,2,2,2,2,13,27,37,37,37,55,55,65,167,167,167,180,194,194,13,44,44,63,63,79,31,31,31,13,30,30],"floor_reached":51,"playtime":3774,"items_purged":[],"score":842,"play_id":"a65cef41-e7ec-47f7-9812-51c01d7dd22b","local_time":"20210107145049","is_ascension_mode":false,"campfire_choices":[{"data":"TwelveNightmare","floor":1.0,"key":"SMITH"},{"data":"AT_MachinaRedman","floor":10.0,"key":"SMITH"},{"floor":18.0,"key":"DIG"},{"data":"Slimebound:Split","floor":29.0,"key":"SMITH"},{"data":"Writhe","floor":35.0,"key":"PURGE"},{"data":"Slimebound:Grow","floor":43,"key":"SMITH"},{"data":"Slimebound:Prepare","floor":46,"key":"SMITH"}],"circlet_count":0,"master_deck":["Slimebound:Strike_Slimebound","Slimebound:Strike_Slimebound","Slimebound:Tackle","Slimebound:Defend_Slimebound","Slimebound:Defend_Slimebound","Slimebound:Defend_Slimebound","Slimebound:Defend_Slimebound","Slimebound:Split+1","Slimebound:CorrosiveSpit","AT_MachinaRedman+1","TwelveNightmare+1","Slimebound:SamplingLick","Slimebound:LeechEnergy","Slimebound:GrowthPunch","Slimebound:DisruptingSlam+1","Slimebound:HauntingLick","Slimebound:SlimeSpikes","Slimebound:MegaLick","Slimebound:Repurpose","Slimebound:Grow+1","Slimebound:GrowthPunch","Slimebound:Prepare+1","Slimebound:MassFeed+1","Replay:Sluggish","ReplayTheSpireMod:Splinters","Slimebound:SlimeTap","Slimebound:FinishingTackle+1","Slimebound:SpikyOuterGoop+1","Slimebound:SlimeTap","Slimebound:LevelUp+1","Slimebound:BestDefense+1","Slimebound:SplitAcid","Slimebound:OozeBath+1","Slimebound:SplitAcid","Slimebound:GoopSpray+1","Slimebound:SamplingLick+1","Slimebound:ViciousTackle","Slimebound:SplitBruiser","Slimebound:RainOfGoop+1","Slimebound:LivingWall","Slimebound:OneTwoCombo+1","Slimebound:Dissolve+1","Slimebound:SamplingLick","Slimebound:LeechEnergy+1","Slimebound:GoopSpray+1","AT_MachinaRedman+1","Slimebound:GoopSpray+1","Slimebound:SlimeTap+1","Slimebound:AcidTongue+1","Slimebound:SplitLeeching+1","Slimebound:SplitLeeching+1","Slimebound:Replication+1","Slimebound:MegaLick+1","Slimebound:Nibble+1","Slimebound:SplitLeeching+1","Slimebound:Dissolve+1","Slimebound:Teamwork+1","Slimebound:FirmFortitude+1","Slimebound:SplitMire+1","Slimebound:GoopTackle+1"],"relics":["Slimebound:AbsorbEndCombat","AT_ATBox","REME_ComplimentaryCards","downfall:HeartsMalice","Replay:Ancient Bell","AT_BellDemon","Golden Egg","Prayer Wheel","AT_RabadonDeathcap","PreservedInsect","AT_LudenTempest","Membership Card","downfall:RedIOU","ReplayTheSpireMod:Shallot","AntiCross","SacredBark","AT_ArchangelStaff","Potion Belt","Guide Book","Boot","Replay:Rubber Ducky","AT_ChloranthyRing","Molten Egg 2","Bottled Tornado","Chameleon Ring","Iron Hammer"],"acts_visited":["Exordium","TheCity","TheBeyond"],"potions_floor_usage":[49],"damage_taken":[{"damage":0.0,"enemies":"Small Slimes","floor":2.0,"turns":1.0},{"damage":0.0,"enemies":"downfall:FleeingMerchant","floor":3.0,"turns":1.0},{"damage":0.0,"enemies":"Cultist","floor":5.0,"turns":1.0},{"damage":3.0,"enemies":"2 Louse","floor":6.0,"turns":2.0},{"damage":7.0,"enemies":"Lots of Slimes","floor":9.0,"turns":3.0},{"damage":4.0,"enemies":"downfall:FleeingMerchant","floor":11.0,"turns":4.0},{"damage":13.0,"enemies":"Exordium Wildlife","floor":12.0,"turns":4.0},{"damage":0.0,"enemies":"Blue Slaver","floor":14.0,"turns":1.0},{"damage":4.0,"enemies":"2 Fungi Beasts","floor":15.0,"turns":2.0},{"damage":46.0,"enemies":"downfall:Defect","floor":16.0,"turns":6.0},{"damage":0.0,"enemies":"Chosen","floor":19.0,"turns":1.0},{"damage":62.0,"enemies":"3 Byrds","floor":20.0,"turns":5.0},{"damage":6.0,"enemies":"downfall:FleeingMerchant","floor":21.0,"turns":4.0},{"damage":6.0,"enemies":"Cultist and Chosen","floor":25.0,"turns":4.0},{"damage":9.0,"enemies":"Centurion and Healer","floor":26.0,"turns":2.0},{"damage":22.0,"enemies":"Snake Plant","floor":27.0,"turns":2.0},{"damage":21.0,"enemies":"Cultist and Chosen","floor":30.0,"turns":3.0},{"damage":12.0,"enemies":"Centurion and Healer","floor":32.0,"turns":2.0},{"damage":31.0,"enemies":"downfall:Silent","floor":33.0,"turns":4.0},{"damage":18.0,"enemies":"Orb Walker","floor":36.0,"turns":2.0},{"damage":8.0,"enemies":"3 Darklings","floor":37.0,"turns":1.0},{"damage":25.0,"enemies":"downfall:FleeingMerchant","floor":39.0,"turns":2.0},{"damage":21.0,"enemies":"Giant Head","floor":40.0,"turns":2.0},{"damage":8,"enemies":"Maw","floor":42,"turns":2},{"damage":26,"enemies":"Transient","floor":44,"turns":5},{"damage":12,"enemies":"3 Darklings","floor":49,"turns":1},{"damage":12,"enemies":"downfall:Watcher","floor":50,"turns":3}],"seed_played":"-8239545721104769841","potions_obtained":[{"floor":4.0,"key":"LifebloodPotion"},{"floor":4.0,"key":"Guardian:BlockOnCardUsePotion"},{"floor":4.0,"key":"Guardian:BlockOnCardUsePotion"},{"floor":6.0,"key":"Fire Potion"},{"floor":14.0,"key":"Fruit Juice"},{"floor":16.0,"key":"DistilledChaos"},{"floor":20.0,"key":"GamblersBrew"},{"floor":30.0,"key":"SpeedPotion"},{"floor":33.0,"key":"Swift Potion"},{"floor":36.0,"key":"Elixir"},{"floor":40.0,"key":"Strength Potion"},{"floor":49,"key":"Fire Potion"}],"is_trial":false,"path_per_floor":["R","M","$","?","M","M","T","?","M","R","$","M","?","M","M","B",null,"R","M","M","$","?","?","T","M","M","M","?","R","M","?","M","B",null,"R","M","M","?","$","E","T","M","R","M","$","R","?","$","M","B",null],"character_chosen":"SLIMEBOUND","items_purchased":["Slimebound:GrowthPunch","Slimebound:Repurpose","Membership Card","AT_ArchangelStaff","Potion Belt","Guide Book","Boot","Replay:Rubber Ducky","Slimebound:SlimeTap","Slimebound:AcidTongue","Doom Potion","Slimebound:SplitLeeching","Slimebound:Dissolve","Slimebound:FirmFortitude"],"campfire_rested":0,"item_purchase_floors":[3,11,21,39,39,39,39,39,39,39,39,45,45,48],"current_hp_per_floor":[60,60,60,60,60,57,57,57,53,53,60,58,58,60,65,30,65,65,65,22,30,30,30,30,40,49,47,47,47,58,58,71,64,71,71,71,71,71,68,71,71,71,71,69,69,69,69,69,71,71],"gold":30,"neow_bonus":"THREE_ENEMY_KILL","is_daily":false,"chose_seed":false,"campfire_upgraded":5,"win_rate":0.0,"timestamp":1610002249,"path_taken":["R","M","$","?","M","?","T","?","M","R","$","M","?","M","M","BOSS","R","M","M","$","?","?","T","M","M","M","?","R","M","?","M","BOSS","R","M","M","?","?","E","T","?","R","M","$","R","?","?","M","BOSS"],"items_purchased_type":["Card","Card","Relic","Relic","Relic","Relic","Relic","Relic","Card","Card","Potion","Card","Card","Card"],"build_version":"2020-12-22","purchased_purges":0,"victory":true,"max_hp_per_floor":[60,60,60,60,60,60,60,60,60,60,60,60,60,60,65,65,65,65,65,68,68,68,68,68,68,68,68,68,68,68,68,71,71,71,71,71,71,71,71,71,71,71,71,71,71,71,71,71,71,71],"card_choices":[{"not_picked":["Slimebound:GrowthPunch","Slimebound:ComboTackle"],"picked":"Slimebound:SamplingLick","floor":2.0},{"not_picked":["Slimebound:Overexert","Slimebound:SplitLeeching"],"picked":"Slimebound:LeechEnergy","floor":3.0},{"not_picked":["Slimebound:ItLooksTasty","Slimebound:PressTheAttack"],"picked":"Slimebound:DisruptingSlam","floor":5.0},{"not_picked":["Slimebound:LeechingTouch","Slimebound:SplitBruiser"],"picked":"Slimebound:HauntingLick","floor":6.0},{"not_picked":["Slimebound:SplitLeeching","Slimebound:LeechEnergy"],"picked":"Slimebound:SlimeSpikes","floor":9.0},{"not_picked":["Slimebound:RollThrough","Slimebound:DisruptingSlam"],"picked":"Slimebound:MegaLick","floor":11.0},{"not_picked":["Slimebound:SamplingLick","Slimebound:ComboTackle"],"picked":"Slimebound:Grow","floor":12.0},{"not_picked":["Slimebound:SlimeBrawl","Slimebound:RollThrough"],"picked":"Slimebound:GrowthPunch","floor":14.0},{"not_picked":["Slimebound:WasteNot","Slimebound:GoopSpray"],"picked":"Slimebound:Prepare","floor":15.0},{"not_picked":["Slimebound:RallyTheTroops","Slimebound:PrepareCrush"],"picked":"Slimebound:MassFeed","floor":16.0},{"not_picked":["animator:Curse_Greed","animator:Curse_Dizziness"],"picked":"Writhe","floor":17.0},{"not_picked":["Amnesia","Looming Evil"],"picked":"Replay:Sluggish","floor":17.0},{"not_picked":["sneckomod:Bewildered","AbeCurse"],"picked":"ReplayTheSpireMod:Splinters","floor":17.0},{"not_picked":["Slimebound:SamplingLick+1","Slimebound:LeechingTouch"],"picked":"Slimebound:SlimeTap","floor":19.0},{"not_picked":["Slimebound:RollThrough","Slimebound:SplitBruiser"],"picked":"Slimebound:FinishingTackle+1","floor":19.0},{"not_picked":["Slimebound:LeechingTouch+1","Slimebound:ComboTackle"],"picked":"Slimebound:SpikyOuterGoop+1","floor":20.0},{"not_picked":["Slimebound:RejuvenatingLick","Slimebound:FinishingTackle"],"picked":"Slimebound:SlimeTap","floor":20.0},{"not_picked":["Slimebound:Teamwork","Slimebound:ComboTackle"],"picked":"Slimebound:LevelUp+1","floor":21.0},{"not_picked":["Slimebound:FinishingTackle","Slimebound:LeechingTouch"],"picked":"Slimebound:BestDefense+1","floor":25.0},{"not_picked":["Slimebound:PressTheAttack","Slimebound:SlimeSpikes+1"],"picked":"Slimebound:SplitAcid","floor":25.0},{"not_picked":["Slimebound:SplitAcid","Slimebound:GrowthPunch"],"picked":"Slimebound:OozeBath","floor":26.0},{"not_picked":["Slimebound:LevelUp","Slimebound:SpikyOuterGoop"],"picked":"Slimebound:SplitAcid","floor":26.0},{"not_picked":["Slimebound:SamplingLick","Slimebound:SplitLeeching"],"picked":"Slimebound:GoopSpray+1","floor":27.0},{"not_picked":["Slimebound:ItLooksTasty","Slimebound:SlimeSpikes+1"],"picked":"Slimebound:SamplingLick+1","floor":27.0},{"not_picked":["Slimebound:FlameTackle","Slimebound:SlimeBrawl"],"picked":"Slimebound:ViciousTackle","floor":30.0},{"not_picked":["Slimebound:LeechingTouch","Slimebound:TongueLash+1"],"picked":"Slimebound:SplitBruiser","floor":30.0},{"not_picked":["Slimebound:GrowthPunch","Slimebound:Equalize"],"picked":"Slimebound:RainOfGoop+1","floor":32.0},{"not_picked":["Slimebound:FinishingTackle","Slimebound:GrowthPunch"],"picked":"Slimebound:LivingWall","floor":32.0},{"not_picked":["Slimebound:DuplicatedForm","Slimebound:MassFeed"],"picked":"Slimebound:OneTwoCombo","floor":33.0},{"not_picked":["Slimebound:Grow","Slimebound:ForwardTackle"],"picked":"Slimebound:Dissolve+1","floor":36.0},{"not_picked":["Slimebound:PressTheAttack+1","Slimebound:ForwardTackle"],"picked":"Slimebound:SamplingLick","floor":36.0},{"not_picked":["Slimebound:SplitAcid","Slimebound:GoopSpray+1"],"picked":"Slimebound:LeechEnergy+1","floor":37.0},{"not_picked":["Slimebound:SpikyOuterGoop+1","Slimebound:Chomp"],"picked":"Slimebound:GoopSpray+1","floor":37.0},{"not_picked":["Slimebound:SamplingLick","Slimebound:LeechEnergy"],"picked":"Slimebound:GoopSpray+1","floor":39.0},{"not_picked":["Slimebound:LeechingTouch+1","Slimebound:SplitBruiser"],"picked":"Slimebound:SplitLeeching+1","floor":40.0},{"not_picked":["Slimebound:MinionMaster","Slimebound:ComboTackle+1"],"picked":"Slimebound:SplitLeeching+1","floor":42},{"not_picked":["Slimebound:SplitLeeching+1","Slimebound:ViciousTackle+1"],"picked":"Slimebound:Replication+1","floor":42},{"not_picked":["Slimebound:SamplingLick","Slimebound:SplitLeeching"],"picked":"Slimebound:MegaLick+1","floor":44},{"not_picked":["Slimebound:ComboTackle+1","Slimebound:SplitLeeching"],"picked":"Slimebound:Nibble+1","floor":44},{"not_picked":["Slimebound:ComboTackle+1","Slimebound:SplitLeeching+1"],"picked":"Slimebound:SplitMire+1","floor":49},{"not_picked":["Slimebound:TongueLash+1","Slimebound:SlimeBrawl+1"],"picked":"Slimebound:GoopTackle+1","floor":49}],"player_experience":61881,"relics_obtained":[{"floor":7.0,"key":"Juzu Bracelet"},{"floor":18.0,"key":"AT_RabadonDeathcap"},{"floor":19.0,"key":"Centennial Puzzle"},{"floor":20.0,"key":"PreservedInsect"},{"floor":21.0,"key":"AT_LudenTempest"},{"floor":24.0,"key":"ReplayTheSpireMod:Shallot"},{"floor":40.0,"key":"AT_ChloranthyRing"},{"floor":41.0,"key":"Molten Egg 2"},{"floor":42,"key":"Bottled Tornado"},{"floor":44,"key":"Chameleon Ring"},{"floor":49,"key":"Iron Hammer"}],"event_choices":[{"damage_healed":0.0,"max_hp_gain":0.0,"max_hp_loss":0.0,"gold_gain":0.0,"event_name":"Lab","player_choice":"Got Potions","floor":4.0,"gold_loss":0.0,"damage_taken":0.0},{"cards_removed":["Regret"],"damage_healed":0.0,"max_hp_gain":0.0,"max_hp_loss":0.0,"gold_gain":0.0,"event_name":"NoteForYourself","player_choice":"Took Card","floor":22.0,"gold_loss":0.0,"damage_taken":0.0,"cards_obtained":["Regret"]},{"damage_healed":0.0,"max_hp_gain":0.0,"max_hp_loss":0.0,"gold_gain":0.0,"event_name":"Duplicator","player_choice":"Copied","floor":38.0,"gold_loss":0.0,"damage_taken":0.0,"cards_obtained":["AT_MachinaRedman"]}],"is_beta":false,"boss_relics":[{"not_picked":["Kintsugi","Sozu"],"picked":"Replay:Ancient Bell"},{"not_picked":["ScarletDevilRocket","Replay:Wax Seal"],"picked":"AT_BellDemon"},{"not_picked":["Replay:Bottled Eggs","ReplayTheSpireMod:Ninjato"],"picked":"Golden Egg"},{"not_picked":["Shovel","Replay:PocketPolymizer"],"picked":"Prayer Wheel"},{"not_picked":["REME_DemonsWealth","Cursed Key"],"picked":"SacredBark"}],"items_purged_floors":[],"is_endless":false,"potions_floor_spawned":[6,12,14,15,16,20,27,30,33,36,40,42,49],"ascension_level":0}}