{"host":"ynimr9ugvc6f046i","time":1610026651,"event":{"mods":["2.2 Compatiblity","BaseMod","Colored Map","DeckTracker","Highlight Path","Keyboard Shortcuts","Minty Spire (QoL Compilation)","Permanent Neow","Quick Restart","StSLib","SuperFastMode"],"gold_per_floor":[36,92,127,184,236,236,236,236],"floor_reached":7,"playtime":163,"items_purged":[],"score":90,"play_id":"3ef63624-b645-4ec0-90c2-b7aa520f91fa","local_time":"20210107223731","is_ascension_mode":true,"campfire_choices":[{"data":"HandOfGreed","floor":6,"key":"SMITH"}],"circlet_count":0,"master_deck":["AscendersBane","Strike_G","Strike_G","Strike_G","Strike_G","Strike_G","Defend_G","Defend_G","Defend_G","Defend_G","Defend_G","Survivor","Neutralize","HandOfGreed+1","Deadly Poison","Malaise","Dash"],"relics":["Ring of the Snake"],"acts_visited":["Exordium"],"potions_floor_usage":[4],"damage_taken":[{"damage":14,"enemies":"Jaw Worm","floor":1,"turns":7},{"damage":0,"enemies":"2 Louse","floor":2,"turns":4},{"damage":2,"enemies":"Cultist","floor":3,"turns":4},{"damage":19,"enemies":"Exordium Wildlife","floor":4,"turns":8},{"damage":9,"enemies":"2 Fungi Beasts","floor":5,"turns":4},{"damage":30,"enemies":"Gremlin Nob","floor":7,"turns":3}],"seed_played":"7784896162234872858","potions_obtained":[{"floor":2,"key":"GamblersBrew"},{"floor":3,"key":"Regen Potion"}],"is_trial":false,"path_per_floor":["M","M","M","M","M","R","E"],"character_chosen":"THE_SILENT","items_purchased":[],"campfire_rested":0,"item_purchase_floors":[],"current_hp_per_floor":[45,45,43,39,30,30,0,0],"gold":236,"neow_bonus":"RANDOM_COLORLESS_2","is_daily":false,"chose_seed":false,"campfire_upgraded":1,"win_rate":0.0,"timestamp":1610026651,"path_taken":["M","M","M","M","M","R","E"],"items_purchased_type":[],"build_version":"2020-12-22","purchased_purges":0,"victory":false,"max_hp_per_floor":[66,66,66,66,66,66,66,66],"card_choices":[{"not_picked":["Metamorphosis","Secret Weapon"],"picked":"HandOfGreed","floor":0},{"not_picked":["Slice","Concentrate","Outmaneuver"],"picked":"SKIP","floor":1},{"not_picked":["Sucker Punch","Backflip"],"picked":"Deadly Poison","floor":2},{"not_picked":["All Out Attack","Sucker Punch","Quick Slash"],"picked":"SKIP","floor":3},{"not_picked":["PiercingWail","Bane"],"picked":"Malaise","floor":4},{"not_picked":["Setup","Acrobatics"],"picked":"Dash","floor":5}],"player_experience":367339,"relics_obtained":[],"event_choices":[],"is_beta":false,"boss_relics":[],"items_purged_floors":[],"is_endless":false,"potions_floor_spawned":[2,3],"killed_by":"Gremlin Nob","ascension_level":20}}