{"host":"2sct7qpnpunnnd84","time":1610012615,"event":{"mods":["BaseMod","Minty Spire (QoL Compilation)","Quick Restart","StSLib","The IronCluck"],"gold_per_floor":[113,128,140,140,140,174,174,174,174,151,168,168,180,180,180,281,281,297,297,297,313,313,313,327,242,242,242,242,257,257,142,142,237,237,249,249,268,287,304,304,304,319,319,319,369,18,45,64,64,64],"floor_reached":51,"playtime":3730,"items_purged":[],"score":650,"play_id":"75a6ffb7-e5ed-4ace-b1a2-6b87bd2b2797","local_time":"20210107014335","is_ascension_mode":false,"campfire_choices":[{"floor":8.0,"key":"REST"},{"data":"Armaments","floor":12.0,"key":"SMITH"},{"floor":15.0,"key":"REST"},{"data":"Juggernaut","floor":23.0,"key":"SMITH"},{"data":"Metallicize","floor":27.0,"key":"SMITH"},{"data":"Spot Weakness","floor":32.0,"key":"SMITH"},{"floor":40.0,"key":"REST"},{"data":"Demon Form","floor":44.0,"key":"SMITH"},{"floor":49.0,"key":"REST"}],"circlet_count":0,"master_deck":["Strike_R+1","Strike_R+1","Strike_R+1","Strike_R+1","Strike_R+1","Defend_R+1","Defend_R+1","Defend_R+1","Defend_R+1","Bash","Clothesline","Armaments+1","Flame Barrier","Flex","Cleave","Juggernaut+1","Metallicize+1","Iron Wave+1","Spot Weakness+1","Whirlwind","Flame Barrier","Demon Form+1","Thunderclap+1","Madness","Madness","Iron Wave","Flex+1","Armaments","Fire Breathing","Armaments+1","Spot Weakness+1"],"relics":["Burning Blood","Singing Bowl","MealTicket","Art of War","Strawberry","Busted Crown","MutagenicStrength","InkBottle","Eternal Feather","Du-Vu Doll","Sozu","Pantograph","Ginger","Mummified Hand","Blood Vial"],"acts_visited":["Exordium","TheCity","TheBeyond"],"potions_floor_usage":[50,50],"damage_taken":[{"damage":2.0,"enemies":"Small Slimes","floor":1.0,"turns":4.0},{"damage":1.0,"enemies":"Jaw Worm","floor":2.0,"turns":3.0},{"damage":7.0,"enemies":"2 Louse","floor":3.0,"turns":3.0},{"damage":34.0,"enemies":"3 Sentries","floor":6.0,"turns":12.0},{"damage":0.0,"enemies":"2 Fungi Beasts","floor":11.0,"turns":5.0},{"damage":0.0,"enemies":"3 Louse","floor":13.0,"turns":3.0},{"damage":70.0,"enemies":"Hexaghost","floor":16.0,"turns":13.0},{"damage":14.0,"enemies":"2 Thieves","floor":18.0,"turns":4.0},{"damage":10.0,"enemies":"Spheric Guardian","floor":21.0,"turns":4.0},{"damage":6.0,"enemies":"Chosen and Byrds","floor":24.0,"turns":6.0},{"damage":3.0,"enemies":"Snake Plant","floor":29.0,"turns":4.0},{"damage":23.0,"enemies":"Collector","floor":33.0,"turns":9.0},{"damage":0.0,"enemies":"Orb Walker","floor":35.0,"turns":4.0},{"damage":4.0,"enemies":"3 Shapes","floor":37.0,"turns":3.0},{"damage":35.0,"enemies":"Spire Growth","floor":38.0,"turns":5.0},{"damage":31.0,"enemies":"Jaw Worm Horde","floor":39.0,"turns":4.0},{"damage":4.0,"enemies":"3 Darklings","floor":42.0,"turns":3.0},{"damage":0.0,"enemies":"Mind Bloom Boss Battle","floor":45.0,"turns":5.0},{"damage":29.0,"enemies":"Reptomancer","floor":47.0,"turns":6.0},{"damage":15.0,"enemies":"Writhing Mass","floor":48.0,"turns":4.0},{"damage":98,"enemies":"Awakened One","floor":50,"turns":10}],"seed_played":"-6275540743706381703","potions_obtained":[{"floor":6.0,"key":"Ancient Potion"},{"floor":13.0,"key":"PowerPotion"},{"floor":16.0,"key":"Explosive Potion"},{"floor":18.0,"key":"Energy Potion"},{"floor":33.0,"key":"BlessingOfTheForge"}],"is_trial":false,"path_per_floor":["M","M","M","?","$","E","T","R","T","$","M","R","M","?","R","B",null,"M","?","?","M","?","R","M","?","T","R","$","M","?","$","R","B",null,"M","?","M","M","M","R","?","M","T","R","?","$","E","M","R","B",null],"character_chosen":"IRONCLAD","items_purchased":["Flex","Whirlwind","Flame Barrier","Mummified Hand","Armaments","Fire Breathing"],"campfire_rested":4,"item_purchase_floors":[10,31,31,46,46,46],"current_hp_per_floor":[88,88,87,84,84,58,58,85,92,97,97,97,99,79,99,35,99,93,93,93,91,91,91,91,91,91,100,103,103,103,103,103,86,103,103,103,105,78,55,99,85,87,87,102,109,109,86,79,109,17],"gold":64,"neow_bonus":"TEN_PERCENT_HP_BONUS","is_daily":false,"chose_seed":false,"campfire_upgraded":5,"win_rate":0.0,"timestamp":1610012615,"path_taken":["M","M","M","?","$","E","?","R","T","$","M","R","M","?","R","BOSS","M","?","?","M","?","R","M","?","T","R","?","M","?","$","R","BOSS","M","?","M","?","M","R","?","M","T","R","?","?","E","M","R","BOSS"],"items_purchased_type":["Card","Card","Card","Relic","Card","Card"],"build_version":"2020-12-22","purchased_purges":0,"victory":true,"max_hp_per_floor":[88,88,88,88,88,90,90,90,97,97,97,97,99,99,99,99,99,101,101,101,103,103,103,103,103,103,103,103,103,103,103,103,103,103,103,103,105,107,109,109,109,109,109,109,109,109,109,109,109,109],"card_choices":[{"not_picked":["Pommel Strike","Anger"],"picked":"Clothesline","floor":1.0},{"not_picked":["Twin Strike","Cleave"],"picked":"Armaments","floor":2.0},{"not_picked":["Clash","Heavy Blade"],"picked":"Flame Barrier","floor":3.0},{"not_picked":["Carnage","Sword Boomerang","Warcry"],"picked":"Singing Bowl","floor":6.0},{"not_picked":["Havoc","Clash"],"picked":"Cleave","floor":11.0},{"not_picked":["Double Tap","Shrug It Off","Infernal Blade"],"picked":"Singing Bowl","floor":13.0},{"not_picked":["Berserk","Fiend Fire"],"picked":"Juggernaut","floor":16.0},{"not_picked":["Wild Strike"],"picked":"Singing Bowl","floor":18.0},{"not_picked":["Wild Strike"],"picked":"Singing Bowl","floor":21.0},{"not_picked":[],"picked":"Iron Wave+1","floor":24.0},{"not_picked":[],"picked":"Spot Weakness","floor":29.0},{"not_picked":[],"picked":"Demon Form","floor":33.0},{"not_picked":[],"picked":"Thunderclap+1","floor":35.0},{"not_picked":["Pommel Strike"],"picked":"Singing Bowl","floor":37.0},{"not_picked":["Reckless Charge"],"picked":"Singing Bowl","floor":38.0},{"not_picked":["True Grit"],"picked":"Singing Bowl","floor":39.0},{"not_picked":[],"picked":"Iron Wave","floor":42.0},{"not_picked":[],"picked":"Flex+1","floor":45.0},{"not_picked":[],"picked":"Armaments+1","floor":47.0},{"not_picked":[],"picked":"Spot Weakness+1","floor":48.0}],"player_experience":3395716,"relics_obtained":[{"floor":6.0,"key":"MealTicket"},{"floor":7.0,"key":"Art of War"},{"floor":9.0,"key":"Strawberry"},{"floor":26.0,"key":"Eternal Feather"},{"floor":43.0,"key":"Pantograph"},{"floor":45.0,"key":"Ginger"},{"floor":47.0,"key":"Blood Vial"}],"event_choices":[{"damage_healed":0.0,"max_hp_gain":0.0,"max_hp_loss":0.0,"gold_gain":0.0,"event_name":"Scrap Ooze","player_choice":"Success","floor":4.0,"gold_loss":0.0,"damage_taken":3.0,"relics_obtained":["Singing Bowl"]},{"damage_healed":0.0,"max_hp_gain":0.0,"max_hp_loss":0.0,"gold_gain":0.0,"event_name":"Shining Light","player_choice":"Entered Light","floor":14.0,"gold_loss":0.0,"damage_taken":20.0,"cards_upgraded":["Strike_R","Strike_R"]},{"damage_healed":0.0,"max_hp_gain":0.0,"max_hp_loss":0.0,"gold_gain":0.0,"event_name":"Drug Dealer","player_choice":"Inject Mutagens","floor":19.0,"gold_loss":0.0,"damage_taken":0.0,"relics_obtained":["MutagenicStrength"]},{"damage_healed":0.0,"max_hp_gain":0.0,"max_hp_loss":0.0,"gold_gain":0.0,"event_name":"Back to Basics","player_choice":"Simplicity","floor":20.0,"gold_loss":0.0,"damage_taken":0.0,"cards_upgraded":["Strike_R","Strike_R","Strike_R","Defend_R","Defend_R","Defend_R","Defend_R"]},{"damage_healed":0.0,"max_hp_gain":0.0,"max_hp_loss":0.0,"gold_gain":0.0,"event_name":"The Library","player_choice":"Read","floor":22.0,"gold_loss":0.0,"damage_taken":0.0,"cards_obtained":["Metallicize"]},{"damage_healed":0.0,"max_hp_gain":0.0,"max_hp_loss":0.0,"gold_gain":0.0,"event_name":"Addict","player_choice":"Obtained Relic","floor":25.0,"gold_loss":85.0,"damage_taken":0.0,"relics_obtained":["InkBottle"]},{"damage_healed":0.0,"max_hp_gain":0.0,"max_hp_loss":0.0,"gold_gain":0.0,"event_name":"The Mausoleum","player_choice":"Opened","floor":30.0,"gold_loss":0.0,"damage_taken":0.0,"relics_obtained":["Du-Vu Doll"],"cards_obtained":["Writhe"]},{"cards_removed":["Writhe"],"damage_healed":0.0,"max_hp_gain":0.0,"max_hp_loss":0.0,"gold_gain":0.0,"event_name":"Purifier","player_choice":"Purged","floor":36.0,"gold_loss":0.0,"damage_taken":0.0},{"damage_healed":0.0,"max_hp_gain":0.0,"max_hp_loss":0.0,"gold_gain":0.0,"event_name":"Winding Halls","player_choice":"Embrace Madness","floor":41.0,"gold_loss":0.0,"damage_taken":14.0,"cards_obtained":["Madness","Madness"]},{"damage_healed":0.0,"max_hp_gain":0.0,"max_hp_loss":0.0,"gold_gain":0.0,"event_name":"MindBloom","player_choice":"Fight","floor":45.0,"gold_loss":0.0,"damage_taken":0.0}],"is_beta":false,"boss_relics":[{"not_picked":["Calling Bell","Runic Pyramid"],"picked":"Busted Crown"},{"not_picked":["SlaversCollar","Astrolabe"],"picked":"Sozu"}],"items_purged_floors":[],"is_endless":false,"potions_floor_spawned":[6,13,16,18,33,35,42,48],"ascension_level":0}}