{"host":"gyphjc57tbbk9zp6","time":1610018673,"event":{"mods":["Act Like it!","BaseMod","Downfall","Elementarium","Friendly Minions","FruityMod","Gensokyo","Gremlin Skip","Hallownest","Hermit","Highlight Path","Hubris","Hyrulean Relics","Infinite Spire","Ironclad Rager","Jorbs\u0027s Wanderer Trilogy","KinomotoSakuraMod(????)","Kiyohime????","Koishi","Luminous","Mad Scientist","Marisa????????","Mimic Mod","Minty Spire (QoL Compilation)","Nova Terra(??·??)","Pale of the Ancients","Potionbrewer","Shedinja","StSLib","SuperFastMode","Td1madao Mod","The Administrix","The Alterego","The Blackbeard","The Bladedancer","The Bug Knight","The Construct","The Disciple","The Druid","The Elementalist","The Exalted","The Factory","The Hayseed","The Hierophant","The Judge","The Juggle","The Jungle","The Mystic","The Poker Player","The Senshi","The Servant 0.9.4","The Trickster","The Vixen","The Wild Card","TheHero","TheSwordswoman","TheVelvet","Yuyuko"],"gold_per_floor":[99,110,129,54,54,54,54,72,72,22,47,76,96,132,164,291,303,315,355,467,69,105,105,128,128,176,195,234,234,234,114,135,246,246,171,192,215,215,215,215],"floor_reached":38,"playtime":3864,"items_purged":["hexamod:Strike","hexamod:Strike"],"score":547,"play_id":"6e53c418-0884-41e4-8300-70984bcfbe52","local_time":"20210107052433","is_ascension_mode":false,"campfire_choices":[{"data":"hexamod:Float","floor":1.0,"key":"SMITH"},{"data":"hexamod:Again","floor":6.0,"key":"SMITH"},{"data":"hexamod:TimeOfNeed","floor":18,"key":"SMITH"},{"data":"hexamod:EmpoweringStance","floor":23,"key":"SMITH"},{"data":"hexamod:RecurringNightmare","floor":25,"key":"SMITH"},{"floor":35,"key":"RECALL"}],"circlet_count":0,"master_deck":["hexamod:Strike","hexamod:Strike","hexamod:Sear","hexamod:Float+1","hexamod:Again+1","hexamod:ThirdSeal","hexamod:HexaLevel","hexamod:TimeWarp","hexamod:Hexaguard","hexamod:RecurringNightmare+1","hexamod:SpectralAdrenaline","hexamod:GhostOfSpirePast","hexamod:EmpoweredFlame","hexamod:GhostOfSpireFuture","hexamod:ExtraCrispy","hexamod:EtherealExpedition","hexamod:GhostOfSpireFuture","hexamod:SecondSeal","hexamod:TimeOfNeed+1","hexamod:WildfireWeapon","hexamod:GhostOfSpirePast+1","hexamod:EmpoweringStance+1","hexamod:PhantomCloak","hexamod:FourthSeal","hexamod:RecurringNightmare","hexamod:EmpoweredFlame","theJungle:Gourd","theJungle:Gourd","theJungle:Gourd","theJungle:Gourd","theJungle:Gourd","hexamod:GhostLash","hexamod:CrushingStance","hexamod:SecondSeal","hexamod:SixthSeal","hexamod:RainOfEmbers","hexamod:BurningTouch"],"relics":["hexamod:SpiritBrand","Hallownest:BankAccountRelic","Mummified Hand","elementalistmod:YellowCirclet","Mango","MawBank","Busted Crown","Matryoshka","Potion Belt","Centennial Puzzle","hexamod:TheBrokenSeal","hubris:Potato","infinitespire:CheckeredPen","hubris:Towel","SlaversCollar","downfall:HeartBlessingGreen"],"acts_visited":["Hallownest:Greenpath","Hallownest:Greenpath","TheBeyond"],"potions_floor_usage":[21,22,28,28,31,31,31,31,31,31,32,32,33,33,36,38,38,38,38,38],"damage_taken":[{"damage":1.0,"enemies":"Hallownest:2_Baldur","floor":2.0,"turns":4.0},{"damage":2.0,"enemies":"Hallownest:2_Tiktiks_and_1_Crawlid","floor":3.0,"turns":5.0},{"damage":0.0,"enemies":"Hallownest:monsterHuskGuard","floor":8.0,"turns":4.0},{"damage":0.0,"enemies":"downfall:FleeingMerchant","floor":10.0,"turns":4.0},{"damage":10.0,"enemies":"downfall:FleeingMerchant","floor":11.0,"turns":4.0},{"damage":16.0,"enemies":"Hallownest:eliteMossKnight","floor":12.0,"turns":8.0},{"damage":15.0,"enemies":"Hallownest:1_Baldur_1_Crawlid_1_Warrior","floor":13.0,"turns":7.0},{"damage":2.0,"enemies":"Hallownest:eliteVengeflyKing","floor":14.0,"turns":9.0},{"damage":0.0,"enemies":"Hallownest:2_Tiktiks_1_Baldur_1_Crawlid","floor":15.0,"turns":4.0},{"damage":23.0,"enemies":"downfall:Watcher","floor":16.0,"turns":10.0},{"damage":16,"enemies":"theJungle:GiantWrat","floor":19,"turns":7},{"damage":20,"enemies":"downfall:FleeingMerchant","floor":21,"turns":4},{"damage":16,"enemies":"theJungle:Flameango_and_Byrd","floor":22,"turns":8},{"damage":25,"enemies":"theJungle:Cassacara","floor":26,"turns":8},{"damage":10,"enemies":"theJungle:Snecko_Cultist_And_Trap","floor":27,"turns":9},{"damage":9,"enemies":"theJungle:2_Phrogs","floor":28,"turns":8},{"damage":0,"enemies":"downfall:FleeingMerchant","floor":31,"turns":4},{"damage":7,"enemies":"Snake Plant","floor":32,"turns":3},{"damage":11,"enemies":"downfall:Defect","floor":33,"turns":7},{"damage":5,"enemies":"3 Shapes","floor":36,"turns":3},{"damage":6,"enemies":"Orb Walker","floor":37,"turns":3},{"damage":95,"enemies":"Orin","floor":38,"turns":10}],"seed_played":"-6606062203771094748","potions_obtained":[{"floor":12.0,"key":"Dexterity Potion"},{"floor":14.0,"key":"potionbrewer:ToxicPotion"},{"floor":16.0,"key":"potionbrewer:BlacksmithPotion"},{"floor":22,"key":"Explosive Potion"},{"floor":22,"key":"EntropicBrew"},{"floor":26,"key":"potionbrewer:BarricadePotion"},{"floor":27,"key":"hexamod:InfernoChargePotion"},{"floor":28,"key":"EssenceOfSteel"},{"floor":31,"key":"potionbrewer:ToxicPotion"},{"floor":32,"key":"hexamod:EctoCoolerPotion"},{"floor":33,"key":"hexamod:EctoCoolerPotion"},{"floor":33,"key":"potionbrewer:InfectionPotion"},{"floor":36,"key":"potionbrewer:AcidPotion"},{"floor":37,"key":"potionbrewer:MidasPotion"},{"floor":37,"key":"SpeedPotion"}],"is_trial":false,"path_per_floor":["R","M","M","?","?","R","T","M","?","$","$","E","M","E","M","B",null,"R","M","?","$","M","R","T","R","E","M","E","?","?","$","M","B",null,"R","M","M","?"],"character_chosen":"THE_SPIRIT","items_purchased":["Fruit Juice","Matryoshka","hexamod:CrushingStance"],"campfire_rested":0,"item_purchase_floors":[21,21,31],"current_hp_per_floor":[77,76,74,74,74,74,74,74,74,74,64,62,47,45,52,36,91,91,82,82,69,65,65,65,65,88,78,69,69,69,69,62,51,106,106,101,95,0,0,0],"gold":215,"neow_bonus":"TEN_PERCENT_HP_BONUS","is_daily":false,"chose_seed":false,"campfire_upgraded":5,"win_rate":0.0,"timestamp":1610018673,"path_taken":["R","M","M","?","?","R","T","M","?","?","$","E","M","E","M","BOSS","R","M","?","$","M","R","T","R","E","?","E","?","?","?","M","BOSS","R","M","M","?"],"items_purchased_type":["Potion","Relic","Card"],"build_version":"2020-12-22","purchased_purges":2,"victory":false,"max_hp_per_floor":[77,77,77,77,77,77,77,77,77,77,77,91,91,91,91,91,91,91,91,91,91,96,96,96,96,106,106,106,106,106,106,106,106,106,106,106,106,106,106,106],"card_choices":[{"not_picked":["hexamod:BurningTouch","hexamod:NightmareStrike"],"picked":"hexamod:InspiringFlames","floor":2.0},{"not_picked":["hexamod:GhostLash","hexamod:SpectersWail"],"picked":"hexamod:Again","floor":3.0},{"not_picked":["hexamod:GhostShield","hexamod:AdvancingGuard"],"picked":"hexamod:ThirdSeal","floor":8.0},{"not_picked":["hexamod:GhostShield","hexamod:FastForward","hexamod:BurningTouch"],"picked":"SKIP","floor":8.0},{"not_picked":["hexamod:Again","hexamod:NightmareGuise"],"picked":"hexamod:HexaLevel","floor":10.0},{"not_picked":["hexamod:SwordOfDarkness","hexamod:ChargedBarrage","hexamod:BurningTouch"],"picked":"SKIP","floor":10.0},{"not_picked":["hexamod:UnleashSpirits","hexamod:SwordOfDarkness","hexamod:RainOfEmbers"],"picked":"SKIP","floor":10.0},{"not_picked":["hexamod:SpectralAdrenaline","hexamod:Rewind"],"picked":"hexamod:TimeWarp","floor":11.0},{"not_picked":["hexamod:NightmareStrike","hexamod:Incineration"],"picked":"hexamod:Hexaguard","floor":11.0},{"not_picked":["hexamod:RainOfEmbers","hexamod:InspiringFlames"],"picked":"hexamod:RecurringNightmare","floor":11.0},{"not_picked":["hexamod:PhantomFireball","hexamod:SkipABeat"],"picked":"hexamod:SpectralAdrenaline","floor":12.0},{"not_picked":["hexamod:NightmareStrike","hexamod:AdvancingGuard"],"picked":"hexamod:GhostOfSpirePast","floor":12.0},{"not_picked":["hexamod:GhostOfSpirePresent","hexamod:AdvancingGuard"],"picked":"hexamod:SecondSeal","floor":12.0},{"not_picked":["hexamod:SpectersWail","hexamod:RainOfEmbers"],"picked":"hexamod:EmpoweredFlame","floor":13.0},{"not_picked":["hexamod:SpectersWail","hexamod:ThermalTransfer"],"picked":"hexamod:GhostOfSpireFuture","floor":13.0},{"not_picked":["hexamod:Hexaguard","hexamod:SkipABeat"],"picked":"hexamod:ExtraCrispy","floor":13.0},{"not_picked":["hexamod:GhostShield","hexamod:BacktrackSmack"],"picked":"hexamod:EtherealExpedition","floor":14.0},{"not_picked":["hexamod:Firestarter","hexamod:HexaLevel"],"picked":"hexamod:FirstSeal","floor":14.0},{"not_picked":["hexamod:ShieldOfDarkness","hexamod:DynamicBlow","hexamod:RetreatToShadows"],"picked":"SKIP","floor":14.0},{"not_picked":["hexamod:SoulSteal","hexamod:GhostShield"],"picked":"hexamod:GhostOfSpireFuture","floor":15.0},{"not_picked":["hexamod:ShieldOfDarkness","hexamod:HauntingEcho"],"picked":"hexamod:SecondSeal","floor":15.0},{"not_picked":["hexamod:GhostflameInferno","hexamod:SearingWound"],"picked":"hexamod:FifthSeal","floor":16.0},{"not_picked":["hexamod:TurnItUp","hexamod:SearingWound"],"picked":"hexamod:TimeOfNeed","floor":16.0},{"not_picked":["hexamod:TimeOfNeed","hexamod:FifthSeal"],"picked":"hexamod:WildfireWeapon","floor":16.0},{"not_picked":[],"picked":"hexamod:GhostOfSpirePast","floor":19},{"not_picked":["hexamod:SecondSeal"],"picked":"SKIP","floor":19},{"not_picked":["hexamod:BurningTouch"],"picked":"SKIP","floor":19},{"not_picked":["hexamod:SecondSeal"],"picked":"SKIP","floor":19},{"not_picked":["hexamod:SecondSeal"],"picked":"SKIP","floor":19},{"not_picked":["hexamod:BurningTouch"],"picked":"SKIP","floor":19},{"not_picked":["hexamod:SecondSeal"],"picked":"SKIP","floor":19},{"not_picked":[],"picked":"hexamod:FourthSeal","floor":21},{"not_picked":[],"picked":"hexamod:EmpoweringStance","floor":21},{"not_picked":["hexamod:Rewind"],"picked":"SKIP","floor":21},{"not_picked":[],"picked":"hexamod:SixthSeal","floor":22},{"not_picked":[],"picked":"hexamod:PhantomCloak","floor":22},{"not_picked":["hexamod:Haunt"],"picked":"SKIP","floor":22},{"not_picked":["hexamod:GhostflameBarrier"],"picked":"SKIP","floor":22},{"not_picked":[],"picked":"hexamod:FourthSeal","floor":26},{"not_picked":["hexamod:InspiringFlames"],"picked":"SKIP","floor":26},{"not_picked":[],"picked":"hexamod:RecurringNightmare","floor":27},{"not_picked":[],"picked":"hexamod:EmpoweredFlame","floor":27},{"not_picked":["hexamod:AdvancingGuard"],"picked":"SKIP","floor":28},{"not_picked":["hexamod:Firestarter"],"picked":"SKIP","floor":28},{"not_picked":[],"picked":"hexamod:GhostLash","floor":31},{"not_picked":["hexamod:NightmareGuise"],"picked":"SKIP","floor":31},{"not_picked":[],"picked":"hexamod:SecondSeal","floor":32},{"not_picked":["hexamod:FastForward+1"],"picked":"SKIP","floor":32},{"not_picked":[],"picked":"hexamod:SixthSeal","floor":33},{"not_picked":[],"picked":"hexamod:RainOfEmbers","floor":36},{"not_picked":[],"picked":"hexamod:BurningTouch","floor":37},{"not_picked":["hexamod:Firestarter+1"],"picked":"SKIP","floor":37},{"not_picked":["hexamod:Firestarter+1"],"picked":"SKIP","floor":37}],"player_experience":1031697,"relics_obtained":[{"floor":7.0,"key":"Mummified Hand"},{"floor":12.0,"key":"Mango"},{"floor":14.0,"key":"MawBank"},{"floor":24,"key":"Potion Belt"},{"floor":24,"key":"Centennial Puzzle"},{"floor":26,"key":"hubris:Potato"},{"floor":28,"key":"infinitespire:CheckeredPen"}],"event_choices":[{"damage_healed":0,"gold_gain":0,"player_choice":"Fight","damage_taken":0,"max_hp_gain":0,"max_hp_loss":0,"event_name":"OrinTheCat","floor":38,"gold_loss":0}],"is_beta":false,"boss_relics":[{"not_picked":["Cursed Key","Calling Bell"],"picked":"Busted Crown"},{"not_picked":["hubris:ScarierMask","SacredBark"],"picked":"SlaversCollar"}],"items_purged_floors":[10,21],"is_endless":false,"potions_floor_spawned":[12,14,16,22,26,28,33,36,37],"killed_by":"Orin","ascension_level":0}}