{"host":"jyuuog6ydc2s7nd8","time":1610033246,"event":{"mods":["BaseMod","Better Vampires","Minty Spire (QoL Compilation)","Shop Mod","StSLib","The Hierophant","The Servant 0.9.4","TheBandit","[IsaacMod]ÒÔÈö¼âËþ"],"gold_per_floor":[117,192,202,202,127,127,162,162,188,213,226,237,255,255,255,255,255],"floor_reached":16,"playtime":197,"items_purged":["Strike_R"],"score":324,"play_id":"124346fd-afbe-431d-a3fa-3b5fe63ee901","local_time":"20210107232726","is_ascension_mode":true,"campfire_choices":[{"data":"Bash","floor":6.0,"key":"SMITH"},{"data":"Battle Trance","floor":15.0,"key":"SMITH"}],"circlet_count":0,"master_deck":["AscendersBane","Strike_R","Strike_R","Strike_R","Defend_R","Defend_R","Defend_R","Defend_R","Bash+1","Battle Trance+1","Sever Soul","Rampage"],"relics":["Burning Blood","HushsDoor","NeowsBlessing","BookOfRevelations","Blood Vial","InkBottle","Juzu Bracelet","Blue Candle"],"acts_visited":["Exordium"],"potions_floor_usage":[],"damage_taken":[{"damage":0.0,"enemies":"Jaw Worm","floor":1.0,"turns":1.0},{"damage":0.0,"enemies":"Small Slimes","floor":3.0,"turns":1.0},{"damage":0.0,"enemies":"Lagavulin","floor":7.0,"turns":1.0},{"damage":0.0,"enemies":"Cultist","floor":8.0,"turns":1.0},{"damage":0.0,"enemies":"3 Sentries","floor":10.0,"turns":2.0},{"damage":0.0,"enemies":"Large Slime","floor":11.0,"turns":2.0},{"damage":46.0,"enemies":"Exordium Thugs","floor":12.0,"turns":4.0},{"damage":35.0,"enemies":"Exordium Wildlife","floor":13.0,"turns":4.0},{"damage":0,"enemies":"Hexaghost","floor":16,"turns":1}],"seed_played":"110030852076305090","potions_obtained":[{"floor":1.0,"key":"SmokeBomb"},{"floor":10.0,"key":"SteroidPotion"},{"floor":11.0,"key":"BlessingOfTheForge"}],"is_trial":false,"path_per_floor":["M","?","M","?","$","R","E","M","T","E","M","M","M","?","R","B"],"character_chosen":"IRONCLAD","items_purchased":[],"campfire_rested":0,"item_purchase_floors":[],"current_hp_per_floor":[74,63,69,43,43,43,51,59,59,67,75,35,8,8,8,10,10],"gold":255,"neow_bonus":"THREE_ENEMY_KILL","is_daily":false,"chose_seed":false,"campfire_upgraded":2,"win_rate":0.0,"timestamp":1610033246,"path_taken":["M","?","M","?","$","R","E","M","T","E","M","M","M","?","R","BOSS"],"items_purchased_type":[],"build_version":"2020-12-22","purchased_purges":1,"victory":false,"max_hp_per_floor":[75,75,75,75,75,75,75,75,75,75,75,75,75,75,75,75,75],"card_choices":[{"not_picked":[],"picked":"ChaosCard","floor":0.0},{"not_picked":["Inflame","Perfected Strike"],"picked":"Battle Trance","floor":1.0},{"not_picked":["Reckless Charge","Sentinel","Twin Strike"],"picked":"SKIP","floor":3.0},{"not_picked":["Sword Boomerang","Exhume"],"picked":"Bomb","floor":7.0},{"not_picked":["Havoc","Pummel","Perfected Strike"],"picked":"SKIP","floor":10.0},{"not_picked":["True Grit","Wild Strike"],"picked":"Sever Soul","floor":11.0},{"not_picked":["Wild Strike","Hemokinesis"],"picked":"Bomb","floor":12.0},{"not_picked":["Havoc","Flex"],"picked":"Rampage","floor":13.0}],"player_experience":1805506,"relics_obtained":[{"floor":7.0,"key":"InkBottle"},{"floor":9.0,"key":"Juzu Bracelet"},{"floor":10.0,"key":"Blue Candle"}],"event_choices":[{"damage_healed":0.0,"max_hp_gain":0.0,"max_hp_loss":0.0,"gold_gain":75.0,"event_name":"World of Goop","player_choice":"Gather Gold","floor":2.0,"gold_loss":0.0,"damage_taken":11.0},{"damage_healed":0.0,"max_hp_gain":0.0,"max_hp_loss":0.0,"gold_gain":0.0,"event_name":"Scrap Ooze","player_choice":"Success","floor":4.0,"gold_loss":0.0,"damage_taken":26.0,"relics_obtained":["Blood Vial"]},{"cards_removed":["Strike_R"],"damage_healed":0.0,"max_hp_gain":0.0,"max_hp_loss":0.0,"gold_gain":0.0,"event_name":"Purifier","player_choice":"Purged","floor":14.0,"gold_loss":0.0,"damage_taken":0.0}],"is_beta":false,"boss_relics":[],"items_purged_floors":[5],"is_endless":false,"potions_floor_spawned":[1,8,10,11],"killed_by":"Hexaghost","ascension_level":20}}