{"host":"s0ikvqhe10eopvjn","time":1610051567,"event":{"mods":["Act Like it!","Bard","BaseMod","Better Third Choice","Block Reminder","Colored Map","Colored Powertips","DeckTracker","Downfall","GifTheSpireLib","Halation","Hallownest","Hermit","Highlight Path","Hubris","Infinite Spire","Mad Scientist","Minty Spire (QoL Compilation)","Permanent Neow","Random Character Button","Replay The Spire","StSLib","The Blackbeard","The Blue Laboratory","The Bug Knight","The Construct","The Cursed","The Disciple","The Hierophant","The Marked","The Mystic","The Necromancer","The Poker Player","The Runesmith","The Servant 0.9.4"],"gold_per_floor":[112,128,143,19,33,62,62,62,62,62,62,62,81,99,99,199,199,215,21,21,39,89,101,128,141,222,56,77,96,96,114,114,217,217,238,43,43,56,78,78,91,111,111,138,138,273,36,62,62,87,87],"floor_reached":50,"playtime":3038,"items_purged":[],"score":398,"play_id":"3c803ead-0176-40fa-9a63-b21c86e62dac","local_time":"20210107203247","is_ascension_mode":false,"campfire_choices":[{"floor":7.0,"key":"REST"},{"floor":10.0,"key":"REST"},{"floor":15.0,"key":"DIG"},{"data":"Amnesia","floor":23.0,"key":"SMITH"},{"floor":32.0,"key":"REST"},{"floor":40.0,"key":"REST"},{"floor":49.0,"key":"REST"}],"circlet_count":0,"master_deck":["Runesmith:Strike_RS","Runesmith:Strike_RS","Runesmith:Strike_RS","Runesmith:Strike_RS","Runesmith:Defend_RS","Runesmith:Defend_RS","Runesmith:Defend_RS","Runesmith:CraftFirestone","Runesmith:Fortify","Runesmith:CraftMagma","Runesmith:WhiteBalance","Runesmith:LithiumIon","Secret Technique","expansioncontent:DonusPower","Replay:Dark Deal+1","Runesmith:Reinforce","Runesmith:HeatedChisel","Runesmith:Supernova","Runesmith:Firestorm","Runesmith:DuctTape","Runesmith:HeatExchange","Runesmith:Electrocute+1","Runesmith:EnergizedChisel","expansioncontent:Flail","Runesmith:Refine","Runesmith:HeatedChisel","Slimebound:Icky","Runesmith:GrandSlam","Runesmith:EnergizedChisel","Runesmith:HammerThrow","Runesmith:HeatedChisel+1","infinitespire:TheBestDefense","Runesmith:ShiftingStrike","ReplayTheSpireMod:Restless Dread","Runesmith:CreatorForm","Runesmith:Overpower","expansioncontent:FaceSlap","Runesmith:LithiumIon","Runesmith:NegativeSpace","Runesmith:Firewall+1","Runesmith:CraftProtectio","Runesmith:ChaoticBlast+1","Runesmith:ChiselStab","Languid","Runesmith:GoWithTheFlow+1","Amnesia","Metamorphosis+1","Runesmith:HammerTime","Runesmith:ShiftingStrike","Runesmith:CraftVitae+1"],"relics":["Runesmith:BrokenRuby","halation:PrussianBluePaint","ReplayTheSpireMod:ShopPack","Runesmith:MiniCore","halation:Trompette","Incense Burner","hubris:BlackHole","halation:StarCompass","Ring of Greed","Ring of Searing","MawBank","halation:IllGainedPizza","Anchor","Toxic Egg 2","Mercury Hourglass","Strange Spoon"],"acts_visited":["Exordium","TheCity","TheBeyond"],"potions_floor_usage":[50],"damage_taken":[{"damage":0.0,"enemies":"Small Slimes","floor":1.0,"turns":3.0},{"damage":1.0,"enemies":"Cultist","floor":2.0,"turns":4.0},{"damage":1.0,"enemies":"2 Louse","floor":3.0,"turns":2.0},{"damage":0.0,"enemies":"Large Slime","floor":5.0,"turns":2.0},{"damage":49.0,"enemies":"Gremlin Nob","floor":6.0,"turns":6.0},{"damage":10.0,"enemies":"Looter","floor":13.0,"turns":2.0},{"damage":0.0,"enemies":"Exordium Thugs","floor":14.0,"turns":3.0},{"damage":0.0,"enemies":"Fading Forest","floor":16.0,"turns":4.0},{"damage":0.0,"enemies":"Shell Parasite","floor":18.0,"turns":3.0},{"damage":2.0,"enemies":"3 Byrds","floor":21.0,"turns":3.0},{"damage":0.0,"enemies":"Centurion and Healer","floor":24.0,"turns":1.0},{"damage":10.0,"enemies":"Snecko","floor":28.0,"turns":3.0},{"damage":8.0,"enemies":"Chosen and Byrds","floor":29.0,"turns":3.0},{"damage":0.0,"enemies":"Cultist and Chosen","floor":31.0,"turns":3.0},{"damage":8.0,"enemies":"hubris:MusketHawk","floor":33.0,"turns":2.0},{"damage":8.0,"enemies":"3 Shapes","floor":35.0,"turns":3.0},{"damage":7.0,"enemies":"Orb Walker","floor":38.0,"turns":2.0},{"damage":5.0,"enemies":"Maw","floor":39.0,"turns":5.0},{"damage":19.0,"enemies":"Spire Growth","floor":41.0,"turns":3.0},{"damage":1.0,"enemies":"Jaw Worm Horde","floor":42.0,"turns":2.0},{"damage":59.0,"enemies":"Maw","floor":44.0,"turns":7.0},{"damage":8.0,"enemies":"4 Shapes","floor":48.0,"turns":2.0},{"damage":53,"enemies":"infinitespire:MassOfShapes","floor":50,"turns":10}],"seed_played":"-5976655013034371234","potions_obtained":[{"floor":6.0,"key":"Milkshake"},{"floor":12.0,"key":"Fruit Juice"},{"floor":12.0,"key":"Fire Potion"},{"floor":12.0,"key":"Venom Potion"},{"floor":13.0,"key":"Weak Potion"},{"floor":14.0,"key":"LiquidMemories"},{"floor":24.0,"key":"Explosive Potion"},{"floor":38.0,"key":"blueLaboratory:CorrosionFlask"},{"floor":41.0,"key":"SteroidPotion"},{"floor":44.0,"key":"Guardian:BlockOnCardUsePotion"},{"floor":46.0,"key":"FairyPotion"}],"is_trial":false,"path_per_floor":["M","M","M","$","M","E","R","?","T","R","?","?","M","M","R_BF","B",null,"M","$","?","M","?","R","M","?","T","$","M","M","?","M","R","B",null,"M","$","?","M","M","R","M","M","T","M","?","?","$","M","R","B"],"character_chosen":"RUNESMITH_CLASS","items_purchased":["ReplayTheSpireMod:ShopPack","Runesmith:Electrocute+1","Runesmith:EnergizedChisel","expansioncontent:Flail","Runesmith:GrandSlam","Runesmith:EnergizedChisel","expansioncontent:FaceSlap","Runesmith:LithiumIon","Runesmith:NegativeSpace","Runesmith:HammerTime","Runesmith:ShiftingStrike","Strange Spoon"],"campfire_rested":5,"item_purchase_floors":[4,19,19,19,27,27,36,36,36,47,47,47],"current_hp_per_floor":[70,69,68,68,68,19,40,40,40,61,54,59,49,49,49,49,75,75,75,75,73,73,73,73,66,66,66,56,63,45,55,75,67,75,67,67,67,60,55,75,56,55,55,11,11,11,11,3,25,0,0],"gold":87,"neow_bonus":"RANDOM_COMMON_RELIC","is_daily":false,"chose_seed":false,"campfire_upgraded":1,"win_rate":0.0,"timestamp":1610051567,"path_taken":["M","M","M","$","M","E","R","?","T","R","?","?","M","?","R_BF","BOSS","M","$","?","M","?","R","M","?","T","$","?","M","?","M","R","BOSS","M","$","?","?","M","R","M","M","T","M","?","?","$","M","R","BOSS"],"items_purchased_type":["Relic","Card","Card","Card","Card","Card","Card","Card","Card","Card","Card","Relic"],"build_version":"2020-12-22","purchased_purges":0,"victory":false,"max_hp_per_floor":[70,70,70,70,70,70,70,70,70,70,70,75,75,75,75,75,75,75,75,75,75,75,75,75,75,75,75,75,75,75,75,75,75,75,75,75,75,75,75,75,75,75,75,75,75,75,75,75,75,75,75],"card_choices":[{"not_picked":["Runesmith:EarthShield","Runesmith:Accelerate"],"picked":"Runesmith:CraftMagma","floor":1.0},{"not_picked":["Runesmith:Grindstone","Runesmith:NegativeSpace"],"picked":"Runesmith:WhiteBalance","floor":2.0},{"not_picked":["Runesmith:BackupBattery","Runesmith:StaticCage"],"picked":"Runesmith:LithiumIon","floor":3.0},{"not_picked":["expansioncontent:DashGenerateEvil","Mayhem"],"picked":"Secret Technique","floor":4.0},{"not_picked":["expansioncontent:BronzeBeam","Replay:Sssssssssstrike"],"picked":"expansioncontent:DonusPower","floor":4.0},{"not_picked":["expansioncontent:DarkVoid","Crow Ritual"],"picked":"Replay:Dark Deal","floor":4.0},{"not_picked":["Runesmith:Grindstone","Runesmith:LithiumIon"],"picked":"Runesmith:Reinforce","floor":5.0},{"not_picked":["Runesmith:Grindstone","Runesmith:FrozenChisel"],"picked":"Runesmith:HeatedChisel","floor":6.0},{"not_picked":["Runesmith:DoubleUp","Runesmith:StaticCage"],"picked":"Runesmith:Supernova","floor":13.0},{"not_picked":["Runesmith:EarthShield","Runesmith:CraftVitae"],"picked":"Runesmith:Firestorm","floor":14.0},{"not_picked":["Runesmith:LastStand","Runesmith:ReplicatingBarrier"],"picked":"Runesmith:DuctTape","floor":16.0},{"not_picked":["Runesmith:PoweredAnvil","Runesmith:CraftProtectio"],"picked":"Runesmith:HeatExchange","floor":18.0},{"not_picked":["Runesmith:ChiselStab","Runesmith:MakeshiftArmor+1"],"picked":"Runesmith:Refine","floor":21.0},{"not_picked":["Runesmith:UnlimitedPower","Runesmith:Attraction"],"picked":"Runesmith:HeatedChisel","floor":24.0},{"not_picked":["Runesmith:RuneHurl","Runesmith:CraftProtectio+1"],"picked":"Runesmith:HammerThrow","floor":28.0},{"not_picked":["Runesmith:Accelerate","Runesmith:Permafrost"],"picked":"Runesmith:HeatedChisel+1","floor":29.0},{"not_picked":["infinitespire:FutureSight","infinitespire:UltimateForm"],"picked":"infinitespire:TheBestDefense","floor":30.0},{"not_picked":["Runesmith:HeatExchange","Runesmith:ChiselStab"],"picked":"Runesmith:ShiftingStrike","floor":31.0},{"not_picked":["Runesmith:ArcReactor","Runesmith:GenerateForcefield"],"picked":"Runesmith:CreatorForm","floor":33.0},{"not_picked":["Runesmith:Augment+1","Runesmith:StaticCage+1"],"picked":"Runesmith:Overpower","floor":35.0},{"not_picked":["Runesmith:Grindstone+1","Runesmith:UnstableHammer+1"],"picked":"Runesmith:Firewall+1","floor":38.0},{"not_picked":["Runesmith:Grindstone+1","Runesmith:StaticCage+1"],"picked":"Runesmith:CraftProtectio","floor":39.0},{"not_picked":["Runesmith:MakeshiftArmor+1","Runesmith:Terraform"],"picked":"Runesmith:ChaoticBlast+1","floor":41.0},{"not_picked":["Runesmith:DoubleUp+1","Runesmith:RuneHurl"],"picked":"Runesmith:ChiselStab","floor":42.0},{"not_picked":["Runesmith:RuneHurl+1","Runesmith:HeatExchange"],"picked":"Runesmith:GoWithTheFlow+1","floor":44.0},{"not_picked":["ReplayUltimateDefense","ReplayTheSpireMod:Uncanny Aura+1"],"picked":"Metamorphosis+1","floor":46.0},{"not_picked":["Runesmith:Prism+1","Runesmith:BackupBattery+1"],"picked":"Runesmith:CraftVitae+1","floor":48.0}],"player_experience":123033,"relics_obtained":[{"floor":6.0,"key":"Runesmith:MiniCore"},{"floor":9.0,"key":"halation:Trompette"},{"floor":15.0,"key":"Incense Burner"},{"floor":22.0,"key":"Ring of Greed"},{"floor":22.0,"key":"Ring of Searing"},{"floor":22.0,"key":"MawBank"},{"floor":22.0,"key":"halation:IllGainedPizza"},{"floor":43.0,"key":"Toxic Egg 2"},{"floor":46.0,"key":"Mercury Hourglass"}],"event_choices":[{"damage_healed":40.0,"max_hp_gain":0.0,"max_hp_loss":70.0,"gold_gain":0.0,"event_name":"betterThird:BetterShining","player_choice":"Embrace Burn","floor":8.0,"gold_loss":0.0,"damage_taken":0.0},{"cards_removed":["Burn"],"damage_healed":0.0,"max_hp_gain":0.0,"max_hp_loss":0.0,"gold_gain":0.0,"event_name":"Golden Wing","player_choice":"Card Removal","floor":11.0,"gold_loss":0.0,"damage_taken":7.0},{"damage_healed":0.0,"max_hp_gain":0.0,"max_hp_loss":0.0,"gold_gain":0.0,"event_name":"Lab","player_choice":"Got Potions","floor":12.0,"gold_loss":0.0,"damage_taken":0.0},{"damage_healed":0.0,"max_hp_gain":0.0,"max_hp_loss":0.0,"gold_gain":0.0,"event_name":"blackbeard:ShipwreckEvent","player_choice":"Anchor","floor":25.0,"gold_loss":0.0,"damage_taken":0.0,"relics_obtained":["Anchor"]},{"cards_removed":["Runesmith:Defend_RS"],"damage_healed":0.0,"max_hp_gain":0.0,"max_hp_loss":0.0,"gold_gain":0.0,"event_name":"Bonfire Elementals","player_choice":"Offered Basic","floor":37.0,"gold_loss":0.0,"damage_taken":0.0},{"damage_healed":0.0,"max_hp_gain":0.0,"max_hp_loss":0.0,"gold_gain":0.0,"event_name":"Tomb of Lord Red Mask","player_choice":"Ignored","floor":45.0,"gold_loss":0.0,"damage_taken":0.0},{"damage_healed":0.0,"max_hp_gain":0.0,"max_hp_loss":0.0,"gold_gain":0.0,"event_name":"betterThird:BetterPortal","player_choice":"Random: Red","floor":46.0,"gold_loss":0.0,"damage_taken":0.0}],"is_beta":false,"boss_relics":[{"not_picked":["Painkiller Herb","hubris:CrackedHourglass"],"picked":"hubris:BlackHole"},{"not_picked":["SlaversCollar","hubris:GrandSneckoEye","infinitespire:Cupcake"]}],"items_purged_floors":[],"is_endless":false,"potions_floor_spawned":[6,13,14,18,24,29,33,35,38,41,44],"killed_by":"infinitespire:MassOfShapes","ascension_level":0}}