{"host":"cv77zuuuekizn3ic","time":1610005648,"event":{"mods":["AchievementEnabler","BaseMod","Marisa£®ÏF”Í°°ƒß¿Ì…≥£©","Minty Spire (QoL Compilation)","StSLib","Waifu the Spire","everything is the same but u backflip on backflip","slay the spire mod where everything is the same but ironclad has a cowboy hat"],"gold_per_floor":[115,127,127,202,101,129,154,10,37,37,68,68,138,179,179,365,365,402,402,447,362,6,77,77,206,206,206,55,55,191,41,41,236,299,343,400,11,20,20,160,0,129,129,12,127,227,343,53,53,93,93,93,26,106,154],"floor_reached":56,"playtime":3066,"items_purged":["Defend_MRS","Strike_MRS","Defend_MRS","Defend_MRS","Defend_MRS","Wraith"],"score":2065,"play_id":"a905ff9e-22e3-47ad-914f-1f679449c1ee","local_time":"20210107154728","is_ascension_mode":true,"campfire_choices":[{"data":"FairyDestructionRay","floor":12.0,"key":"SMITH"},{"data":"Acceleration","floor":15.0,"key":"SMITH"},{"data":"ManaConvection","floor":24.0,"key":"SMITH"},{"data":"Acceleration","floor":27.0,"key":"SMITH"},{"data":"WitchOfGreed","floor":32.0,"key":"SMITH"},{"floor":49,"key":"RECALL"},{"data":"Purity","floor":52,"key":"SMITH"}],"circlet_count":0,"master_deck":["AscendersBane","Strike_MRS+1","Strike_MRS+1","Strike_MRS+1","MasterSpark+1","UpSweep","PowerUp","GrandCross+1","Acceleration+1","FairyDestructionRay+1","ManaConvection+1","Acceleration+1","MysteriousBeam+1","WitchOfGreed+1","SprinkleStarSeal","Robbery","BinaryStars","UltimateShortwave","Parasite","Parasite","6A+1","SuperNova","GrandCross+1","6A+1","MilkyWay+1","TreasureHunter+1","Acceleration","StarBarrage+1","Warcry+1","Escape Plan+1","GravityBeat+1","Purity+1","DeepEcoloBomb+1","MeteoricShower+1"],"relics":["MiniHakkero","NeowsBlessing","StrikeDummy","Akabeko","Tiny Chest","Golden Idol","Bag of Preparation","Strawberry","Regal Pillow","Runic Pyramid","Anchor","Molten Egg 2","Sling","Lantern","ShroomBag","SproutingBranch","Ornamental Fan","Tiny House","Membership Card","Centennial Puzzle","CeramicFish","Whetstone","Red Mask","HornCleat","HandmadeGrimoire","PrismaticShard","Orichalcum","Happy Flower","Vajra","TheAbacus","Gremlin Horn","Calipers"],"acts_visited":["Exordium","TheCity","TheBeyond","TheEnding"],"potions_floor_usage":[50,55,55],"damage_taken":[{"damage":0.0,"enemies":"Jaw Worm","floor":1.0,"turns":1.0},{"damage":0.0,"enemies":"2 Louse","floor":2.0,"turns":1.0},{"damage":0.0,"enemies":"Gremlin Nob","floor":6.0,"turns":1.0},{"damage":10.0,"enemies":"Lagavulin","floor":11.0,"turns":4.0},{"damage":0.0,"enemies":"Gremlin Nob","floor":13.0,"turns":2.0},{"damage":0.0,"enemies":"Gremlin Nob","floor":14.0,"turns":2.0},{"damage":24.0,"enemies":"Hexaghost","floor":16.0,"turns":6.0},{"damage":4.0,"enemies":"3 Byrds","floor":18.0,"turns":2.0},{"damage":3.0,"enemies":"Book of Stabbing","floor":23.0,"turns":3.0},{"damage":21.0,"enemies":"Slavers","floor":25.0,"turns":3.0},{"damage":0.0,"enemies":"Book of Stabbing","floor":30.0,"turns":3.0},{"damage":32.0,"enemies":"Collector","floor":33.0,"turns":8.0},{"damage":7.0,"enemies":"3 Shapes","floor":35.0,"turns":4.0},{"damage":0.0,"enemies":"Orb Walker","floor":36.0,"turns":3.0},{"damage":5,"enemies":"Giant Head","floor":40,"turns":5},{"damage":10,"enemies":"Nemesis","floor":42,"turns":5},{"damage":0,"enemies":"Maw","floor":45,"turns":6},{"damage":20,"enemies":"4 Shapes","floor":46,"turns":5},{"damage":30,"enemies":"Reptomancer","floor":47,"turns":5},{"damage":66,"enemies":"Donu and Deca","floor":50,"turns":7},{"damage":55,"enemies":"Shield and Spear","floor":54,"turns":8},{"damage":57,"enemies":"The Heart","floor":55,"turns":7}],"seed_played":"-100094154759351171","potions_obtained":[{"floor":1.0,"key":"Explosive Potion"},{"floor":6.0,"key":"Fruit Juice"},{"floor":11.0,"key":"SneckoOil"},{"floor":16.0,"key":"SmokeBomb"},{"floor":18.0,"key":"AttackPotion"},{"floor":30.0,"key":"Ancient Potion"},{"floor":33.0,"key":"SteroidPotion"},{"floor":34.0,"key":"Fruit Juice"},{"floor":35.0,"key":"SteroidPotion"},{"floor":42,"key":"DistilledChaos"}],"is_trial":false,"path_per_floor":["M","M","?","?","$","E","T","$","T","?","E","R","?","E","R","B",null,"M","?","T","?","$","E","R","E","T","R","$","?","E","$","R","B",null,"M","M","$","?","T","E","?","E","T","$","M","M","E","$","R","B",null,"R","$","E","B",null],"character_chosen":"MARISA","items_purchased":["Acceleration","ManaConvection","Acceleration","MysteriousBeam","Sling","Fruit Juice","6A+1","Membership Card","Centennial Puzzle","CeramicFish","6A+1","PrismaticShard","Acceleration","StarBarrage+1","Vajra","TheAbacus","Purity","DeepEcoloBomb+1","ShroomBrew"],"campfire_rested":0,"item_purchase_floors":[5,8,8,8,22,22,28,37,37,37,37,44,44,44,48,48,48,53,53],"current_hp_per_floor":[68,68,53,42,42,42,42,42,42,42,32,32,39,39,39,20,66,62,62,62,62,67,64,64,43,43,43,43,43,56,56,56,43,85,92,96,96,96,96,91,91,91,91,91,96,76,64,64,64,17,76,76,76,40,2],"gold":154,"neow_bonus":"THREE_ENEMY_KILL","is_daily":false,"chose_seed":false,"campfire_upgraded":6,"win_rate":0.0,"timestamp":1610005648,"path_taken":["M","M","?","?","$","E","?","$","T","?","E","R","?","E","R","BOSS","M","?","?","?","$","E","R","E","T","R","$","?","E","$","R","BOSS","M","M","$","?","?","E","?","E","T","$","M","M","E","?","R","BOSS","R","$","E","BOSS"],"items_purchased_type":["Card","Card","Card","Card","Relic","Potion","Card","Relic","Relic","Relic","Card","Relic","Card","Card","Relic","Relic","Card","Card","Potion"],"build_version":"2020-12-22","purchased_purges":6,"victory":true,"max_hp_per_floor":[75,75,75,75,75,75,75,75,75,69,69,69,76,76,76,81,81,81,81,81,81,86,86,86,86,86,86,86,86,86,86,86,86,96,96,96,96,96,96,96,96,96,96,96,96,96,96,96,96,96,96,96,96,96,96],"card_choices":[{"not_picked":["AlicesGift","DragonMeteor"],"picked":"PowerUp","floor":1.0},{"not_picked":["WitchLeyline","Orbital"],"picked":"GrandCross","floor":2.0},{"not_picked":["CollectingQuirk","Occultation"],"picked":"FairyDestructionRay","floor":6.0},{"not_picked":["IllusionStar","AsteroidBelt"],"picked":"WitchOfGreed","floor":11.0},{"not_picked":["OneTimeOff","MeteoricShower"],"picked":"SprinkleStarSeal","floor":13.0},{"not_picked":["Occultation","ShootingEcho"],"picked":"Robbery","floor":14.0},{"not_picked":["AbsoluteMagnitude","BlazingStar"],"picked":"BinaryStars","floor":16.0},{"not_picked":["MysteriousBeam","EnergyFlow+1","NonDirectionalLaser+1"],"picked":"SKIP","floor":18.0},{"not_picked":["ShootTheMoon+1","ManaRampage"],"picked":"UltimateShortwave","floor":23.0},{"not_picked":["DarkMatter","NonDirectionalLaser+1","SprinkleStarSeal"],"picked":"SKIP","floor":25.0},{"not_picked":["OortCloud","6A+1","MysteriousBeam+1"],"picked":"SKIP","floor":30.0},{"not_picked":["SatelliteIllusion","StarDustReverie"],"picked":"SuperNova","floor":33.0},{"not_picked":["MagicAbsorber","GravityBeat+1"],"picked":"GrandCross+1","floor":34.0},{"not_picked":["6A+1","GravityBeat+1","Robbery+1"],"picked":"SKIP","floor":35.0},{"not_picked":["GrandCross+1","UnstableBomb+1","SuperPerseids+1"],"picked":"SKIP","floor":36.0},{"not_picked":["AsteroidBelt+1","Orbital"],"picked":"MilkyWay+1","floor":40},{"not_picked":["SuperPerseids","Orbital"],"picked":"TreasureHunter+1","floor":42},{"not_picked":["Metallicize","Vengeance+1"],"picked":"Warcry+1","floor":45},{"not_picked":["Backflip+1","Crescendo+1"],"picked":"Escape Plan+1","floor":46},{"not_picked":["Berserk","Conserve Battery+1"],"picked":"GravityBeat+1","floor":47},{"not_picked":["Dagger Throw+1","Anger+1"],"picked":"MeteoricShower+1","floor":54}],"player_experience":762152,"relics_obtained":[{"floor":6.0,"key":"StrikeDummy"},{"floor":7.0,"key":"Akabeko"},{"floor":9.0,"key":"Tiny Chest"},{"floor":11.0,"key":"Bag of Preparation"},{"floor":13.0,"key":"Strawberry"},{"floor":14.0,"key":"Regal Pillow"},{"floor":20.0,"key":"Anchor"},{"floor":23.0,"key":"Lantern"},{"floor":25.0,"key":"ShroomBag"},{"floor":26.0,"key":"SproutingBranch"},{"floor":30.0,"key":"Ornamental Fan"},{"floor":40,"key":"Whetstone"},{"floor":42,"key":"HornCleat"},{"floor":43,"key":"HandmadeGrimoire"},{"floor":47,"key":"Orichalcum"},{"floor":47,"key":"Happy Flower"},{"floor":54,"key":"Gremlin Horn"},{"floor":54,"key":"Calipers"}],"event_choices":[{"damage_healed":0.0,"max_hp_gain":0.0,"max_hp_loss":0.0,"gold_gain":0.0,"event_name":"Shining Light","player_choice":"Entered Light","floor":3.0,"gold_loss":0.0,"damage_taken":15.0,"cards_upgraded":["GrandCross","Strike_MRS"]},{"damage_healed":0.0,"max_hp_gain":0.0,"max_hp_loss":0.0,"gold_gain":75.0,"event_name":"World of Goop","player_choice":"Gather Gold","floor":4.0,"gold_loss":0.0,"damage_taken":11.0},{"damage_healed":0.0,"max_hp_gain":0.0,"max_hp_loss":6.0,"gold_gain":0.0,"event_name":"Golden Idol","player_choice":"Lose Max HP","floor":10.0,"gold_loss":0.0,"damage_taken":0.0,"relics_obtained":["Golden Idol"]},{"damage_healed":0.0,"max_hp_gain":0.0,"max_hp_loss":0.0,"gold_gain":0.0,"event_name":"Dead Adventurer","player_choice":"Searched \u00272\u0027 times","floor":13.0,"gold_loss":0.0,"damage_taken":0.0},{"damage_healed":0.0,"max_hp_gain":0.0,"max_hp_loss":0.0,"gold_gain":0.0,"event_name":"Cursed Tome","player_choice":"Ignored","floor":19.0,"gold_loss":0.0,"damage_taken":0.0},{"damage_healed":0.0,"max_hp_gain":0.0,"max_hp_loss":0.0,"gold_gain":0.0,"event_name":"Addict","player_choice":"Obtained Relic","floor":21.0,"gold_loss":85.0,"damage_taken":0.0,"relics_obtained":["Molten Egg 2"]},{"damage_healed":0.0,"max_hp_gain":0.0,"max_hp_loss":0.0,"gold_gain":0.0,"event_name":"Upgrade Shrine","player_choice":"Upgraded","floor":29.0,"gold_loss":0.0,"damage_taken":0.0,"cards_upgraded":["MysteriousBeam"]},{"damage_healed":0.0,"max_hp_gain":0.0,"max_hp_loss":0.0,"gold_gain":0.0,"event_name":"OrinTheCat","player_choice":"Ignored","floor":38.0,"gold_loss":0.0,"damage_taken":0.0},{"damage_healed":0,"gold_gain":0,"player_choice":"Paid","damage_taken":0,"relics_obtained":["Red Mask"],"max_hp_gain":0,"max_hp_loss":0,"event_name":"Tomb of Lord Red Mask","floor":41,"gold_loss":160}],"is_beta":false,"boss_relics":[{"not_picked":["Pandora\u0027s Box","Empty Cage"],"picked":"Runic Pyramid"},{"not_picked":["BewitchedHakkero","Velvet Choker"],"picked":"Tiny House"}],"items_purged_floors":[5,22,28,31,37,48],"is_endless":false,"potions_floor_spawned":[1,6,11,18,35,42,45],"ascension_level":11}}