{"host":"56ghxnzsglgdq727","time":1610011436,"event":{"mods":["AchievementEnabler","BaseMod","Downfall","Minty Spire (QoL Compilation)","StSLib"],"gold_per_floor":[99,99,99,99,173,173,173,173,200,312,324,350,92,126,143,240,240,165,184,203,108,122,137,164,164,179,191,222,222,240,257,276,374,374,374,390,409,41,41,41,41,41,54,81,6,31,51,64,76,76],"floor_reached":51,"playtime":2034,"items_purged":["champ:Taunt+1","champ:Execute","champ:Strike"],"score":928,"play_id":"877cb8d8-04f0-460d-8d40-82e75a63823f","local_time":"20210107042356","is_ascension_mode":true,"campfire_choices":[{"data":"champ:Taunt","floor":1.0,"key":"SMITH"},{"data":"champ:TornadoPunch","floor":11.0,"key":"SMITH"},{"data":"champ:DefensiveStyle","floor":18.0,"key":"SMITH"},{"data":"champ:Devastate","floor":25.0,"key":"SMITH"},{"floor":35.0,"key":"RECALL"},{"data":"champ:FalseCounter","floor":40.0,"key":"SMITH"},{"data":"champ:ShieldWall","floor":42.0,"key":"SMITH"},{"data":"Finesse","floor":45.0,"key":"SMITH"}],"circlet_count":0,"master_deck":["champ:Strike","champ:Strike","champ:Defend","champ:Defend","champ:Defend","champ:TornadoPunch+1","champ:ShieldWall+1","champ:ArenaPreparation","champ:ArenaPreparation","champ:DefensiveStyle+1","champ:DefensiveShout","champ:Devastate+1","champ:FalseCounter+1","champ:HoldFirm","champ:DefensiveStyle","champ:Devastate+1","Finesse+1","champ:SkillfulDodge"],"relics":["champ:ChampionCrown","downfall:HeartsMalice","HornCleat","champ:DefensiveTrainingManual","MawBank","Boot","The Courier","SacredBark","downfall:HeartBlessingGreen","hexamod:BolsterEngine","Strawberry","Coffee Dripper","DollysMirror","FossilizedHelix","Omamori","Frozen Egg 2","downfall:HeartBlessingBlue","champ:GladiatorsBookOfMartialProwess"],"acts_visited":["Exordium","TheCity","TheBeyond"],"potions_floor_usage":[49,49,50],"damage_taken":[{"damage":0.0,"enemies":"Small Slimes","floor":2.0,"turns":1.0},{"damage":0.0,"enemies":"2 Louse","floor":6.0,"turns":1.0},{"damage":0.0,"enemies":"Jaw Worm","floor":8.0,"turns":1.0},{"damage":9.0,"enemies":"3 Sentries","floor":9.0,"turns":5.0},{"damage":14.0,"enemies":"Large Slime","floor":12.0,"turns":3.0},{"damage":21.0,"enemies":"downfall:FleeingMerchant","floor":13.0,"turns":4.0},{"damage":10.0,"enemies":"Gremlin Nob","floor":14.0,"turns":3.0},{"damage":28.0,"enemies":"Lots of Slimes","floor":15.0,"turns":3.0},{"damage":30.0,"enemies":"downfall:Watcher","floor":16.0,"turns":4.0},{"damage":13.0,"enemies":"Spheric Guardian","floor":19.0,"turns":4.0},{"damage":10.0,"enemies":"Snake Plant","floor":20.0,"turns":2.0},{"damage":15.0,"enemies":"downfall:FleeingMerchant","floor":21.0,"turns":4.0},{"damage":30.0,"enemies":"Centurion and Healer","floor":22.0,"turns":10.0},{"damage":18.0,"enemies":"Snecko","floor":23.0,"turns":3.0},{"damage":10.0,"enemies":"Chosen and Byrds","floor":26.0,"turns":1.0},{"damage":25.0,"enemies":"Cultist and Chosen","floor":27.0,"turns":4.0},{"damage":20.0,"enemies":"Slavers","floor":28.0,"turns":4.0},{"damage":6.0,"enemies":"Snecko","floor":30.0,"turns":5.0},{"damage":10.0,"enemies":"Centurion and Healer","floor":31.0,"turns":3.0},{"damage":10.0,"enemies":"Chosen and Byrds","floor":32.0,"turns":3.0},{"damage":52.0,"enemies":"downfall:Silent","floor":33.0,"turns":7.0},{"damage":15.0,"enemies":"3 Darklings","floor":36.0,"turns":3.0},{"damage":12.0,"enemies":"3 Shapes","floor":37.0,"turns":3.0},{"damage":31.0,"enemies":"downfall:FleeingMerchant","floor":38.0,"turns":3.0},{"damage":30.0,"enemies":"Sphere and 2 Shapes","floor":43.0,"turns":5.0},{"damage":13.0,"enemies":"Giant Head","floor":44.0,"turns":6.0},{"damage":33.0,"enemies":"Reptomancer","floor":46.0,"turns":4.0},{"damage":5.0,"enemies":"3 Darklings","floor":47.0,"turns":3.0},{"damage":19.0,"enemies":"4 Shapes","floor":48.0,"turns":4.0},{"damage":25,"enemies":"Transient","floor":49,"turns":5},{"damage":10,"enemies":"downfall:Defect","floor":50,"turns":7}],"seed_played":"8110335801513689085","potions_obtained":[{"floor":9.0,"key":"GamblersBrew"},{"floor":12.0,"key":"BlessingOfTheForge"},{"floor":14.0,"key":"Regen Potion"},{"floor":15.0,"key":"Explosive Potion"},{"floor":22.0,"key":"Weak Potion"},{"floor":23.0,"key":"ColorlessPotion"},{"floor":30.0,"key":"champ:TechniquePotion"},{"floor":32.0,"key":"champ:CounterPotion"},{"floor":33.0,"key":"Slimebound:ThreeZeroPotion"},{"floor":37.0,"key":"Fire Potion"},{"floor":44.0,"key":"BlessingOfTheForge"},{"floor":46.0,"key":"AttackPotion"},{"floor":47.0,"key":"Dexterity Potion"},{"floor":48.0,"key":"sneckomod:MuddlingPotion"}],"is_trial":false,"path_per_floor":["R","M","?","?","T","M","T","M","E","?","R","M","$","E","M","B",null,"R","M","M","$","M","M","T","R","M","M","E","?","M","M","M","B",null,"R","M","M","$","?","R","T","R","M","E","R","E","M","M","M","B",null],"character_chosen":"THE_CHAMP","items_purchased":["champ:DefensiveStyle","Boot","champ:DefensiveStyle","DollysMirror","FossilizedHelix","Omamori","Finesse"],"campfire_rested":0,"item_purchase_floors":[13,13,38,38,38,38,38],"current_hp_per_floor":[90,90,90,90,90,90,90,90,86,86,86,82,82,82,73,53,90,90,87,87,87,72,64,64,64,64,64,61,61,60,60,60,18,97,97,97,90,84,84,84,84,84,59,61,71,53,58,49,54,59],"gold":76,"neow_bonus":"THREE_ENEMY_KILL","is_daily":false,"chose_seed":false,"campfire_upgraded":7,"win_rate":0.0,"timestamp":1610011436,"path_taken":["R","M","?","?","?","M","T","M","E","?","R","?","?","E","M","BOSS","R","M","M","$","M","M","T","R","M","M","E","?","?","?","M","BOSS","R","M","M","$","?","R","T","R","M","E","R","E","?","M","M","BOSS"],"items_purchased_type":["Card","Relic","Card","Relic","Relic","Relic","Card"],"build_version":"2020-12-22","purchased_purges":3,"victory":true,"max_hp_per_floor":[90,90,90,90,90,90,90,90,90,90,90,90,90,90,90,90,90,90,90,90,90,90,90,90,90,90,90,97,97,97,97,97,97,97,97,97,97,97,97,97,97,97,97,97,107,107,107,107,107,107],"card_choices":[{"not_picked":["champ:GutPunch","champ:CrookedStrike"],"picked":"champ:TornadoPunch","floor":2.0},{"not_picked":["champ:ShieldSigil","champ:Control"],"picked":"champ:ShieldWall","floor":6.0},{"not_picked":["champ:Balance","champ:BerserkersShout"],"picked":"champ:ArenaPreparation","floor":8.0},{"not_picked":["champ:Shatter","champ:FlashCut"],"picked":"champ:ArenaPreparation","floor":9.0},{"not_picked":["champ:FlashCut","champ:Backstep","champ:RageSigil"],"picked":"SKIP","floor":12.0},{"not_picked":["champ:BringItOn","champ:StanceDance","champ:HeavySlash"],"picked":"SKIP","floor":13.0},{"not_picked":["champ:EndlessRage","champ:CrookedStrike"],"picked":"champ:DefensiveShout","floor":14.0},{"not_picked":["champ:FanOfKnives","champ:StanceDance","champ:FlashCut"],"picked":"SKIP","floor":15.0},{"not_picked":["champ:HeavySlash","champ:LastStand"],"picked":"champ:Devastate","floor":16.0},{"not_picked":["champ:BerserkersShout","champ:RapidStrikes","champ:GladiatorsShout"],"picked":"SKIP","floor":19.0},{"not_picked":["champ:BringItOn","champ:BerserkersShout","champ:RapidStrikes+1"],"picked":"SKIP","floor":20.0},{"not_picked":["champ:TornadoPunch","champ:GladiatorsShout","champ:ShieldSigil"],"picked":"SKIP","floor":21.0},{"not_picked":["champ:StrikeOfGenius","champ:EnragedBash","champ:Balance"],"picked":"SKIP","floor":22.0},{"not_picked":["champ:RapidStrikes+1","champ:CrookedStrike","champ:Backstep"],"picked":"SKIP","floor":23.0},{"not_picked":["champ:RageSigil","champ:FaceSlap","champ:Haymaker"],"picked":"SKIP","floor":26.0},{"not_picked":["champ:Backstep","champ:BerserkersShout","champ:PerfectedStrike"],"picked":"SKIP","floor":27.0},{"not_picked":["champ:BladeFlurry","champ:ShieldSigil","champ:PerfectedStrike"],"picked":"SKIP","floor":28.0},{"not_picked":["champ:BringItOn","champ:FlashCut","champ:ViciousMockery+1"],"picked":"SKIP","floor":30.0},{"not_picked":["champ:BladeFlurry","champ:FanOfKnives"],"picked":"champ:FalseCounter","floor":31.0},{"not_picked":["champ:IronFortress","champ:StanceDance","champ:FaceSlap"],"picked":"SKIP","floor":32.0},{"not_picked":["champ:CheapShot","champ:ShieldSlam"],"picked":"champ:HoldFirm","floor":33.0},{"not_picked":["champ:IronFortress","champ:Haymaker","champ:FlashCut+1"],"picked":"SKIP","floor":36.0},{"not_picked":["champ:IronFortress","champ:ShieldSigil+1","champ:Backstep"],"picked":"SKIP","floor":37.0},{"not_picked":["champ:RapidStrikes","champ:PerfectedStrike+1","champ:Duel+1"],"picked":"SKIP","floor":38.0},{"not_picked":["champ:TornadoPunch+1","champ:PerfectedStrike","champ:FightOn"],"picked":"SKIP","floor":43.0},{"not_picked":["champ:ArenaPreparation+1","champ:IronFortress+1","champ:TornadoPunch"],"picked":"SKIP","floor":44.0},{"not_picked":["champ:EnragedBash","champ:RageSigil","champ:BladeFlurry"],"picked":"SKIP","floor":46.0},{"not_picked":["champ:Haymaker+1","champ:Duel+1","champ:Lariat"],"picked":"SKIP","floor":47.0},{"not_picked":["champ:Backstep","champ:ArenaPreparation","champ:DefensiveShout+1"],"picked":"SKIP","floor":48.0},{"not_picked":["champ:IronFortress+1","champ:ShieldSigil"],"picked":"champ:SkillfulDodge","floor":49}],"player_experience":177297,"relics_obtained":[{"floor":5.0,"key":"HornCleat"},{"floor":7.0,"key":"champ:DefensiveTrainingManual"},{"floor":9.0,"key":"MawBank"},{"floor":14.0,"key":"The Courier"},{"floor":24.0,"key":"hexamod:BolsterEngine"},{"floor":28.0,"key":"Strawberry"},{"floor":44.0,"key":"Frozen Egg 2"},{"floor":46.0,"key":"champ:GladiatorsBookOfMartialProwess"}],"event_choices":[{"cards_removed":["champ:Defend"],"damage_healed":0.0,"max_hp_gain":0.0,"max_hp_loss":0.0,"gold_gain":0.0,"event_name":"Bonfire Elementals","player_choice":"Offered Basic","floor":39.0,"gold_loss":0.0,"damage_taken":0.0}],"is_beta":false,"boss_relics":[{"not_picked":["champ:PowerArmor","Runic Dome"],"picked":"SacredBark"},{"not_picked":["Pandora\u0027s Box","champ:ChampionCrownUpgraded"],"picked":"Coffee Dripper"}],"items_purged_floors":[13,21,38],"is_endless":false,"potions_floor_spawned":[9,12,14,15,22,23,30,32,33,37,44,46,47,48],"ascension_level":1}}