{"host":"y9cfhv0nasly8qeh","time":1610015419,"event":{"mods":["BaseMod","Minty Spire (QoL Compilation)","Relic Stats","StSLib","[IsaacMod]ÒÔÈö¼âËþ"],"gold_per_floor":[115,115,40,40,50,50,76,76,76,76,89,89,102,2,2,75,75,88,0,18,18,18,18,47,59,120],"floor_reached":25,"playtime":489,"items_purged":["Strike_R","Defend_R","Strike_R"],"score":460,"play_id":"28ddb495-f161-4f7f-af0f-f996f90256e2","local_time":"20210107183019","is_ascension_mode":true,"campfire_choices":[{"data":"Twin Strike","floor":6,"key":"SMITH"},{"data":"Offering","floor":10,"key":"SMITH"},{"data":"Bash","floor":12,"key":"SMITH"},{"floor":15,"key":"REST"},{"data":"Berserk","floor":23,"key":"SMITH"}],"circlet_count":0,"master_deck":["AscendersBane","Strike_R","Strike_R+1","Defend_R","Defend_R","Bash+1","Finesse+1","Twin Strike+1","Offering+1","Dropkick","Berserk+1","Writhe"],"relics":["Black Blood","HushsDoor","GuppysTail","Paper Frog","SharpPlug","JudasShadow","SatanicBible","MomsKnife","Potion Belt","MawBank"],"acts_visited":["Exordium","TheCity"],"potions_floor_usage":[16],"damage_taken":[{"damage":14,"enemies":"Jaw Worm","floor":1,"turns":4},{"damage":4,"enemies":"Small Slimes","floor":5,"turns":3},{"damage":8,"enemies":"Gremlin Nob","floor":7,"turns":3},{"damage":6,"enemies":"Cultist","floor":11,"turns":2},{"damage":8,"enemies":"Exordium Wildlife","floor":13,"turns":2},{"damage":29,"enemies":"Hexaghost","floor":16,"turns":6},{"damage":21,"enemies":"Shell Parasite","floor":18,"turns":2},{"damage":0,"enemies":"2 Thieves","floor":20,"turns":1},{"damage":0,"enemies":"Book of Stabbing","floor":24,"turns":2}],"seed_played":"4964302399507972815","potions_obtained":[{"floor":7,"key":"Fire Potion"},{"floor":16,"key":"LiquidBronze"},{"floor":24,"key":"SteroidPotion"}],"is_trial":false,"path_per_floor":["M","?","$","?","M","R","E","$","T","R","M","R","M","$","R","B",null,"M","?","M","$","?","R","E","?"],"character_chosen":"IRONCLAD","items_purchased":["JudasShadow","SatanicBible","MomsKnife","CultistPotion","EntropicBrew"],"campfire_rested":1,"item_purchase_floors":[17,17,17,17,17],"current_hp_per_floor":[42,19,19,19,21,21,19,19,19,19,19,19,17,17,39,16,7,1,1,1,1,1,1,1,0,0],"gold":120,"neow_bonus":"TRANSFORM_TWO_CARDS","is_daily":false,"chose_seed":false,"campfire_upgraded":4,"win_rate":0.0,"timestamp":1610015419,"path_taken":["M","?","$","?","M","R","E","?","T","R","M","R","M","$","R","BOSS","M","?","M","$","?","R","E","?"],"items_purchased_type":["Relic","Relic","Relic","Potion","Potion"],"build_version":"2020-12-22","purchased_purges":3,"victory":false,"max_hp_per_floor":[75,75,75,75,75,75,75,75,75,75,75,75,75,75,75,75,7,1,1,1,1,1,1,1,1,1],"relic_stats":{"counters":[9,25],"Black Blood":36,"MawBank":12,"obtain_stats":[{"KeepersGift":0,"Potion Belt":22,"GuppysTail":0,"JudasShadow":17,"SharpPlug":9,"Black Blood":17,"HushsDoor":0,"MomsKnife":17,"MawBank":24,"Burning Blood":0,"Paper Frog":7,"SatanicBible":17},{"KeepersGift":0,"Potion Belt":8,"GuppysTail":0,"JudasShadow":6,"SharpPlug":3,"Black Blood":6,"HushsDoor":0,"MomsKnife":6,"MawBank":9,"Burning Blood":0,"Paper Frog":3,"SatanicBible":6},{"KeepersGift":0,"Potion Belt":23,"GuppysTail":0,"JudasShadow":20,"SharpPlug":10,"Black Blood":20,"HushsDoor":0,"MomsKnife":20,"MawBank":25,"Burning Blood":0,"Paper Frog":10,"SatanicBible":20}]},"card_choices":[{"not_picked":[],"picked":"DoctorFetus","floor":0},{"not_picked":["Anger","Cleave"],"picked":"Bomb","floor":1},{"not_picked":["Cleave","Twin Strike","Headbutt"],"picked":"SKIP","floor":5},{"not_picked":["Shockwave","Anger"],"picked":"Offering","floor":7},{"not_picked":["Clash","Uppercut"],"picked":"Dropkick","floor":11},{"not_picked":["Cleave","Wild Strike","Pommel Strike"],"picked":"SKIP","floor":13},{"not_picked":["Immolate","Offering"],"picked":"Berserk","floor":16},{"not_picked":["Warcry","Shrug It Off","Anger"],"picked":"SKIP","floor":18},{"not_picked":["Uppercut","Reckless Charge","Perfected Strike"],"picked":"SKIP","floor":20},{"not_picked":["Whirlwind","Armaments","Sentinel+1"],"picked":"SKIP","floor":24}],"player_experience":556044,"relics_obtained":[{"floor":7,"key":"Paper Frog"},{"floor":9,"key":"SharpPlug"},{"floor":24,"key":"MawBank"}],"event_choices":[{"damage_healed":0,"gold_gain":0,"player_choice":"Entered Light","damage_taken":23,"max_hp_gain":0,"max_hp_loss":0,"event_name":"Shining Light","floor":2,"gold_loss":0,"cards_upgraded":["Strike_R","Finesse"]},{"cards_removed":["Defend_R"],"damage_healed":0,"gold_gain":0,"player_choice":"Offered Basic","damage_taken":0,"max_hp_gain":0,"max_hp_loss":0,"event_name":"Bonfire Elementals","floor":4,"gold_loss":0},{"damage_healed":0,"gold_gain":0,"player_choice":"Paid Fearfully","damage_taken":0,"max_hp_gain":0,"max_hp_loss":0,"event_name":"Masked Bandits","floor":19,"gold_loss":88},{"damage_healed":0,"gold_gain":0,"player_choice":"Opened","damage_taken":0,"relics_obtained":["Potion Belt"],"max_hp_gain":0,"max_hp_loss":0,"event_name":"The Mausoleum","floor":22,"gold_loss":0,"cards_obtained":["Writhe"]}],"is_beta":false,"boss_relics":[{"not_picked":["Ectoplasm","Tiny House"],"picked":"Black Blood"},{"not_picked":[]}],"items_purged_floors":[3,14,17],"is_endless":false,"potions_floor_spawned":[7,16,24],"ascension_level":18}}