{"host":"y3h3n3f7seyagppx","time":1610063104,"event":{"mods":["BaseMod","Colored Map","Colored Powertips","DeckTracker","Minty Spire (QoL Compilation)","Random Character Button","Rare Cards Sparkle","Relic Sorter","Relic Stats","StSLib"],"gold_per_floor":[14,25,45,65,81,113,126,126,126,146,175,175,206,222,222,296,296,310,310,71,88,88,88,99,132,132,165,177,177,210,14,14,92,92,103,156,22,34,48,74,74,409,409,409,426,453,453,473,473,473,473,473,473,25,60,60],"floor_reached":57,"playtime":11534,"items_purged":["Strike_R","Strike_R","Strike_R"],"score":3323,"play_id":"78a21ac6-3481-4198-b67d-a6dde3da983d","local_time":"20210107184504","is_ascension_mode":true,"campfire_choices":[{"data":"Blood for Blood","floor":8,"key":"SMITH"},{"data":"Bash","floor":12,"key":"SMITH"},{"data":"Spot Weakness","floor":15,"key":"SMITH"},{"data":"Corruption","floor":23,"key":"SMITH"},{"data":"Body Slam","floor":29,"key":"SMITH"},{"data":"Shockwave","floor":32,"key":"SMITH"},{"data":"Impervious","floor":41,"key":"SMITH"},{"floor":47,"key":"RECALL"},{"data":"Impervious","floor":49,"key":"SMITH"},{"data":"Ghostly","floor":53,"key":"SMITH"}],"circlet_count":0,"master_deck":["AscendersBane","Strike_R","Strike_R","Defend_R","Defend_R","Defend_R","Defend_R","Bash+1","Battle Trance","Corruption+1","Spot Weakness+1","Pommel Strike","Disarm","Blood for Blood+1","Second Wind","Fire Breathing","Impervious+1","Offering","RitualDagger","Impervious+1","Shrug It Off","Ghostly","Ghostly","Ghostly+1","Body Slam+1","Twin Strike+1","Shockwave+1","Evolve","Barricade","Body Slam+1","Flame Barrier+1","Shrug It Off","Dark Shackles","Shrug It Off","Offering","Dark Shackles","Shrug It Off","Thinking Ahead","Whirlwind"],"relics":["Burning Blood","Torii","Art of War","Charon\u0027s Ashes","Thread and Needle","HornCleat","SlaversCollar","DollysMirror","Lizard Tail","InkBottle","Happy Flower","Membership Card","SacredBark","Ice Cream","OrangePellets","Bag of Preparation","Old Coin","StrikeDummy","Lantern","HandDrill","Anchor"],"acts_visited":["Exordium","TheCity","TheBeyond","TheEnding"],"potions_floor_usage":[10,11,35,36,40,56],"damage_taken":[{"damage":6,"enemies":"Cultist","floor":1,"turns":3},{"damage":1,"enemies":"2 Louse","floor":2,"turns":6},{"damage":1,"enemies":"Jaw Worm","floor":3,"turns":5},{"damage":7,"enemies":"Looter","floor":4,"turns":5},{"damage":7,"enemies":"2 Fungi Beasts","floor":5,"turns":5},{"damage":35,"enemies":"Gremlin Nob","floor":6,"turns":4},{"damage":10,"enemies":"Blue Slaver","floor":7,"turns":4},{"damage":14,"enemies":"Exordium Thugs","floor":10,"turns":2},{"damage":13,"enemies":"3 Sentries","floor":11,"turns":5},{"damage":2,"enemies":"Lagavulin","floor":13,"turns":7},{"damage":0,"enemies":"Looter","floor":14,"turns":3},{"damage":19,"enemies":"Hexaghost","floor":16,"turns":9},{"damage":6,"enemies":"2 Thieves","floor":18,"turns":3},{"damage":16,"enemies":"3 Byrds","floor":21,"turns":5},{"damage":1,"enemies":"Snecko","floor":24,"turns":5},{"damage":1,"enemies":"Gremlin Leader","floor":25,"turns":6},{"damage":12,"enemies":"Book of Stabbing","floor":27,"turns":5},{"damage":0,"enemies":"Snake Plant","floor":28,"turns":5},{"damage":0,"enemies":"Slavers","floor":30,"turns":4},{"damage":26,"enemies":"Automaton","floor":33,"turns":8},{"damage":0,"enemies":"Orb Walker","floor":35,"turns":4},{"damage":0,"enemies":"2 Orb Walkers","floor":36,"turns":4},{"damage":1,"enemies":"3 Shapes","floor":38,"turns":3},{"damage":23,"enemies":"Spire Growth","floor":39,"turns":7},{"damage":0,"enemies":"Nemesis","floor":40,"turns":3},{"damage":8,"enemies":"Giant Head","floor":42,"turns":6},{"damage":0,"enemies":"Transient","floor":45,"turns":6},{"damage":1,"enemies":"Nemesis","floor":46,"turns":7},{"damage":0,"enemies":"Sphere and 2 Shapes","floor":48,"turns":6},{"damage":7,"enemies":"Awakened One","floor":50,"turns":10},{"damage":1,"enemies":"Time Eater","floor":51,"turns":7},{"damage":12,"enemies":"Shield and Spear","floor":55,"turns":5},{"damage":51,"enemies":"The Heart","floor":56,"turns":8}],"seed_played":"3757528911509719293","potions_obtained":[{"floor":1,"key":"Fire Potion"},{"floor":6,"key":"Explosive Potion"},{"floor":10,"key":"DuplicationPotion"},{"floor":11,"key":"SpeedPotion"},{"floor":27,"key":"Swift Potion"},{"floor":33,"key":"Fruit Juice"},{"floor":35,"key":"SneckoOil"},{"floor":38,"key":"ElixirPotion"},{"floor":42,"key":"SteroidPotion"},{"floor":48,"key":"Strength Potion"}],"is_trial":false,"path_per_floor":["M","M","M","M","M","E","M","R","T","M","E","R","E","M","R","B",null,"M","?","$","M","?","R","M","E","T","E","M","R","E","$","R","B",null,"M","?","$","M","M","E","R","E","T","?","M","E","R","M","R","B","B",null,"R","$","E","B",null],"character_chosen":"IRONCLAD","items_purchased":["DollysMirror","Membership Card","Evolve","OrangePellets","Lantern","Dark Shackles","Shrug It Off","HandDrill","LiquidMemories","Thinking Ahead"],"campfire_rested":0,"item_purchase_floors":[20,31,31,37,54,54,54,54,54,54],"current_hp_per_floor":[68,73,75,74,73,44,40,40,40,32,25,25,29,35,35,22,62,62,56,56,46,37,37,37,37,37,31,37,37,37,37,37,17,32,47,47,47,47,30,36,36,34,34,24,30,35,35,41,41,40,45,47,47,47,41,26],"gold":60,"neow_bonus":"ONE_RARE_RELIC","is_daily":false,"chose_seed":false,"campfire_upgraded":9,"win_rate":0.0,"timestamp":1610063104,"path_taken":["M","M","M","?","M","E","M","R","T","M","E","R","E","M","R","BOSS","M","?","$","M","?","R","M","E","T","E","M","R","E","?","R","BOSS","M","?","$","M","M","E","R","E","T","?","M","E","R","M","R","BOSS","BOSS","R","$","E","BOSS"],"items_purchased_type":["Relic","Relic","Card","Relic","Relic","Card","Card","Relic","Potion","Card"],"build_version":"2020-12-22","purchased_purges":3,"victory":true,"max_hp_per_floor":[75,75,75,75,75,75,75,75,75,75,75,75,75,75,75,75,75,75,75,75,75,37,37,37,37,37,37,37,37,37,37,37,37,37,47,47,47,47,47,47,47,47,47,47,47,47,47,47,47,47,47,47,47,47,47,47],"relic_stats":{"OrangePellets":[9],"Lizard Tail":23,"Torii":37,"Happy Flower":[28],"counters":[33,175],"Charon\u0027s Ashes":[1182],"Art of War":[22],"Bag of Preparation":[16],"HandDrill":[2],"obtain_stats":[{"Ice Cream":36,"Lantern":54,"Torii":0,"Happy Flower":30,"SacredBark":34,"Thread and Needle":11,"Charon\u0027s Ashes":9,"Bag of Preparation":40,"Burning Blood":0,"Old Coin":42,"SlaversCollar":17,"OrangePellets":37,"Lizard Tail":25,"Anchor":55,"HornCleat":13,"DollysMirror":20,"Art of War":6,"HandDrill":54,"Membership Card":31,"StrikeDummy":46,"InkBottle":26},{"Ice Cream":22,"Lantern":31,"Torii":0,"Happy Flower":19,"SacredBark":20,"Thread and Needle":9,"Charon\u0027s Ashes":7,"Bag of Preparation":25,"Burning Blood":0,"Old Coin":26,"SlaversCollar":12,"OrangePellets":22,"Lizard Tail":16,"Anchor":32,"HornCleat":10,"DollysMirror":13,"Art of War":6,"HandDrill":31,"Membership Card":19,"StrikeDummy":28,"InkBottle":16},{"Ice Cream":107,"Lantern":162,"Torii":0,"Happy Flower":91,"SacredBark":99,"Thread and Needle":39,"Charon\u0027s Ashes":32,"Bag of Preparation":120,"Burning Blood":0,"Old Coin":126,"SlaversCollar":58,"OrangePellets":107,"Lizard Tail":77,"Anchor":167,"HornCleat":46,"DollysMirror":61,"Art of War":28,"HandDrill":162,"Membership Card":91,"StrikeDummy":139,"InkBottle":77}],"Burning Blood":167,"InkBottle":[41]},"card_choices":[{"not_picked":["Clothesline","Anger"],"picked":"Battle Trance","floor":1},{"not_picked":["Thunderclap","Headbutt"],"picked":"Corruption","floor":2},{"not_picked":["Anger","Metallicize"],"picked":"Spot Weakness","floor":3},{"not_picked":["Wild Strike","Sword Boomerang"],"picked":"Pommel Strike","floor":4},{"not_picked":["Headbutt","Ghostly Armor"],"picked":"Disarm","floor":5},{"not_picked":["Body Slam","Dark Embrace"],"picked":"Blood for Blood","floor":6},{"not_picked":["Havoc","Perfected Strike","Rampage"],"picked":"SKIP","floor":7},{"not_picked":["Iron Wave","Searing Blow"],"picked":"Second Wind","floor":10},{"not_picked":["Clash","Flex"],"picked":"Fire Breathing","floor":11},{"not_picked":["Thunderclap","Heavy Blade"],"picked":"Impervious","floor":13},{"not_picked":["Searing Blow","True Grit","Heavy Blade"],"picked":"SKIP","floor":14},{"not_picked":["Searing Blow","True Grit","Heavy Blade"],"picked":"SKIP","floor":14},{"not_picked":["Double Tap","Fiend Fire"],"picked":"Offering","floor":16},{"not_picked":["Anger","Sever Soul","Wild Strike"],"picked":"SKIP","floor":18},{"not_picked":["Anger","Sever Soul","Wild Strike"],"picked":"SKIP","floor":18},{"not_picked":["Pummel","Thunderclap"],"picked":"Shrug It Off","floor":21},{"not_picked":["Perfected Strike","Pommel Strike"],"picked":"Body Slam","floor":24},{"not_picked":["Cleave","Intimidate","Ghostly Armor"],"picked":"SKIP","floor":25},{"not_picked":["Wild Strike","Anger"],"picked":"Twin Strike+1","floor":27},{"not_picked":["Metallicize","Body Slam","Heavy Blade"],"picked":"SKIP","floor":28},{"not_picked":["Berserk","Entrench"],"picked":"Shockwave","floor":30},{"not_picked":["Reaper","Brutality"],"picked":"Barricade","floor":33},{"not_picked":["Warcry+1","Armaments"],"picked":"Body Slam+1","floor":35},{"not_picked":["Bloodletting","Warcry+1"],"picked":"Flame Barrier+1","floor":38},{"not_picked":["Anger","Twin Strike","Rupture"],"picked":"SKIP","floor":39},{"not_picked":["Sword Boomerang","Spot Weakness","Cleave"],"picked":"SKIP","floor":40},{"not_picked":["Flex","Headbutt"],"picked":"Shrug It Off","floor":42},{"not_picked":["Blind","Transmutation"],"picked":"Dark Shackles","floor":44},{"not_picked":["Heavy Blade","Wild Strike"],"picked":"Shrug It Off","floor":45},{"not_picked":["Heavy Blade","Spot Weakness","Clash+1"],"picked":"SKIP","floor":46},{"not_picked":["Flame Barrier","Flex"],"picked":"Offering","floor":48},{"not_picked":["Intimidate","Reckless Charge"],"picked":"Whirlwind","floor":55}],"player_experience":20435957,"relics_obtained":[{"floor":6,"key":"Art of War"},{"floor":9,"key":"Charon\u0027s Ashes"},{"floor":11,"key":"Thread and Needle"},{"floor":13,"key":"HornCleat"},{"floor":25,"key":"Lizard Tail"},{"floor":26,"key":"InkBottle"},{"floor":30,"key":"Happy Flower"},{"floor":36,"key":"Ice Cream"},{"floor":40,"key":"Bag of Preparation"},{"floor":42,"key":"Old Coin"},{"floor":46,"key":"StrikeDummy"},{"floor":55,"key":"Anchor"}],"event_choices":[{"damage_healed":0,"gold_gain":0,"player_choice":"Joined the Cult","damage_taken":6,"max_hp_gain":0,"max_hp_loss":0,"event_name":"Nest","floor":19,"gold_loss":0,"cards_obtained":["RitualDagger"]},{"damage_healed":0,"gold_gain":0,"player_choice":"Became a Ghost","damage_taken":0,"max_hp_gain":0,"max_hp_loss":38,"event_name":"Ghosts","floor":22,"gold_loss":0,"cards_obtained":["Ghostly","Ghostly","Ghostly"]},{"damage_healed":0,"gold_gain":0,"player_choice":"Fight","damage_taken":0,"max_hp_gain":0,"max_hp_loss":0,"event_name":"Mysterious Sphere","floor":36,"gold_loss":0},{"damage_healed":0,"gold_gain":0,"player_choice":"Memory 3","damage_taken":10,"max_hp_gain":0,"max_hp_loss":0,"event_name":"SensoryStone","floor":44,"gold_loss":0}],"is_beta":false,"boss_relics":[{"not_picked":["Empty Cage","Fusion Hammer"],"picked":"SlaversCollar"},{"not_picked":["Runic Cube","Black Blood"],"picked":"SacredBark"}],"items_purged_floors":[20,37,54],"is_endless":false,"potions_floor_spawned":[1,6,7,10,11,24,27,30,33,35,38,42,48],"ascension_level":20}}