{"host":"og6lam4kt3nibbw0","time":1610037750,"event":{"mods":["AchievementEnabler","BaseMod","Colored Map","DeckTracker","Highlight Path","Keyboard Shortcuts","Minty Spire (QoL Compilation)","Permanent Neow","Quick Restart","StSLib","SuperFastMode"],"gold_per_floor":[115,125,70,70,84,84,103,131,131,131,163,238,253,5,5,5,5],"floor_reached":16,"playtime":580,"items_purged":["Strike_B"],"score":220,"play_id":"918618d7-d935-40be-9ff6-d84f44b121f0","local_time":"20210108014230","is_ascension_mode":true,"campfire_choices":[{"data":"Zap","floor":6.0,"key":"SMITH"},{"floor":10.0,"key":"REST"},{"floor":15.0,"key":"REST"}],"circlet_count":0,"master_deck":["AscendersBane","Strike_B","Strike_B","Defend_B","Defend_B","Defend_B+1","Defend_B","Zap+1","Dualcast+1","Sweeping Beam","Conserve Battery","Streamline","Streamline","Ball Lightning","Hologram"],"relics":["Black Star","Oddly Smooth Stone","Pear","Peace Pipe","War Paint","HandDrill"],"acts_visited":["Exordium"],"potions_floor_usage":[],"damage_taken":[{"damage":12.0,"enemies":"Jaw Worm","floor":1.0,"turns":4.0},{"damage":2.0,"enemies":"2 Louse","floor":2.0,"turns":3.0},{"damage":7.0,"enemies":"Small Slimes","floor":5.0,"turns":4.0},{"damage":9.0,"enemies":"Red Slaver","floor":7.0,"turns":3.0},{"damage":5.0,"enemies":"3 Sentries","floor":8.0,"turns":2.0},{"damage":22.0,"enemies":"Lagavulin","floor":11.0,"turns":7.0},{"damage":0.0,"enemies":"Exordium Thugs","floor":13.0,"turns":4.0},{"damage":51,"enemies":"Hexaghost","floor":16,"turns":9}],"seed_played":"1413991509613534167","potions_obtained":[{"floor":2.0,"key":"Swift Potion"},{"floor":5.0,"key":"AttackPotion"},{"floor":7.0,"key":"PowerPotion"},{"floor":11.0,"key":"Block Potion"}],"is_trial":false,"path_per_floor":["M","M","$","?","M","R","M","E","T","R","E","?","M","$","R","B"],"character_chosen":"DEFECT","items_purchased":["Streamline","HandDrill"],"campfire_rested":2,"item_purchase_floors":[3,14],"current_hp_per_floor":[52,50,50,43,36,36,27,32,32,56,34,23,23,23,47,0,0],"gold":5,"neow_bonus":"BOSS_RELIC","is_daily":false,"chose_seed":false,"campfire_upgraded":1,"win_rate":0.0,"timestamp":1610037750,"path_taken":["M","M","$","?","M","R","M","E","T","R","E","?","M","?","R","BOSS"],"items_purchased_type":["Card","Relic"],"build_version":"2020-12-22","purchased_purges":1,"victory":false,"max_hp_per_floor":[71,71,71,71,71,71,71,81,81,81,81,81,81,81,81,81,81],"card_choices":[{"not_picked":["Stack","Go for the Eyes"],"picked":"Sweeping Beam","floor":1.0},{"not_picked":["Compile Driver","Beam Cell"],"picked":"Conserve Battery","floor":2.0},{"not_picked":["Conserve Battery","Force Field"],"picked":"Streamline","floor":5.0},{"not_picked":["Darkness","Multi-Cast"],"picked":"Ball Lightning","floor":7.0},{"not_picked":["Fusion","Force Field"],"picked":"Hologram","floor":8.0},{"not_picked":["Redo","Ball Lightning","Conserve Battery"],"picked":"SKIP","floor":11.0},{"not_picked":["Rainbow","Streamline","Conserve Battery"],"picked":"SKIP","floor":13.0}],"player_experience":828024,"relics_obtained":[{"floor":8.0,"key":"Oddly Smooth Stone"},{"floor":8.0,"key":"Pear"},{"floor":11.0,"key":"Peace Pipe"},{"floor":11.0,"key":"War Paint"}],"event_choices":[{"cards_removed":["Strike_B"],"damage_healed":0.0,"max_hp_gain":0.0,"max_hp_loss":0.0,"gold_gain":0.0,"event_name":"Golden Wing","player_choice":"Card Removal","floor":4.0,"gold_loss":0.0,"damage_taken":7.0},{"damage_healed":0.0,"max_hp_gain":0.0,"max_hp_loss":0.0,"gold_gain":75.0,"event_name":"World of Goop","player_choice":"Gather Gold","floor":12.0,"gold_loss":0.0,"damage_taken":11.0}],"is_beta":false,"boss_relics":[],"items_purged_floors":[14],"is_endless":false,"potions_floor_spawned":[2,5,7,11],"killed_by":"Hexaghost","ascension_level":20}}