{"host":"853vx6s5mj9srtgy","time":1610050595,"event":{"mods":["2.2 Compatiblity","Act Like it!","Aspiration","BaseMod","Better Altar","Better Note","Better Sensory Stone","Better Skull","Better Third Choice","Better Vampires","CCEM","CapriCore","Colored Powertips","Communication Mod","Conspire","Downfall","Friendly Minions","Gensokyo","GifTheSpireLib","Halation","HololiveMod","HornydragonMod","Hubris","Infinite Spire","Koishi","LagranYue(©Ô®æ®Ô¡P¤ë)","Marisa¡]Ãú«B¡@Å]²z¨F¡^","Minty Spire (QoL Compilation)","MostiFishMod","Permanent Neow","Quick Restart","Rare Cards Sparkle","Red Circlet Mod","Reimu¡]³Õ???¡^","Relic Sorter","Relic Stats","Remilia¡]Á¢¦Ì²ú?¡^","Replay The Spire","RumiaBox-ÅS¦Ì?ªº¯«¯µ²°¤l","Ryuuou?¤ý","Small Relic Pack","Spicy Shops","Spikes Relics","StSLib","Starting Relic: Pandora\u0027s Box","TestMod","The Immortal","The Servant 0.9.4","Unknown Chances","Wandering Minibosses","WarShipGirlsR/??¤Ö¤kR mod","Yakumo Yukari mod","Youmu¡]»î¾z§¯?¡^","Yuyuko","noobMod","¡i¥\¯àMod¡j²V¨P¤§?­×Î`?¤B"],"gold_per_floor":[184,852,872,360,372,372,400,414,414,425,440,440,470,400,400,499,499,509,527,527,527,555,1315,1315,1447,1447,1780,1780,1903,3276,3226,3226,3706,3706,3722,3750,3750,3750,2280,3027,3092,3092,3092,2075,2117,2117],"floor_reached":45,"playtime":3852,"items_purged":["Ahahah","ThrowBottle","Fury","Fury"],"score":831,"play_id":"4f34d26d-b4d4-4c9c-901d-68d5da74c6ab","local_time":"20210108041635","is_ascension_mode":true,"campfire_choices":[{"floor":6,"key":"RECALL"},{"data":"LuckyCoin","floor":15,"key":"SMITH"},{"data":"Refill","floor":24,"key":"SMITH"},{"data":"BloodyMary","floor":32,"key":"SMITH"}],"circlet_count":0,"master_deck":["DrunkenFist","AlcoholBarrier+1","BreakDrink","HeadDefend","AlcoholAttack+1","ThrowBottle","Sadman570","DrunkardWalk","BirdAttack","ShrimpCocktail","PointCard0+1","CardDestruct","Yeast","LuckyCoin+1","BloodyMary+1","Fbi","UnoWild4","Refill+1","Gensokyo:MonkeysPaw","Doubt","DrunkenFist+1","BloodyMary+1","BloodyMary+1","BlackJackAttack+1","LuckyCoin+1","Gensokyo:DepletedGenerator","Gensokyo:ExoticEgg","Gensokyo:BlemishedSteel","Gensokyo:TrainingManual"],"relics":["WineBottle","ReplayTheSpireMod:Ring of Challenge","Replay:Ringing Soul","CCEMRelics:DissonantTune","testmod-TestBox","DaveBox","ice","LagranYue:RandomDrawCardRelic","ChiXiaoBlade","testmod-ThousandKnives","SynthV:TestCard","Baka2","Lee\u0027s Waffle","Replay:Bottled Flurry","LagranYue:GuidanceLightRelic","Replay:WaspNest","SoulBox","Letter Opener","Tea:ReiMu","hubris:TinFlute","conspire:Dentures","Gensokyo:ChorusOfJoy","Omamori","Potion Belt","HaiYi:Twilight","relicPack:AllForOne","Gensokyo:DualWield","LagranYue:NewUniverseRelic","hubris:PeanutButter","DianDianMeat","Art of War","Bag of Preparation","halation:Thesaurus","Chemical X","Meat on the Bone","Strange Spoon","TentaclePot:ReiMu","testmod-Charity"],"acts_visited":["Gensokyo:Gensokyo","Gensokyo:Gensokyoer","Gensokyo:Gensokyoest"],"potions_floor_usage":[7,7,11,23,25,33,33,45,45,45],"damage_taken":[{"damage":3,"enemies":"Gensokyo:Python","floor":1,"turns":3},{"damage":0,"enemies":"Gensokyo:3_Fairies","floor":3,"turns":2},{"damage":17,"enemies":"Gensokyo:Gryphon","floor":5,"turns":3},{"damage":0,"enemies":"Gensokyo:Mamizou","floor":7,"turns":4},{"damage":0,"enemies":"Gensokyo:LivingMonolith","floor":8,"turns":2},{"damage":0,"enemies":"Gensokyo:Kitsune","floor":10,"turns":2},{"damage":25,"enemies":"Gensokyo:3_Kodama","floor":11,"turns":9},{"damage":22,"enemies":"Gensokyo:Cirno","floor":13,"turns":4},{"damage":21,"enemies":"Gensokyo:Reimu","floor":16,"turns":5},{"damage":39,"enemies":"Gensokyo:3_Dogs","floor":18,"turns":2},{"damage":4,"enemies":"Gensokyo:Chomper","floor":19,"turns":4},{"damage":14,"enemies":"Gensokyo:Monolith_and_Dog","floor":22,"turns":3},{"damage":81,"enemies":"Gensokyo:Reisen","floor":23,"turns":7},{"damage":39,"enemies":"Gensokyo:Koishi","floor":25,"turns":3},{"damage":71,"enemies":"Gensokyo:Tenshi","floor":27,"turns":4},{"damage":32,"enemies":"Nightmare","floor":29,"turns":5},{"damage":103,"enemies":"Gensokyo:3_Gloops","floor":30,"turns":2},{"damage":25,"enemies":"Gensokyo:Eternal_Rivals","floor":33,"turns":5},{"damage":2,"enemies":"Gensokyo:3_Boulders","floor":35,"turns":3},{"damage":7,"enemies":"Gensokyo:3_Bats","floor":36,"turns":2},{"damage":96,"enemies":"Gensokyo:Kasen","floor":40,"turns":5},{"damage":0,"enemies":"Gensokyo:AtlasGolem","floor":41,"turns":1},{"damage":199,"enemies":"Gensokyo:Doremy","floor":45,"turns":4}],"seed_played":"-4173638855818094395","potions_obtained":[{"floor":1,"key":"AttackPotion"},{"floor":3,"key":"Toxic Potion"},{"floor":10,"key":"LifebloodPotion"},{"floor":16,"key":"AlcoholPotion"},{"floor":19,"key":"ZuzhouPotion:ReiMu"},{"floor":23,"key":"SkillPotion"},{"floor":29,"key":"Energy Potion"},{"floor":30,"key":"SkillPotion"},{"floor":33,"key":"Ancient Potion"},{"floor":36,"key":"Flashbang"},{"floor":40,"key":"Strength Potion"},{"floor":41,"key":"LiquidMemories"}],"is_trial":false,"path_per_floor":["M","?","M","$","M","R","E","M","T","M","M","?","E","?","R","B",null,"M","M","?","?","M","E","R","E","T","E","?","NM","M","?","R","B",null,"M","M","?","?","$","E","M","R","T","COS","E"],"character_chosen":"HORNYDRAGON","items_purchased":["PointCard0+1","CardDestruct","Lee\u0027s Waffle","LagranYue:NewUniverseRelic","hubris:PeanutButter","CCEMRelics:DissonantTune","Replay:Ringing Soul","DianDianMeat"],"campfire_rested":0,"item_purchase_floors":[4,4,4,39,39,39,39,39],"current_hp_per_floor":[84,14,14,94,77,77,77,77,77,80,68,68,76,76,76,58,120,115,111,108,108,98,21,21,89,89,22,22,121,44,51,51,141,141,126,142,142,142,142,87,114,114,114,135,0,0],"gold":2117,"neow_bonus":"HUNDRED_GOLD","is_daily":false,"chose_seed":false,"campfire_upgraded":3,"win_rate":0.0,"timestamp":1610050595,"path_taken":["M","?","?","$","M","R","E","M","T","?","M","?","E","?","R","BOSS","M","M","?","?","M","E","R","E","T","E","?","NM","?","?","R","BOSS","M","M","?","?","?","E","?","R","T","COS","E"],"items_purchased_type":["Card","Card","Relic","Relic","Relic","Relic","Relic","Relic"],"build_version":"2020-12-22","purchased_purges":4,"victory":false,"max_hp_per_floor":[87,87,87,94,94,94,94,94,94,97,106,106,117,117,117,120,120,120,120,108,108,108,108,108,109,109,114,114,131,131,138,138,141,141,156,156,156,156,156,169,174,174,174,195,213,213],"relic_stats":{"Strange Spoon":[0],"Lee\u0027s Waffle":80,"counters":[23,84],"Art of War":[0],"Bag of Preparation":[2],"Letter Opener":[211],"Chemical X":[1],"obtain_stats":[{"Gensokyo:ChorusOfJoy":28,"DaveBox":0,"LagranYue:RandomDrawCardRelic":0,"Tea:ReiMu":25,"SoulBox":17,"ice":0,"Bag of Preparation":43,"Gensokyo:DualWield":38,"testmod-Charity":44,"Frozen Eye":25,"Replay:Ringing Soul":39,"Baka2":3,"testmod-ThousandKnives":0,"CCEMRelics:DissonantTune":39,"Replay:Bottled Flurry":7,"relicPack:AllForOne":37,"Chemical X":44,"hubris:TinFlute":26,"LagranYue:NewUniverseRelic":39,"InkBottle":40,"WineBottle":0,"conspire:Dentures":27,"Potion Belt":30,"DianDianMeat":39,"Lee\u0027s Waffle":4,"testmod-TestBox":0,"TentaclePot:ReiMu":44,"Replay:WaspNest":13,"Baka":1,"Omamori":29,"Letter Opener":23,"halation:Thesaurus":44,"LagranYue:GuidanceLightRelic":11,"Strange Spoon":44,"SynthV:TestCard":1,"HaiYi:Twilight":34,"ChiXiaoBlade":0,"hubris:PeanutButter":39,"Art of War":40,"ReplayTheSpireMod:Ring of Challenge":21,"Meat on the Bone":44},{"Gensokyo:ChorusOfJoy":15,"DaveBox":0,"LagranYue:RandomDrawCardRelic":0,"Tea:ReiMu":14,"SoulBox":9,"ice":0,"Bag of Preparation":22,"Gensokyo:DualWield":20,"testmod-Charity":22,"Frozen Eye":13,"Replay:Ringing Soul":20,"Baka2":2,"testmod-ThousandKnives":0,"CCEMRelics:DissonantTune":20,"Replay:Bottled Flurry":4,"relicPack:AllForOne":20,"Chemical X":22,"hubris:TinFlute":14,"LagranYue:NewUniverseRelic":20,"InkBottle":21,"WineBottle":0,"conspire:Dentures":15,"Potion Belt":17,"DianDianMeat":20,"Lee\u0027s Waffle":2,"testmod-TestBox":0,"TentaclePot:ReiMu":22,"Replay:WaspNest":8,"Baka":1,"Omamori":16,"Letter Opener":13,"halation:Thesaurus":22,"LagranYue:GuidanceLightRelic":7,"Strange Spoon":22,"SynthV:TestCard":1,"HaiYi:Twilight":18,"ChiXiaoBlade":0,"hubris:PeanutButter":20,"Art of War":21,"ReplayTheSpireMod:Ring of Challenge":11,"Meat on the Bone":22},{"Gensokyo:ChorusOfJoy":57,"DaveBox":0,"LagranYue:RandomDrawCardRelic":0,"Tea:ReiMu":53,"SoulBox":34,"ice":0,"Bag of Preparation":80,"Gensokyo:DualWield":74,"testmod-Charity":80,"Frozen Eye":50,"Replay:Ringing Soul":74,"Baka2":5,"testmod-ThousandKnives":0,"CCEMRelics:DissonantTune":74,"Replay:Bottled Flurry":12,"relicPack:AllForOne":74,"Chemical X":80,"hubris:TinFlute":53,"LagranYue:NewUniverseRelic":74,"InkBottle":78,"WineBottle":0,"conspire:Dentures":57,"Potion Belt":63,"DianDianMeat":74,"Lee\u0027s Waffle":5,"testmod-TestBox":0,"TentaclePot:ReiMu":80,"Replay:WaspNest":29,"Baka":3,"Omamori":62,"Letter Opener":50,"halation:Thesaurus":80,"LagranYue:GuidanceLightRelic":24,"Strange Spoon":80,"SynthV:TestCard":3,"HaiYi:Twilight":69,"ChiXiaoBlade":0,"hubris:PeanutButter":74,"Art of War":79,"ReplayTheSpireMod:Ring of Challenge":40,"Meat on the Bone":80}],"Meat on the Bone":0},"card_choices":[{"not_picked":["Blue","PowerGlove"],"picked":"Fury","floor":1},{"not_picked":["RainbowAttack","Circle","KingRound","Margarita"],"picked":"ShrimpCocktail","floor":3},{"not_picked":["AlcoholFlame","DrumStick","Susie","Fury"],"picked":"Yeast","floor":5},{"not_picked":["Circle","GetAll","Refill","GetStonks"],"picked":"LuckyCoin","floor":7},{"not_picked":["Circle","RainbowAttack","Noodle","Wtf","Trumpet"],"picked":"SKIP","floor":8},{"not_picked":["Nihilism","RainbowAttack","BreakDrink","Conch"],"picked":"BloodyMary","floor":10},{"not_picked":["PowerGlove","DrunkForget","StrangeSheild","AlcoholGun"],"picked":"Fbi","floor":11},{"not_picked":["HeadDefend","Fly","StrangeSheild","Fury"],"picked":"UnoWild4","floor":13},{"not_picked":["Vomiting","Brimstone","JohnCena","Scp500"],"picked":"Refill","floor":16},{"not_picked":["RainbowAttack","Noodle","PowerGlove","Yeast","Timmie"],"picked":"SKIP","floor":18},{"not_picked":["DrumStick+1","Conch","PayToPlay","Trumpet+1","BunnyJump+1"],"picked":"SKIP","floor":19},{"not_picked":["Gensokyo:GapWoman","Gensokyo:ManorOfTheDishes","Gensokyo:SlitMouthedWoman","Gensokyo:LochNessMonster"],"picked":"Gensokyo:MonkeysPaw","floor":20},{"not_picked":["SexyLeg","Distracted+1","Pigeon+1","Icecream+1","Yeast+1"],"picked":"SKIP","floor":22},{"not_picked":["BunnyJump","Twin","GetToilet+1","Margarita"],"picked":"DrunkenFist+1","floor":23},{"not_picked":["DrunkenFist+1","ShrimpCocktail","DoNotDrink","Bike"],"picked":"IceTea","floor":25},{"not_picked":["Blue+1","Alcoholic","DrunkenFist+1","Margarita"],"picked":"BloodyMary+1","floor":27},{"not_picked":["Fury+1","Guppy+1","Alcoholic","Melancholia+1","Timmie+1"],"picked":"SKIP","floor":29},{"not_picked":["Refill","BreakDrink","Blue","BottleAttack","Alcoholic+1"],"picked":"SKIP","floor":30},{"not_picked":["Trumpet","PayToPlay","Scp261+1","DrumStick+1","HeadDefend"],"picked":"SKIP","floor":35},{"not_picked":["Ahahah","DrunkardWalk","Fly","Wtf+1"],"picked":"BloodyMary+1","floor":36},{"not_picked":["PowerGlove","Ie6","ChickenAttack+1","DrunkForget"],"picked":"BlackJackAttack+1","floor":40},{"not_picked":["DrumStick","SexyLeg","Fly","DrunkForget+1"],"picked":"LuckyCoin+1","floor":41}],"player_experience":349549,"relics_obtained":[{"floor":1,"key":"SynthV:TestCard"},{"floor":1,"key":"Baka"},{"floor":3,"key":"Baka2"},{"floor":7,"key":"Replay:Bottled Flurry"},{"floor":13,"key":"Replay:WaspNest"},{"floor":21,"key":"ReplayTheSpireMod:Ring of Challenge"},{"floor":23,"key":"Letter Opener"},{"floor":25,"key":"Tea:ReiMu"},{"floor":26,"key":"hubris:TinFlute"},{"floor":27,"key":"conspire:Dentures"},{"floor":29,"key":"Omamori"},{"floor":40,"key":"Art of War"},{"floor":43,"key":"Bag of Preparation"}],"event_choices":[{"damage_healed":0,"gold_gain":668,"player_choice":"GO GO GO GO GO GO ","damage_taken":76,"relics_obtained":[],"max_hp_gain":0,"max_hp_loss":0,"event_name":"betterSkull:BetterSkull","floor":2,"gold_loss":0,"cards_upgraded":[]}],"is_beta":false,"boss_relics":[{"not_picked":["Ring of Chaos","TakeMeEscape"],"picked":"SoulBox"},{"not_picked":["Replay:Bronze Core","testmod-BloodSacrificeSpiritualization"],"picked":"HaiYi:Twilight"}],"items_purged_floors":[4,4,39,39],"is_endless":true,"potions_floor_spawned":[1,3,10,16,19,23,29,30,33,36,40,41],"killed_by":"Gensokyo:Doremy","ascension_level":1}}