{"host":"a5lz0e76zb3fcwkm","time":1610030090,"event":{"mods":["AchievementEnabler","BaseMod","Colored Map","Colored Powertips","Minty Spire (QoL Compilation)","StSLib","SuperFastMode"],"gold_per_floor":[19,31,31,31,43,43,54,54,80,98,132,132,157,169,169,243,243,261,261,276,290,290,290,317,317,317,367,367,379,379,394,394,467,467,480,495,520,567,567,596,611,611,611],"floor_reached":42,"playtime":1337,"items_purged":[],"score":1116,"play_id":"a4d9595a-0ba4-477b-972b-8e96dc9a3ed0","local_time":"20210107233450","is_ascension_mode":true,"campfire_choices":[{"data":"Tactician","floor":6.0,"key":"SMITH"},{"data":"Catalyst","floor":8.0,"key":"SMITH"},{"data":"Well Laid Plans","floor":15.0,"key":"SMITH"},{"data":"Night Terror","floor":23.0,"key":"SMITH"},{"data":"Noxious Fumes","floor":25.0,"key":"SMITH"},{"data":"Crippling Poison","floor":28.0,"key":"SMITH"},{"data":"Acrobatics","floor":32.0,"key":"SMITH"}],"circlet_count":0,"master_deck":["AscendersBane","Defend_G","Defend_G","Defend_G","Survivor","Neutralize","Catalyst+1","Bouncing Flask+1","Tactician+1","Acrobatics+1","Crippling Poison+1","Well Laid Plans+1","Night Terror+1","Dodge and Roll+1","Adrenaline+1","PiercingWail+1","Noxious Fumes+1","Dodge and Roll","Dash","Reflex+1","Burst","Prepared","Footwork+1"],"relics":["Ring of the Snake","Lantern","Oddly Smooth Stone","Bag of Preparation","Astrolabe","Snake Skull","Black Star","Thread and Needle","Tough Bandages","Dream Catcher","Juzu Bracelet"],"acts_visited":["Exordium","TheCity","TheBeyond"],"potions_floor_usage":[41,41],"damage_taken":[{"damage":5.0,"enemies":"Small Slimes","floor":1.0,"turns":6.0},{"damage":7.0,"enemies":"Cultist","floor":2.0,"turns":5.0},{"damage":8.0,"enemies":"Jaw Worm","floor":5.0,"turns":4.0},{"damage":9.0,"enemies":"2 Fungi Beasts","floor":7.0,"turns":4.0},{"damage":0.0,"enemies":"Blue Slaver","floor":10.0,"turns":3.0},{"damage":0.0,"enemies":"Lagavulin","floor":11.0,"turns":2.0},{"damage":6.0,"enemies":"Gremlin Nob","floor":13.0,"turns":3.0},{"damage":8.0,"enemies":"Large Slime","floor":14.0,"turns":6.0},{"damage":1.0,"enemies":"Slime Boss","floor":16.0,"turns":4.0},{"damage":0.0,"enemies":"Spheric Guardian","floor":18.0,"turns":2.0},{"damage":0.0,"enemies":"3 Byrds","floor":20.0,"turns":4.0},{"damage":5.0,"enemies":"3 Cultists","floor":21.0,"turns":6.0},{"damage":0.0,"enemies":"Book of Stabbing","floor":24.0,"turns":3.0},{"damage":0.0,"enemies":"Snecko","floor":29.0,"turns":2.0},{"damage":0.0,"enemies":"Chosen and Byrds","floor":31.0,"turns":3.0},{"damage":5.0,"enemies":"Champ","floor":33.0,"turns":3.0},{"damage":27.0,"enemies":"3 Darklings","floor":35.0,"turns":4.0},{"damage":0.0,"enemies":"3 Shapes","floor":36.0,"turns":4.0},{"damage":0.0,"enemies":"Mind Bloom Boss Battle","floor":37.0,"turns":3.0},{"damage":24.0,"enemies":"2 Orb Walkers","floor":38.0,"turns":5.0},{"damage":0.0,"enemies":"Nemesis","floor":40.0,"turns":3.0},{"damage":0,"enemies":"Transient","floor":41,"turns":6},{"damage":17,"enemies":"Reptomancer","floor":42,"turns":2}],"seed_played":"-6737320874948380485","potions_obtained":[{"floor":5.0,"key":"LiquidMemories"},{"floor":11.0,"key":"GhostInAJar"},{"floor":13.0,"key":"CunningPotion"},{"floor":21.0,"key":"Poison Potion"},{"floor":29.0,"key":"Fire Potion"},{"floor":31.0,"key":"Strength Potion"},{"floor":35.0,"key":"Dexterity Potion"},{"floor":36.0,"key":"Poison Potion"},{"floor":38.0,"key":"FearPotion"}],"is_trial":false,"path_per_floor":["M","M","?","$","M","R","M","R","T","M","E","?","E","M","R","B",null,"M","?","M","M","?","R","E","R","T","?","R","M","?","M","R","B",null,"M","M","?","?","?","E","M","E"],"character_chosen":"THE_SILENT","items_purchased":[],"campfire_rested":0,"item_purchase_floors":[],"current_hp_per_floor":[54,47,47,47,39,39,30,30,30,30,30,30,24,16,16,15,53,53,53,53,48,30,30,30,30,30,30,30,30,30,30,30,25,60,33,33,33,9,9,9,9,0,0],"gold":611,"neow_bonus":"REMOVE_TWO","is_daily":false,"chose_seed":false,"campfire_upgraded":7,"win_rate":0.0,"timestamp":1610030090,"path_taken":["M","M","?","?","M","R","M","R","T","M","E","?","E","M","R","BOSS","M","?","M","M","?","R","E","R","T","?","R","M","?","M","R","BOSS","M","M","?","?","?","E","M","E"],"items_purchased_type":[],"build_version":"2020-12-22","purchased_purges":0,"victory":false,"max_hp_per_floor":[66,66,66,66,66,66,66,66,66,66,66,66,66,66,66,66,66,66,66,66,66,71,71,71,71,71,71,71,71,71,71,71,71,71,71,71,71,71,71,71,71,71,71],"card_choices":[{"not_picked":["Poisoned Stab","Deadly Poison"],"picked":"Catalyst","floor":1.0},{"not_picked":["PiercingWail","Bane"],"picked":"Bouncing Flask","floor":2.0},{"not_picked":["Footwork","Underhanded Strike"],"picked":"Acrobatics","floor":5.0},{"not_picked":["Slice","Cloak And Dagger","Bane"],"picked":"SKIP","floor":7.0},{"not_picked":["Blade Dance","Setup"],"picked":"Crippling Poison","floor":10.0},{"not_picked":["Expertise","Malaise"],"picked":"Well Laid Plans","floor":11.0},{"not_picked":["Dagger Spray","Cloak And Dagger","Predator"],"picked":"SKIP","floor":13.0},{"not_picked":["Backflip","Cloak And Dagger","Outmaneuver"],"picked":"SKIP","floor":14.0},{"not_picked":["Die Die Die","Malaise"],"picked":"Night Terror","floor":16.0},{"not_picked":["Quick Slash","Concentrate","Skewer"],"picked":"SKIP","floor":18.0},{"not_picked":["Backflip","Terror"],"picked":"PiercingWail+1","floor":20.0},{"not_picked":["Sucker Punch","Flying Knee","Eviscerate+1"],"picked":"SKIP","floor":21.0},{"not_picked":["Sucker Punch","Flying Knee","Eviscerate+1"],"picked":"SKIP","floor":21.0},{"not_picked":["Infinite Blades","Noxious Fumes","Terror"],"picked":"SKIP","floor":24.0},{"not_picked":["Infinite Blades","Terror"],"picked":"Noxious Fumes","floor":24.0},{"not_picked":["Quick Slash+1","Riddle With Holes","Deflect"],"picked":"SKIP","floor":29.0},{"not_picked":["Prepared","Backstab"],"picked":"Reflex+1","floor":31.0},{"not_picked":["Tools of the Trade","Venomology"],"picked":"Burst","floor":33.0},{"not_picked":["Finisher+1","Caltrops+1","Accuracy+1"],"picked":"SKIP","floor":35.0},{"not_picked":["Catalyst","Outmaneuver","Flying Knee"],"picked":"SKIP","floor":36.0},{"not_picked":["Catalyst","Expertise"],"picked":"Prepared","floor":37.0},{"not_picked":["Catalyst","Masterful Stab"],"picked":"Footwork+1","floor":40.0},{"not_picked":["Cloak And Dagger","Dagger Spray","Dodge and Roll"],"picked":"SKIP","floor":41}],"player_experience":1693552,"relics_obtained":[{"floor":9.0,"key":"Lantern"},{"floor":11.0,"key":"Oddly Smooth Stone"},{"floor":13.0,"key":"Bag of Preparation"},{"floor":24.0,"key":"Snake Skull"},{"floor":37.0,"key":"Thread and Needle"},{"floor":38.0,"key":"Tough Bandages"},{"floor":40.0,"key":"Dream Catcher"},{"floor":40.0,"key":"Juzu Bracelet"}],"event_choices":[{"damage_healed":0.0,"max_hp_gain":0.0,"max_hp_loss":0.0,"gold_gain":0.0,"cards_transformed":["Strike_G"],"event_name":"Transmorgrifier","player_choice":"Transformed","floor":3.0,"gold_loss":0.0,"damage_taken":0.0,"cards_obtained":["Tactician"]},{"damage_healed":0.0,"max_hp_gain":0.0,"max_hp_loss":0.0,"gold_gain":0.0,"event_name":"Living Wall","player_choice":"Grow","floor":12.0,"gold_loss":0.0,"damage_taken":0.0,"cards_upgraded":["Bouncing Flask"]},{"damage_healed":0.0,"max_hp_gain":0.0,"max_hp_loss":0.0,"gold_gain":0.0,"event_name":"Vampires","player_choice":"Ignored","floor":19.0,"gold_loss":0.0,"damage_taken":0.0},{"damage_healed":0.0,"max_hp_gain":5.0,"max_hp_loss":0.0,"gold_gain":0.0,"event_name":"Forgotten Altar","player_choice":"Shed Blood","floor":22.0,"gold_loss":0.0,"damage_taken":23.0},{"damage_healed":0.0,"max_hp_gain":0.0,"max_hp_loss":0.0,"gold_gain":50.0,"event_name":"Nest","player_choice":"Stole From Cult","floor":27.0,"gold_loss":0.0,"damage_taken":0.0},{"damage_healed":0.0,"max_hp_gain":0.0,"max_hp_loss":0.0,"gold_gain":0.0,"cards_transformed":["Unload","Defend_G"],"event_name":"Drug Dealer","player_choice":"Became Test Subject","floor":30.0,"gold_loss":0.0,"damage_taken":0.0,"cards_obtained":["Dodge and Roll","Dash"]},{"damage_healed":0.0,"max_hp_gain":0.0,"max_hp_loss":0.0,"gold_gain":0.0,"event_name":"MindBloom","player_choice":"Fight","floor":37.0,"gold_loss":0.0,"damage_taken":0.0},{"damage_healed":0.0,"max_hp_gain":0.0,"max_hp_loss":0.0,"gold_gain":0.0,"event_name":"Mysterious Sphere","player_choice":"Fight","floor":38.0,"gold_loss":0.0,"damage_taken":0.0},{"damage_healed":0.0,"max_hp_gain":0.0,"max_hp_loss":0.0,"gold_gain":0.0,"event_name":"Tomb of Lord Red Mask","player_choice":"Ignored","floor":39.0,"gold_loss":0.0,"damage_taken":0.0}],"is_beta":false,"boss_relics":[{"not_picked":["Calling Bell","Tiny House"],"picked":"Astrolabe"},{"not_picked":["Velvet Choker","Runic Dome"],"picked":"Black Star"}],"items_purged_floors":[],"is_endless":false,"potions_floor_spawned":[5,11,13,21,29,31,35,36,38,40],"killed_by":"Reptomancer","ascension_level":20}}