{"host":"ln76an1o32p2wxtf","time":1610045451,"event":{"mods":["AchievementEnabler","Act Like it!","BaseMod","BetterRewards","Colored Powertips","Energized Spire","GifTheSpireLib","Infinite Spire","Minty Spire (QoL Compilation)","Shop Mod","StSLib"],"gold_per_floor":[114,128,142,152,162,193,193,210,210,225,250,250,250,137,137,237,237,249,71,71,0,12,12,28,28,28],"floor_reached":25,"playtime":1879,"items_purged":["Doubt","Strike_G"],"score":226,"play_id":"3cfe59a5-849f-4cb8-aea9-609d418db20c","local_time":"20210108025051","is_ascension_mode":true,"campfire_choices":[{"floor":7,"key":"REST"},{"floor":12,"key":"RECALL"},{"floor":15,"key":"REST"},{"floor":23,"key":"REST"}],"circlet_count":0,"master_deck":["Strike_G","Strike_G","Strike_G","Strike_G","Defend_G","Defend_G","Defend_G","Defend_G","Defend_G","Survivor","Neutralize","Dodge and Roll","Cloak And Dagger","Backflip","Blade Dance","Terror","Footwork","Phantasmal Killer","Leg Sweep","Noxious Fumes","infinitespire:Collect","Shame","Prepared"],"relics":["energizedSpire:CursedPentagram","Regal Pillow","infinitespire:WardingShard","infinitespire:Beetle Shell","infinitespire:Cubic Diamond","Philosopher\u0027s Stone"],"acts_visited":["Exordium","TheCity"],"potions_floor_usage":[6,11,25],"damage_taken":[{"damage":0,"enemies":"Cultist","floor":1,"turns":5},{"damage":0,"enemies":"2 Louse","floor":2,"turns":3},{"damage":0,"enemies":"Small Slimes","floor":3,"turns":5},{"damage":0,"enemies":"Looter","floor":4,"turns":4},{"damage":2,"enemies":"Blue Slaver","floor":5,"turns":6},{"damage":43,"enemies":"Gremlin Nob","floor":6,"turns":6},{"damage":0,"enemies":"2 Fungi Beasts","floor":8,"turns":4},{"damage":0,"enemies":"Lots of Slimes","floor":10,"turns":4},{"damage":15,"enemies":"Lagavulin","floor":11,"turns":12},{"damage":40,"enemies":"The Guardian","floor":16,"turns":13},{"damage":17,"enemies":"3 Byrds","floor":18,"turns":8},{"damage":0,"enemies":"Shell Parasite","floor":22,"turns":5},{"damage":9,"enemies":"Shelled Parasite and Fungi","floor":24,"turns":6},{"damage":73,"enemies":"Gremlin Leader","floor":25,"turns":10}],"seed_played":"8476690643318994133","potions_obtained":[{"floor":1,"key":"Regen Potion"},{"floor":5,"key":"Swift Potion"},{"floor":8,"key":"LiquidBronze"},{"floor":10,"key":"AttackPotion"},{"floor":16,"key":"BlessingOfTheForge"}],"is_trial":false,"path_per_floor":["M","M","M","M","M","E","R","M","T","M","E","R","?","$","R","B",null,"M","$","?","?","M","R","M","E"],"character_chosen":"THE_SILENT","items_purchased":["Footwork","Noxious Fumes"],"campfire_rested":3,"item_purchase_floors":[14,19],"current_hp_per_floor":[70,70,70,70,68,25,61,61,61,61,46,46,46,46,70,30,70,53,53,36,36,36,70,61,0,0],"gold":28,"neow_bonus":"BOSS_RELIC","is_daily":false,"chose_seed":false,"campfire_upgraded":0,"win_rate":0.0,"timestamp":1610045451,"path_taken":["M","?","M","M","M","E","R","M","T","M","E","R","?","$","R","BOSS","M","$","?","?","M","R","M","E"],"items_purchased_type":["Card","Card"],"build_version":"2020-12-22","purchased_purges":2,"victory":false,"max_hp_per_floor":[70,70,70,70,70,70,70,70,70,70,70,70,70,70,70,70,70,70,70,70,70,70,70,70,70,70],"card_choices":[{"not_picked":["Flying Knee","Backflip"],"picked":"Dodge and Roll","floor":1},{"not_picked":["Bane","Quick Slash"],"picked":"Cloak And Dagger","floor":2},{"not_picked":["Slice","Well Laid Plans"],"picked":"Backflip","floor":3},{"not_picked":["Outmaneuver","Grand Finale","Deadly Poison"],"picked":"SKIP","floor":4},{"not_picked":["Underhanded Strike","Dagger Throw","Slice"],"picked":"SKIP","floor":5},{"not_picked":["Dash","Slice","Poisoned Stab"],"picked":"SKIP","floor":6},{"not_picked":["Underhanded Strike","Quick Slash"],"picked":"Blade Dance","floor":8},{"not_picked":["Sucker Punch","Acrobatics","Expertise"],"picked":"SKIP","floor":10},{"not_picked":["Flying Knee","Dagger Spray"],"picked":"Terror","floor":11},{"not_picked":["Unload","Doppelganger"],"picked":"Phantasmal Killer","floor":16},{"not_picked":["Reflex","Well Laid Plans"],"picked":"Leg Sweep","floor":18},{"not_picked":["infinitespire:SealOfDarkness+","infinitespire:FinalStrike"],"picked":"infinitespire:Collect","floor":20},{"not_picked":["Bane","Masterful Stab+1","Backflip"],"picked":"SKIP","floor":22},{"not_picked":["Acrobatics+1","Bouncing Flask"],"picked":"Prepared","floor":24}],"player_experience":706090,"relics_obtained":[{"floor":6,"key":"Regal Pillow"},{"floor":9,"key":"infinitespire:WardingShard"},{"floor":11,"key":"infinitespire:Beetle Shell"}],"event_choices":[{"damage_healed":0,"gold_gain":0,"player_choice":"Paid Fearfully","damage_taken":0,"max_hp_gain":0,"max_hp_loss":0,"event_name":"Masked Bandits","floor":21,"gold_loss":71}],"is_beta":false,"boss_relics":[{"not_picked":["SacredBark","energizedSpire:EnergizedDie"],"picked":"Philosopher\u0027s Stone"}],"items_purged_floors":[14,19],"is_endless":false,"potions_floor_spawned":[1,5,8,10,16,18],"killed_by":"Gremlin Leader","ascension_level":1}}