{"host":"18wi9kpcl4eah7pe","time":1610005681,"event":{"mods":["BaseMod","Colored Powertips","Downfall","Minty Spire (QoL Compilation)","StSLib"],"gold_per_floor":[99,99,99,99,274,323,323,10,37,49,79,105,30,50,78,190,190,40,59,144,165,165,99,99,99,137,158,258,282,282,301,321,428,428,428,428,428,428],"floor_reached":36,"playtime":1573,"items_purged":["Regret"],"score":418,"play_id":"1e455532-a507-4ee1-98c2-961a0729cd22","local_time":"20210107014801","is_ascension_mode":true,"campfire_choices":[{"floor":1,"key":"RECALL"},{"floor":13,"key":"REST"},{"data":"Slimebound:SplitSpecialist","floor":18,"key":"SMITH"},{"data":"Slimebound:Recycling","floor":25,"key":"SMITH"},{"floor":30,"key":"REST"},{"data":"Slimebound:TongueLash","floor":35,"key":"SMITH"}],"circlet_count":0,"master_deck":["Slimebound:Strike_Slimebound+1","Slimebound:Strike_Slimebound","Slimebound:Strike_Slimebound+1","Slimebound:Tackle","Slimebound:Defend_Slimebound","Slimebound:Defend_Slimebound","Slimebound:Defend_Slimebound","Slimebound:Defend_Slimebound+1","Slimebound:Split","Slimebound:CorrosiveSpit","Slimebound:SplitMire","Slimebound:LeechEnergy","Doubt","Slimebound:SplitAcid","Slimebound:SamplingLick","Slimebound:Recycling+1","Slimebound:SplitSpecialist+1","Slimebound:Nibble","Slimebound:Gluttony","Slimebound:LeechLife","Slimebound:MegaLick","Slimebound:RainOfGoop","Slimebound:RejuvenatingLick","Slimebound:SelfFormingGoo","Slimebound:WasteNot","Slimebound:ProtectTheBoss+1","Slimebound:RollThrough+1","Slimebound:AcidTongue","Slimebound:TongueLash+1","Slimebound:LeechLife"],"relics":["Slimebound:AbsorbEndCombat","downfall:HeartsMalice","Nunchaku","Kunai","Letter Opener","CeramicFish","downfall:HeartBlessingBlue","SlaversCollar","downfall:HeartBlessingRed","downfall:HeartBlessingGreen","InkBottle","Question Card","Black Star"],"acts_visited":["Exordium","TheCity","TheBeyond"],"potions_floor_usage":[16,19,19,19,21,21,27,31,31],"damage_taken":[{"damage":0,"enemies":"Cultist","floor":2,"turns":1},{"damage":0,"enemies":"Jaw Worm","floor":4,"turns":1},{"damage":0,"enemies":"downfall:FleeingMerchant","floor":8,"turns":1},{"damage":32,"enemies":"3 Sentries","floor":9,"turns":7},{"damage":4,"enemies":"2 Louse","floor":10,"turns":2},{"damage":17,"enemies":"Blue Slaver","floor":12,"turns":3},{"damage":25,"enemies":"Lots of Slimes","floor":14,"turns":2},{"damage":12,"enemies":"Large Slime","floor":15,"turns":3},{"damage":49,"enemies":"downfall:Watcher","floor":16,"turns":8},{"damage":18,"enemies":"3 Byrds","floor":19,"turns":3},{"damage":24,"enemies":"Shell Parasite","floor":21,"turns":5},{"damage":20,"enemies":"downfall:FleeingMerchant","floor":23,"turns":4},{"damage":53,"enemies":"Slavers","floor":26,"turns":4},{"damage":36,"enemies":"Snecko","floor":27,"turns":4},{"damage":51,"enemies":"Snake Plant","floor":29,"turns":3},{"damage":32,"enemies":"Centurion and Healer","floor":31,"turns":4},{"damage":40,"enemies":"Shelled Parasite and Fungi","floor":32,"turns":4},{"damage":103,"enemies":"downfall:Ironclad","floor":33,"turns":6},{"damage":85,"enemies":"2 Orb Walkers","floor":36,"turns":3}],"seed_played":"7633954920717789733","potions_obtained":[{"floor":9,"key":"Dexterity Potion"},{"floor":14,"key":"sneckomod:MuddlingPotion"},{"floor":16,"key":"Swift Potion"},{"floor":19,"key":"EntropicBrew"},{"floor":21,"key":"Ancient Potion"},{"floor":26,"key":"DuplicationPotion"},{"floor":27,"key":"FearPotion"},{"floor":33,"key":"Slimebound:SlimedPotion"}],"is_trial":false,"path_per_floor":["R","M","?","M","?","T","T","$","E","M","?","M","R","M","M","B",null,"R","M","?","M","?","$","T","R","E","M","?","M","R","M","M","B",null,"R","?"],"character_chosen":"SLIMEBOUND","items_purchased":["Kunai","Slimebound:SelfFormingGoo"],"campfire_rested":2,"item_purchase_floors":[8,23],"current_hp_per_floor":[60,60,60,60,60,60,60,60,48,52,52,47,70,57,65,51,70,70,64,52,69,69,66,66,66,49,59,59,32,53,69,70,27,70,70,0,0,0],"gold":428,"neow_bonus":"THREE_ENEMY_KILL","is_daily":false,"chose_seed":false,"campfire_upgraded":3,"win_rate":0.0,"timestamp":1610005681,"path_taken":["R","M","?","M","?","?","T","$","E","?","?","M","R","M","M","BOSS","R","M","?","M","?","$","T","R","E","M","?","M","R","?","M","BOSS","R","?"],"items_purchased_type":["Relic","Card"],"build_version":"2020-12-22","purchased_purges":1,"victory":false,"max_hp_per_floor":[60,60,60,60,60,60,60,60,60,60,60,60,70,70,70,70,70,70,70,70,70,70,70,70,70,70,70,70,70,70,70,70,70,70,70,70,70,70],"card_choices":[{"not_picked":["Slimebound:SplitBruiser","Slimebound:ComboTackle"],"picked":"Slimebound:SplitMire","floor":2},{"not_picked":["Slimebound:Grow","Slimebound:SlimeSpikes"],"picked":"Slimebound:LeechEnergy","floor":4},{"not_picked":["Slimebound:HungryTackle","Slimebound:Nibble"],"picked":"Slimebound:SplitAcid","floor":8},{"not_picked":["Slimebound:Grow","Slimebound:SplitMire"],"picked":"Slimebound:SamplingLick","floor":9},{"not_picked":["Slimebound:Schlurp","Slimebound:Recollect"],"picked":"Slimebound:Recycling","floor":10},{"not_picked":["Slimebound:RejuvenatingLick","Slimebound:SlimeSpikes"],"picked":"Slimebound:SplitSpecialist","floor":12},{"not_picked":["Slimebound:ProtectTheBoss","Slimebound:LeadByExample"],"picked":"Slimebound:Nibble","floor":14},{"not_picked":["Slimebound:SplitSpecialist","Slimebound:SlimeBarrage"],"picked":"Slimebound:Gluttony","floor":15},{"not_picked":["Slimebound:SlimeSlap","Slimebound:DouseInSlime"],"picked":"Slimebound:LeechLife","floor":16},{"not_picked":["Slimebound:LeechEnergy+1","Slimebound:SamplingLick+1"],"picked":"Slimebound:MegaLick","floor":19},{"not_picked":["Slimebound:SplitMire","Slimebound:SamplingLick"],"picked":"Slimebound:RainOfGoop","floor":21},{"not_picked":["Slimebound:Recollect","Slimebound:FlameTackle"],"picked":"Slimebound:RejuvenatingLick","floor":23},{"not_picked":["Slimebound:SlimeBrawl","Slimebound:FinishingTackle+1"],"picked":"Slimebound:WasteNot","floor":26},{"not_picked":["Slimebound:LeechEnergy","Slimebound:FinishingTackle+1","Slimebound:SamplingLick"],"picked":"Slimebound:ProtectTheBoss+1","floor":27},{"not_picked":["Slimebound:LeadByExample","Slimebound:SlimeBarrage+1","Slimebound:RainOfGoop"],"picked":"Slimebound:RollThrough+1","floor":29},{"not_picked":["Slimebound:FlameTackle","Slimebound:HungryTackle","Slimebound:ComboTackle"],"picked":"Slimebound:AcidTongue","floor":31},{"not_picked":["Slimebound:ProtectTheBoss","Slimebound:SplitSpecialist","Slimebound:GoopTackle"],"picked":"Slimebound:TongueLash","floor":32},{"not_picked":["Slimebound:DuplicatedForm","Slimebound:Teamwork","Slimebound:Overexert"],"picked":"Slimebound:LeechLife","floor":33}],"player_experience":880173,"relics_obtained":[{"floor":7,"key":"Nunchaku"},{"floor":9,"key":"Letter Opener"},{"floor":24,"key":"InkBottle"},{"floor":26,"key":"Question Card"}],"event_choices":[{"damage_healed":0,"gold_gain":0,"player_choice":"Ignored","damage_taken":0,"max_hp_gain":0,"max_hp_loss":0,"event_name":"Ghosts","floor":22,"gold_loss":0},{"damage_healed":0,"gold_gain":0,"player_choice":"Fight","damage_taken":0,"max_hp_gain":0,"max_hp_loss":0,"event_name":"Mysterious Sphere","floor":36,"gold_loss":0}],"is_beta":false,"boss_relics":[{"not_picked":["Fusion Hammer","Busted Crown"],"picked":"SlaversCollar"},{"not_picked":["Runic Dome","Pandora\u0027s Box"],"picked":"Black Star"}],"items_purged_floors":[8],"is_endless":false,"potions_floor_spawned":[9,14,16,19,21,26,27,33],"killed_by":"2 Orb Walkers","ascension_level":2}}