{"host":"qojc688juf5ijsln","time":1610036270,"event":{"mods":["AchievementEnabler","BaseMod","BetterRewards","Colored Powertips","Highlight Path","Minty Spire (QoL Compilation)","Quick Restart","Shop Mod","StSLib"],"gold_per_floor":[115,115,132,151,165,198,198,227,227,245,255,16,40,52,52,151,151,167,167,181,194,206,206,234,234,234,265,265,275,275,291,291,387,387,400,400,400,400],"floor_reached":37,"playtime":7093,"items_purged":["Strike_B"],"score":602,"play_id":"3e742d0a-04e9-4ebc-b613-98937a246cd9","local_time":"20210108001750","is_ascension_mode":true,"campfire_choices":[{"floor":7,"key":"RECALL"},{"floor":15,"key":"REST"},{"floor":23,"key":"REST"},{"floor":25,"key":"REST"},{"floor":28,"key":"REST"},{"floor":32,"key":"REST"}],"circlet_count":0,"master_deck":["Strike_B","Strike_B","Strike_B","Defend_B","Defend_B","Defend_B","Defend_B","Zap","Dualcast","Coolheaded","Gash","All For One","Multi-Cast+1","Loop+1","Dramatic Entrance","Chaos+1","Chaos+1","Redo+1","Blizzard+1","Machine Learning","White Noise+1","BootSequence+1","Rainbow+1","BootSequence+1"],"relics":["Cracked Core","Torii","Ice Cream","Meat on the Bone","Dream Catcher","Blue Candle","Toxic Egg 2","Odd Mushroom","Runic Pyramid","Regal Pillow","Gremlin Horn","CaptainsWheel","Sozu"],"acts_visited":["Exordium","TheCity","TheBeyond"],"potions_floor_usage":[16,24,24,24,33,33,33],"damage_taken":[{"damage":1,"enemies":"2 Louse","floor":1,"turns":2},{"damage":0,"enemies":"Small Slimes","floor":3,"turns":3},{"damage":6,"enemies":"Jaw Worm","floor":4,"turns":3},{"damage":2,"enemies":"Gremlin Gang","floor":5,"turns":7},{"damage":25,"enemies":"3 Sentries","floor":6,"turns":13},{"damage":13,"enemies":"Lagavulin","floor":8,"turns":9},{"damage":3,"enemies":"Lots of Slimes","floor":10,"turns":3},{"damage":7,"enemies":"Exordium Wildlife","floor":11,"turns":3},{"damage":17,"enemies":"The Mushroom Lair","floor":13,"turns":4},{"damage":2,"enemies":"Blue Slaver","floor":14,"turns":3},{"damage":24,"enemies":"The Guardian","floor":16,"turns":10},{"damage":11,"enemies":"Spheric Guardian","floor":18,"turns":4},{"damage":2,"enemies":"Chosen","floor":20,"turns":4},{"damage":13,"enemies":"Snake Plant","floor":21,"turns":4},{"damage":26,"enemies":"3 Cultists","floor":22,"turns":4},{"damage":28,"enemies":"Slavers","floor":24,"turns":4},{"damage":28,"enemies":"Gremlin Leader","floor":27,"turns":6},{"damage":33,"enemies":"Snecko","floor":29,"turns":6},{"damage":15,"enemies":"Snake Plant","floor":31,"turns":5},{"damage":18,"enemies":"Automaton","floor":33,"turns":10},{"damage":13,"enemies":"Orb Walker","floor":35,"turns":3},{"damage":64,"enemies":"2 Orb Walkers","floor":37,"turns":5}],"seed_played":"4982967890527432102","potions_obtained":[{"floor":8,"key":"AttackPotion"},{"floor":10,"key":"PowerPotion"},{"floor":13,"key":"LiquidMemories"},{"floor":14,"key":"AttackPotion"},{"floor":16,"key":"Explosive Potion"},{"floor":27,"key":"Energy Potion"},{"floor":29,"key":"EssenceOfSteel"},{"floor":31,"key":"LiquidMemories"}],"is_trial":false,"path_per_floor":["M","?","M","M","M","E","R","E","T","M","M","$","?","M","R","B",null,"M","?","M","M","M","R","E","R","T","E","R","M","?","M","R","B",null,"M","?","?"],"character_chosen":"DEFECT","items_purchased":["Meat on the Bone","Coolheaded","Loop","Dramatic Entrance"],"campfire_rested":5,"item_purchase_floors":[0,0,12,12],"current_hp_per_floor":[74,71,71,65,63,38,38,37,37,46,39,39,34,44,66,42,75,64,64,62,49,35,57,41,75,75,47,75,42,42,39,75,57,75,62,62,0,0],"gold":400,"neow_bonus":"","is_daily":false,"chose_seed":false,"campfire_upgraded":0,"win_rate":0.0,"timestamp":1610036270,"path_taken":["M","?","M","M","M","E","R","E","T","M","M","$","?","M","R","BOSS","M","?","M","?","M","R","E","R","T","E","R","?","?","?","R","BOSS","M","?","?"],"items_purchased_type":["Relic","Card","Card","Card"],"build_version":"2020-12-22","purchased_purges":1,"victory":false,"max_hp_per_floor":[75,75,75,75,75,75,75,75,75,75,75,75,75,75,75,75,75,75,75,75,75,75,75,75,75,75,75,75,75,75,75,75,75,75,75,75,75,75],"card_choices":[{"not_picked":["Barrage","Compile Driver"],"picked":"Gash","floor":1},{"not_picked":["Barrage","Self Repair","Stack"],"picked":"SKIP","floor":3},{"not_picked":["Sweeping Beam","Rebound","Gash"],"picked":"SKIP","floor":4},{"not_picked":["Cold Snap","FTL"],"picked":"All For One","floor":5},{"not_picked":["Undo","Turbo","Conserve Battery"],"picked":"SKIP","floor":6},{"not_picked":["Coolheaded+1","Leap+1"],"picked":"Multi-Cast+1","floor":8},{"not_picked":["Conserve Battery+1","Barrage","Hologram+1"],"picked":"SKIP","floor":10},{"not_picked":["Rip and Tear","Turbo+1","Streamline"],"picked":"SKIP","floor":11},{"not_picked":["Fission+1","Streamline"],"picked":"Chaos+1","floor":13},{"not_picked":["Heatsinks","Leap+1","Compile Driver"],"picked":"SKIP","floor":14},{"not_picked":["Defragment","Rebound"],"picked":"Chaos+1","floor":15},{"not_picked":["Conserve Battery+1","Steam+1","Sweeping Beam"],"picked":"SKIP","floor":18},{"not_picked":["Compile Driver","Tempest+1","Hologram+1"],"picked":"SKIP","floor":20},{"not_picked":["Barrage","Conserve Battery+1","Double Energy+1"],"picked":"SKIP","floor":21},{"not_picked":["Stack+1","Beam Cell+1","Auto Shields+1"],"picked":"SKIP","floor":22},{"not_picked":["Biased Cognition","Multi-Cast+1"],"picked":"Redo+1","floor":24},{"not_picked":["Chaos+1","Auto Shields+1"],"picked":"Blizzard+1","floor":25},{"not_picked":["Reinforced Body+1","Lockon"],"picked":"Machine Learning","floor":27},{"not_picked":["Beam Cell","Streamline"],"picked":"White Noise+1","floor":28},{"not_picked":["Sweeping Beam","Compile Driver","Barrage"],"picked":"SKIP","floor":29},{"not_picked":["Rip and Tear+1","Fusion+1"],"picked":"BootSequence+1","floor":31},{"not_picked":["Machine Learning","Fission+1"],"picked":"Rainbow+1","floor":33},{"not_picked":["Stack+1","Gash+1"],"picked":"BootSequence+1","floor":35}],"player_experience":85626,"relics_obtained":[{"floor":6,"key":"Blue Candle"},{"floor":8,"key":"Toxic Egg 2"},{"floor":13,"key":"Odd Mushroom"},{"floor":24,"key":"Regal Pillow"},{"floor":26,"key":"Gremlin Horn"},{"floor":27,"key":"CaptainsWheel"}],"event_choices":[{"damage_healed":0,"gold_gain":0,"player_choice":"Success","damage_taken":3,"relics_obtained":["Dream Catcher"],"max_hp_gain":0,"max_hp_loss":0,"event_name":"Scrap Ooze","floor":2,"gold_loss":0},{"damage_healed":0,"gold_gain":0,"player_choice":"Fought Mushrooms","damage_taken":0,"max_hp_gain":0,"max_hp_loss":0,"event_name":"Mushrooms","floor":13,"gold_loss":0},{"damage_healed":0,"gold_gain":0,"player_choice":"Bought 0 Potions","damage_taken":0,"max_hp_gain":0,"max_hp_loss":0,"event_name":"The Woman in Blue","floor":19,"gold_loss":0},{"damage_healed":0,"gold_gain":0,"player_choice":"Forge","damage_taken":0,"max_hp_gain":0,"max_hp_loss":0,"event_name":"Accursed Blacksmith","floor":30,"gold_loss":0,"cards_upgraded":["Loop"]},{"damage_healed":0,"gold_gain":0,"player_choice":"Ignored","damage_taken":0,"max_hp_gain":0,"max_hp_loss":0,"event_name":"Tomb of Lord Red Mask","floor":36,"gold_loss":0},{"damage_healed":0,"gold_gain":0,"player_choice":"Fight","damage_taken":0,"max_hp_gain":0,"max_hp_loss":0,"event_name":"Mysterious Sphere","floor":37,"gold_loss":0}],"is_beta":false,"boss_relics":[{"not_picked":["Coffee Dripper","Runic Dome"],"picked":"Runic Pyramid"},{"not_picked":["SacredBark","Calling Bell"],"picked":"Sozu"}],"items_purged_floors":[12],"is_endless":false,"potions_floor_spawned":[8,10,13,14,16,18,27,29,31],"killed_by":"2 Orb Walkers","ascension_level":1}}