{"host":"qmufev141yub3yf0","time":1610013197,"event":{"mods":["BaseMod","Minty Spire (QoL Compilation)","Quick Restart","StSLib","SuperFastMode"],"gold_per_floor":[114,114,125,50,62,87,87,87,87,87,112,112,143,160,160,160,160],"floor_reached":16,"playtime":363,"items_purged":["Defend_R"],"score":136,"play_id":"d730c788-8064-4dc0-bbc1-36727abf0243","local_time":"20210107175317","is_ascension_mode":true,"campfire_choices":[{"data":"Cleave","floor":8,"key":"SMITH"},{"floor":10,"key":"REST"},{"floor":12,"key":"REST"},{"data":"Shrug It Off","floor":15,"key":"SMITH"}],"circlet_count":0,"master_deck":["Strike_R","Strike_R","Strike_R","Defend_R","Defend_R","Defend_R","Bash","Shrug It Off+1","Shrug It Off","Cleave+1"],"relics":["Burning Blood","NeowsBlessing","Matryoshka","Regal Pillow","Eternal Feather","Bag of Preparation","Omamori"],"acts_visited":["Exordium"],"potions_floor_usage":[6,13,13],"damage_taken":[{"damage":0,"enemies":"Jaw Worm","floor":1,"turns":1},{"damage":0,"enemies":"Cultist","floor":3,"turns":1},{"damage":0,"enemies":"Small Slimes","floor":5,"turns":1},{"damage":31,"enemies":"Gremlin Nob","floor":6,"turns":5},{"damage":41,"enemies":"3 Sentries","floor":11,"turns":9},{"damage":47,"enemies":"Lagavulin","floor":13,"turns":8},{"damage":2,"enemies":"2 Fungi Beasts","floor":14,"turns":3},{"damage":73,"enemies":"Slime Boss","floor":16,"turns":10}],"seed_played":"1857442082282065941","potions_obtained":[{"floor":5,"key":"BlessingOfTheForge"},{"floor":11,"key":"BloodPotion"},{"floor":13,"key":"Fruit Juice"}],"is_trial":false,"path_per_floor":["M","?","M","$","M","E","?","R","T","R","E","R","E","M","R","B"],"character_chosen":"IRONCLAD","items_purchased":[],"campfire_rested":2,"item_purchase_floors":[],"current_hp_per_floor":[80,80,80,80,80,55,55,55,55,80,45,80,60,64,70,0,0],"gold":160,"neow_bonus":"THREE_ENEMY_KILL","is_daily":false,"chose_seed":false,"campfire_upgraded":2,"win_rate":0.0,"timestamp":1610013197,"path_taken":["M","?","M","$","?","E","?","R","T","R","E","R","E","M","R","BOSS"],"items_purchased_type":[],"build_version":"2020-12-22","purchased_purges":1,"victory":false,"max_hp_per_floor":[80,80,80,80,80,80,80,80,80,80,80,80,85,85,85,85,85],"card_choices":[{"not_picked":["Heavy Blade","Clash"],"picked":"Shrug It Off","floor":1},{"not_picked":["Intimidate","Corruption"],"picked":"Shrug It Off","floor":3},{"not_picked":["Combust","Anger","Sever Soul"],"picked":"SKIP","floor":5},{"not_picked":["Uppercut","Wild Strike","Intimidate"],"picked":"SKIP","floor":6},{"not_picked":["Armaments","Flame Barrier","Demon Form"],"picked":"SKIP","floor":11},{"not_picked":["Disarm","Infernal Blade","Ghostly Armor"],"picked":"SKIP","floor":13},{"not_picked":["Flex","Sentinel","Clash"],"picked":"SKIP","floor":14}],"player_experience":242298,"relics_obtained":[{"floor":6,"key":"Matryoshka"},{"floor":9,"key":"Regal Pillow"},{"floor":9,"key":"Eternal Feather"},{"floor":11,"key":"Bag of Preparation"},{"floor":13,"key":"Omamori"}],"event_choices":[{"cards_removed":["Strike_R"],"damage_healed":0,"gold_gain":0,"player_choice":"Offered Basic","damage_taken":0,"max_hp_gain":0,"max_hp_loss":0,"event_name":"Bonfire Elementals","floor":2,"gold_loss":0},{"damage_healed":0,"gold_gain":0,"cards_transformed":["Strike_R"],"player_choice":"Change","damage_taken":0,"max_hp_gain":0,"max_hp_loss":0,"event_name":"Living Wall","floor":7,"gold_loss":0,"cards_obtained":["Cleave"]}],"is_beta":false,"boss_relics":[],"items_purged_floors":[4],"is_endless":false,"potions_floor_spawned":[5,11,13],"killed_by":"Slime Boss","ascension_level":3}}