{"host":"93mson5lmjgzj0ai","time":1610048598,"event":{"mods":["AchievementEnabler","BaseMod","Conspire","Hubris","Infinite Spire","Minty Spire (QoL Compilation)","Shop Mod","StSLib","SuperFastMode","The Construct"],"gold_per_floor":[114,114,130,146,166,192,192,117,117,117,147,166,182,182,182,305,305,318,318,332,282,282,326,369,369,417,12,52,86,100,131,131,267,267,294,314,314,647,681,716,736,747,747,758,758,327,327,352,352,352],"floor_reached":51,"playtime":2058,"items_purged":["Defend_P","Writhe","Strike_P","Strike_P"],"score":959,"play_id":"9e5f1292-de28-4b88-9655-20b0215d55ff","local_time":"20210107204318","is_ascension_mode":false,"campfire_choices":[{"data":"Eruption","floor":7,"key":"SMITH"},{"data":"TalkToTheHand","floor":15,"key":"SMITH"},{"floor":25,"key":"REST"},{"floor":32,"key":"REST"},{"floor":45,"key":"REST"},{"floor":49,"key":"REST"}],"circlet_count":0,"master_deck":["Strike_P+1","Strike_P","Defend_P","Defend_P+1","Defend_P","Eruption+1","Vigilance+1","Establishment","SignatureMove","TalkToTheHand+1","Consecrate+1","Protect","RitualDagger","conspire:SpireCoStock","Tantrum","LessonLearned","Adaptation+1","EmptyBody+1","Scrawl","Protect+1","Tantrum","Indignation+1","Master of Strategy","TalkToTheHand+1","Tantrum+1"],"relics":["PureWater","NeowsBlessing","Bag of Preparation","Gremlin Horn","infinitespire:Beetle Shell","Centennial Puzzle","Fusion Hammer","Strawberry","War Paint","Nunchaku","Bag of Marbles","OrangePellets","hubris:TenFootPole","hubris:GrandSneckoEye","Eternal Feather","Happy Flower","infinitespire:Golems Mask","Lantern","Bronze Scales","Melange","hubris:NiceRug","infinitespire:Eraser","Dream Catcher"],"acts_visited":["Exordium","TheCity","TheBeyond"],"potions_floor_usage":[5,6,11,11,16,20,23,29,40,46,50,50],"damage_taken":[{"damage":0,"enemies":"2 Louse","floor":1,"turns":2},{"damage":0,"enemies":"Cultist","floor":3,"turns":1},{"damage":0,"enemies":"Small Slimes","floor":4,"turns":1},{"damage":5,"enemies":"Looter","floor":5,"turns":3},{"damage":0,"enemies":"Lagavulin","floor":6,"turns":3},{"damage":13,"enemies":"3 Sentries","floor":11,"turns":3},{"damage":8,"enemies":"Large Slime","floor":12,"turns":4},{"damage":2,"enemies":"3 Louse","floor":13,"turns":3},{"damage":4,"enemies":"Slime Boss","floor":16,"turns":7},{"damage":6,"enemies":"3 Byrds","floor":18,"turns":3},{"damage":7,"enemies":"Shell Parasite","floor":20,"turns":3},{"damage":4,"enemies":"Book of Stabbing","floor":23,"turns":5},{"damage":0,"enemies":"3 Cultists","floor":24,"turns":3},{"damage":0,"enemies":"Cultist and Chosen","floor":28,"turns":4},{"damage":0,"enemies":"Slavers","floor":29,"turns":1},{"damage":0,"enemies":"Snecko","floor":30,"turns":3},{"damage":0,"enemies":"Snake Plant","floor":31,"turns":3},{"damage":45,"enemies":"conspire:MysteriousRune","floor":33,"turns":6},{"damage":0,"enemies":"3 Darklings","floor":35,"turns":3},{"damage":0,"enemies":"Orb Walker","floor":36,"turns":1},{"damage":0,"enemies":"conspire:MimicChest","floor":39,"turns":2},{"damage":0,"enemies":"Giant Head","floor":40,"turns":5},{"damage":17,"enemies":"Spire Growth","floor":41,"turns":3},{"damage":0,"enemies":"Maw","floor":42,"turns":6},{"damage":0,"enemies":"Transient","floor":44,"turns":5},{"damage":28,"enemies":"hubris:Merchant","floor":46,"turns":3},{"damage":0,"enemies":"Nightmare","floor":48,"turns":4},{"damage":0,"enemies":"Donu and Deca","floor":50,"turns":3}],"seed_played":"-656655937793008041","potions_obtained":[{"floor":2,"key":"DuplicationPotion"},{"floor":2,"key":"Weak Potion"},{"floor":2,"key":"Ambrosia"},{"floor":6,"key":"Fire Potion"},{"floor":11,"key":"Block Potion"},{"floor":12,"key":"Fire Potion"},{"floor":20,"key":"Weak Potion"},{"floor":23,"key":"LiquidMemories"},{"floor":33,"key":"BlessingOfTheForge"},{"floor":36,"key":"Dexterity Potion"},{"floor":42,"key":"Strength Potion"},{"floor":44,"key":"Ambrosia"},{"floor":46,"key":"PowerPotion"}],"is_trial":false,"path_per_floor":["M","?","M","M","M","E","R","$","T","T","E","M","M","?","R","B",null,"M","?","M","?","?","E","M","R","T","$","M","E","M","M","R","B",null,"M","M","AVR","?","?","E","M","M","T","M","R","$","?","NM","R","B",null],"character_chosen":"WATCHER","items_purchased":["Bag of Marbles","OrangePellets","Bronze Scales","Melange","Master of Strategy","Strength Potion","TalkToTheHand"],"campfire_rested":4,"item_purchase_floors":[27,27,46,46,46,46,46],"current_hp_per_floor":[72,72,72,72,67,67,67,67,67,67,54,46,44,44,44,40,67,61,55,48,48,55,51,51,73,73,73,73,73,73,73,74,29,74,74,74,74,74,74,74,57,57,57,57,74,46,46,46,74,74],"gold":352,"neow_bonus":"THREE_ENEMY_KILL","is_daily":false,"chose_seed":false,"campfire_upgraded":2,"win_rate":0.0,"timestamp":1610048598,"path_taken":["M","?","?","M","M","E","R","$","T","?","E","?","M","?","R","BOSS","M","?","M","?","?","E","M","R","T","$","M","E","M","M","R","BOSS","M","M","AVR","?","?","E","M","?","T","M","R","$","?","NM","R","BOSS"],"items_purchased_type":["Relic","Relic","Relic","Relic","Card","Potion","Card"],"build_version":"2020-12-22","purchased_purges":4,"victory":true,"max_hp_per_floor":[72,72,72,72,72,72,72,72,72,72,72,72,72,67,67,67,67,67,67,67,67,74,74,74,74,74,74,74,74,74,74,74,74,74,74,74,74,74,74,74,74,74,74,74,74,74,74,74,74,74],"card_choices":[{"not_picked":["JustLucky","FlurryOfBlows","Collect"],"picked":"SKIP","floor":1},{"not_picked":["CutThroughFate","ThirdEye","Weave"],"picked":"SKIP","floor":3},{"not_picked":["ThirdEye","FlyingSleeves"],"picked":"Establishment","floor":4},{"not_picked":["Wallop","EmptyFist"],"picked":"SignatureMove","floor":5},{"not_picked":["Establishment","PathToVictory"],"picked":"TalkToTheHand","floor":6},{"not_picked":["Halt","ThirdEye"],"picked":"Consecrate","floor":11},{"not_picked":["TalkToTheHand","Nirvana","Fasting2"],"picked":"SKIP","floor":12},{"not_picked":["Protect","Establishment","TalkToTheHand"],"picked":"SKIP","floor":13},{"not_picked":["Establishment","TalkToTheHand"],"picked":"Protect","floor":13},{"not_picked":["Swivel","InnerPeace","EmptyBody"],"picked":"SKIP","floor":18},{"not_picked":["BowlingBash","Nirvana+1","FlyingSleeves"],"picked":"SKIP","floor":20},{"not_picked":["Adaptation","PathToVictory","ClearTheMind"],"picked":"SKIP","floor":23},{"not_picked":["Weave","Evaluate"],"picked":"Tantrum","floor":24},{"not_picked":["FollowUp+1","Worship","Crescendo"],"picked":"SKIP","floor":28},{"not_picked":["Crescendo","TalkToTheHand"],"picked":"LessonLearned","floor":29},{"not_picked":["Evaluate","LikeWater"],"picked":"Adaptation+1","floor":30},{"not_picked":["JustLucky+1","FlurryOfBlows+1","EmptyBody+1"],"picked":"SKIP","floor":31},{"not_picked":["JustLucky+1","FlurryOfBlows+1"],"picked":"EmptyBody+1","floor":31},{"not_picked":["Ragnarok","ConjureBlade"],"picked":"Scrawl","floor":33},{"not_picked":["Halt","BattleHymn"],"picked":"Protect+1","floor":35},{"not_picked":["FlyingSleeves+1","Omniscience","ClearTheMind+1"],"picked":"SKIP","floor":36},{"not_picked":["SignatureMove","FlyingSleeves","Consecrate+1"],"picked":"SKIP","floor":40},{"not_picked":["Adaptation","Evaluate","Indignation"],"picked":"SKIP","floor":41},{"not_picked":["Indignation","Evaluate+1"],"picked":"Tantrum","floor":42},{"not_picked":["SandsOfTime","FlyingSleeves"],"picked":"Indignation+1","floor":44},{"not_picked":["FlurryOfBlows"],"picked":"SKIP","floor":46},{"not_picked":["EmptyBody"],"picked":"SKIP","floor":46},{"not_picked":["Halt"],"picked":"SKIP","floor":46},{"not_picked":["Nirvana"],"picked":"SKIP","floor":46},{"not_picked":["PanicButton"],"picked":"SKIP","floor":46},{"not_picked":["SandsOfTime","Indignation","FollowUp+1"],"picked":"SKIP","floor":48},{"not_picked":["SignatureMove","Crescendo+1"],"picked":"Tantrum+1","floor":49}],"player_experience":12071,"relics_obtained":[{"floor":6,"key":"Bag of Preparation"},{"floor":9,"key":"Gremlin Horn"},{"floor":10,"key":"infinitespire:Beetle Shell"},{"floor":11,"key":"Centennial Puzzle"},{"floor":23,"key":"War Paint"},{"floor":26,"key":"Nunchaku"},{"floor":29,"key":"hubris:TenFootPole"},{"floor":39,"key":"Happy Flower"},{"floor":40,"key":"infinitespire:Golems Mask"},{"floor":43,"key":"Lantern"},{"floor":46,"key":"infinitespire:Eraser"},{"floor":48,"key":"Dream Catcher"}],"event_choices":[{"damage_healed":0,"gold_gain":0,"player_choice":"Got Potions","damage_taken":0,"max_hp_gain":0,"max_hp_loss":0,"event_name":"Lab","floor":2,"gold_loss":0},{"damage_healed":0,"gold_gain":0,"player_choice":"Lose Max HP","damage_taken":0,"relics_obtained":["Golden Idol"],"max_hp_gain":0,"max_hp_loss":5,"event_name":"Golden Idol","floor":14,"gold_loss":0},{"damage_healed":0,"gold_gain":0,"player_choice":"Joined the Cult","damage_taken":6,"max_hp_gain":0,"max_hp_loss":0,"event_name":"Nest","floor":19,"gold_loss":0,"cards_obtained":["RitualDagger"]},{"damage_healed":0,"gold_gain":0,"player_choice":"Invest 1","damage_taken":0,"max_hp_gain":0,"max_hp_loss":0,"event_name":"conspire:Investor","floor":21,"gold_loss":0},{"damage_healed":0,"gold_gain":0,"player_choice":"Opened","damage_taken":0,"relics_obtained":["Strawberry"],"max_hp_gain":0,"max_hp_loss":0,"event_name":"The Mausoleum","floor":22,"gold_loss":0,"cards_obtained":["Writhe"]},{"damage_healed":0,"gold_gain":333,"player_choice":"Gave Idol","damage_taken":0,"max_hp_gain":0,"max_hp_loss":0,"event_name":"The Moai Head","floor":38,"relics_lost":["Golden Idol"],"gold_loss":0}],"is_beta":false,"boss_relics":[{"not_picked":["hubris:HollowSoul","conspire:RoyalGoblet"],"picked":"Fusion Hammer"},{"not_picked":["Busted Crown","Snecko Eye"],"picked":"hubris:GrandSneckoEye"}],"items_purged_floors":[8,27,37,46],"is_endless":false,"potions_floor_spawned":[3,6,11,12,20,23,33,36,42,44,48],"ascension_level":0}}