{"host":"2lo6hma6kymb0g9i","time":1610009899,"event":{"mods":["BaseMod","Colored Map","DeckTracker","Minty Spire (QoL Compilation)"],"gold_per_floor":[113,124,124,199,212,242,242,260,260,274,199,209,220,220,220,319,319,330,341,341,341,87,87,87,87,87,113,125,137,160,179,179,179,179],"floor_reached":33,"playtime":2274,"items_purged":["Strike_B","Strike_B"],"score":323,"play_id":"a51d6b00-1a06-4da3-b90b-892a78da882b","local_time":"20210107175819","is_ascension_mode":true,"campfire_choices":[{"data":"Hologram","floor":7,"key":"SMITH"},{"floor":15,"key":"REST"},{"data":"Zap","floor":23,"key":"SMITH"},{"data":"Dualcast","floor":25,"key":"SMITH"},{"floor":32,"key":"REST"}],"circlet_count":0,"master_deck":["Strike_B","Defend_B","Defend_B","Defend_B","Defend_B","Zap+1","Dualcast+1","Hologram+1","Sweeping Beam","Gash","Conserve Battery","Gash","Hologram+1","Rebound+1","Glacier+1"],"relics":["Cracked Core","Letter Opener","Shuriken","Nuclear Battery","Medical Kit","Molten Egg 2","Toxic Egg 2","Smiling Mask"],"acts_visited":["Exordium","TheCity"],"potions_floor_usage":[10,13,16,16,29,33,33,33],"damage_taken":[{"damage":0,"enemies":"Cultist","floor":1,"turns":3},{"damage":2,"enemies":"Jaw Worm","floor":2,"turns":3},{"damage":0,"enemies":"Small Slimes","floor":5,"turns":4},{"damage":37,"enemies":"Lagavulin","floor":6,"turns":7},{"damage":7,"enemies":"Blue Slaver","floor":8,"turns":4},{"damage":0,"enemies":"Exordium Wildlife","floor":10,"turns":2},{"damage":4,"enemies":"Exordium Thugs","floor":12,"turns":4},{"damage":0,"enemies":"Gremlin Gang","floor":13,"turns":4},{"damage":25,"enemies":"Hexaghost","floor":16,"turns":10},{"damage":0,"enemies":"3 Byrds","floor":18,"turns":4},{"damage":0,"enemies":"Spheric Guardian","floor":19,"turns":3},{"damage":23,"enemies":"Slavers","floor":27,"turns":5},{"damage":5,"enemies":"3 Cultists","floor":28,"turns":4},{"damage":13,"enemies":"Snake Plant","floor":29,"turns":4},{"damage":4,"enemies":"Sentry and Sphere","floor":31,"turns":5},{"damage":56,"enemies":"Champ","floor":33,"turns":12}],"seed_played":"-2344190665350363073","potions_obtained":[{"floor":5,"key":"AttackPotion"},{"floor":6,"key":"Dexterity Potion"},{"floor":12,"key":"SkillPotion"},{"floor":13,"key":"Block Potion"},{"floor":16,"key":"Dexterity Potion"},{"floor":27,"key":"SkillPotion"},{"floor":28,"key":"Block Potion"},{"floor":31,"key":"Regen Potion"}],"is_trial":false,"path_per_floor":["M","M","$","?","M","E","R","M","T","M","$","M","M","?","R","B",null,"M","M","?","?","$","R","$","R","T","E","M","M","T","M","R","B"],"character_chosen":"DEFECT","items_purchased":["Medical Kit"],"campfire_rested":2,"item_purchase_floors":[22],"current_hp_per_floor":[75,73,73,62,62,25,25,18,18,18,18,14,14,14,36,11,75,75,75,61,61,61,61,61,61,61,38,33,20,20,16,40,0,0],"gold":179,"neow_bonus":"REMOVE_CARD","is_daily":false,"chose_seed":false,"campfire_upgraded":3,"win_rate":0.0,"timestamp":1610009899,"path_taken":["M","M","?","?","M","E","R","M","T","M","?","M","?","?","R","BOSS","M","M","?","?","$","R","?","R","T","E","?","?","?","M","R","BOSS"],"items_purchased_type":["Relic"],"build_version":"2020-12-22","purchased_purges":2,"victory":false,"max_hp_per_floor":[75,75,75,75,75,75,75,75,75,75,75,75,75,75,75,75,75,75,75,80,80,80,80,80,80,80,80,80,80,80,80,80,80,80],"card_choices":[{"not_picked":["Stack","Compile Driver"],"picked":"Hologram","floor":1},{"not_picked":["Compile Driver","Stack"],"picked":"Sweeping Beam","floor":2},{"not_picked":["Rip and Tear","Go for the Eyes"],"picked":"Gash","floor":5},{"not_picked":["Tempest","Stack"],"picked":"Conserve Battery","floor":6},{"not_picked":["Cold Snap","Double Energy","Coolheaded"],"picked":"SKIP","floor":8},{"not_picked":["Conserve Battery","Coolheaded","Tempest"],"picked":"SKIP","floor":10},{"not_picked":["Cold Snap","Coolheaded","All For One"],"picked":"SKIP","floor":12},{"not_picked":["Sweeping Beam","Gash","Conserve Battery"],"picked":"SKIP","floor":13},{"not_picked":["Beam Cell","Stack"],"picked":"Gash","floor":18},{"not_picked":["BootSequence","Heatsinks"],"picked":"Hologram+1","floor":19},{"not_picked":["Streamline+1","Static Discharge+1","Beam Cell+1"],"picked":"SKIP","floor":27},{"not_picked":["Darkness+1","Steam Power+1"],"picked":"Rebound+1","floor":28},{"not_picked":["Steam Power+1","Hologram+1"],"picked":"Glacier+1","floor":29},{"not_picked":["Self Repair","Steam Power+1","Stack+1"],"picked":"SKIP","floor":31}],"player_experience":940662,"relics_obtained":[{"floor":6,"key":"Letter Opener"},{"floor":9,"key":"Shuriken"},{"floor":26,"key":"Molten Egg 2"},{"floor":27,"key":"Toxic Egg 2"},{"floor":30,"key":"Smiling Mask"}],"event_choices":[{"damage_healed":0,"gold_gain":75,"player_choice":"Gather Gold","damage_taken":11,"max_hp_gain":0,"max_hp_loss":0,"event_name":"World of Goop","floor":4,"gold_loss":0},{"damage_healed":0,"gold_gain":0,"player_choice":"Ignored","damage_taken":0,"max_hp_gain":0,"max_hp_loss":0,"event_name":"Shining Light","floor":14,"gold_loss":0},{"damage_healed":0,"gold_gain":0,"player_choice":"Shed Blood","damage_taken":19,"max_hp_gain":5,"max_hp_loss":0,"event_name":"Forgotten Altar","floor":20,"gold_loss":0}],"is_beta":false,"boss_relics":[{"not_picked":["Tiny House","Calling Bell"],"picked":"Nuclear Battery"}],"items_purged_floors":[11,22],"is_endless":false,"potions_floor_spawned":[5,6,12,13,16,27,28,31],"killed_by":"Champ","ascension_level":4}}