{"host":"miejrq8yypas90n2","time":1610022656,"event":{"mods":["100% Spire Juice","Act Like it!","BaseMod","Colored Powertips","Gensokyo","Marisa£®ÏF”Í°°ƒß¿Ì…≥£©","Minty Spire (QoL Compilation)","StSLib","The Gatherer","The Poker Player","The Servant 0.9.4"],"gold_per_floor":[109,109,129,129,140,140,169,169,169,24,42,2,13,30,30,125,125,135,135,135,60,78,78,108,108,108,121,131,165,215,115,115,215,215,232,232,247,260,260,286,286,304,304,354,369,380,112,127,127,127,127,127],"floor_reached":50,"playtime":4176,"items_purged":["Normality","Shame","Normality"],"score":639,"play_id":"df33b6f8-a9a0-44c3-a3ae-4b3c814dda00","local_time":"20210107203056","is_ascension_mode":false,"metric_token":725,"campfire_choices":[{"data":"Gatherer:QuickSynthesis","floor":6.0,"key":"SMITH"},{"data":"Gatherer:Frenzy","floor":8.0,"key":"SMITH"},{"floor":15.0,"key":"REST"},{"data":"Gatherer:CursedBlade","floor":23.0,"key":"SMITH"},{"data":"Gatherer:MiningStrike","floor":25.0,"key":"SMITH"},{"data":"Gatherer:Centralize","floor":32.0,"key":"SMITH"},{"data":"Gatherer:Bulldoze","floor":41.0,"key":"SMITH"},{"floor":49,"key":"RECALL"}],"circlet_count":0,"master_deck":["Gatherer:Strike_Gatherer","Gatherer:Strike_Gatherer","Gatherer:Strike_Gatherer","Gatherer:Strike_Gatherer","Gatherer:Strike_Gatherer","Gatherer:Defend_Gatherer","Gatherer:Defend_Gatherer","Gatherer:Defend_Gatherer","Gatherer:Defend_Gatherer","Gatherer:Defend_Gatherer","Gatherer:Centralize+1","Gatherer:FlowerWhip","Gatherer:ScentOfRosmari","Gatherer:RecipeChange","Gatherer:Frenzy+1","Gatherer:QuickSynthesis+1","Gatherer:FlowerFalling","Gatherer:FragileHammer","Gatherer:Uplift","Gatherer:Misfortune","Gatherer:MiningStrike+1","Gatherer:CursedBlade+1","Gatherer:EnergyBasket+1","Ghostly","Ghostly","Ghostly","Ghostly","Gatherer:CollectorsShot","Gatherer:SaveValuables","Gatherer:Duplicator","Writhe","Gatherer:Bulldoze+1","Gatherer:FlowerShield+1","Doubt","Gatherer:MiningStrike+1","Gatherer:CollectorsShot+1","Gatherer:Misfortune+1","Gatherer:CarefulStrike+1"],"relics":["Gatherer:AlchemyBag","NeowsBlessing","CaptainsWheel","Bird Faced Urn","ClockworkSouvenir","Cursed Key","Meat on the Bone","Darkstone Periapt","Bottled Flame","Anchor","Gatherer:ExplorersPath","Strawberry","Dead Branch","Ancient Tea Set"],"acts_visited":["Exordium","TheCity","TheBeyond"],"potions_floor_usage":[50,50],"damage_taken":[{"damage":0.0,"enemies":"Jaw Worm","floor":1.0,"turns":1.0},{"damage":0.0,"enemies":"Cultist","floor":3.0,"turns":1.0},{"damage":0.0,"enemies":"2 Louse","floor":5.0,"turns":1.0},{"damage":37.0,"enemies":"Lagavulin","floor":7.0,"turns":6.0},{"damage":0.0,"enemies":"Lots of Slimes","floor":11.0,"turns":1.0},{"damage":12.0,"enemies":"Exordium Thugs","floor":13.0,"turns":3.0},{"damage":9.0,"enemies":"Gremlin Gang","floor":14.0,"turns":3.0},{"damage":0.0,"enemies":"Slime Boss","floor":16.0,"turns":7.0},{"damage":0.0,"enemies":"Spheric Guardian","floor":18.0,"turns":3.0},{"damage":0.0,"enemies":"Shell Parasite","floor":22.0,"turns":4.0},{"damage":22.0,"enemies":"Slavers","floor":24.0,"turns":4.0},{"damage":10.0,"enemies":"Chosen and Byrds","floor":27.0,"turns":5.0},{"damage":2.0,"enemies":"Centurion and Healer","floor":28.0,"turns":6.0},{"damage":1.0,"enemies":"Book of Stabbing","floor":29.0,"turns":5.0},{"damage":57.0,"enemies":"Automaton","floor":33.0,"turns":8.0},{"damage":4.0,"enemies":"Orb Walker","floor":35.0,"turns":3.0},{"damage":7.0,"enemies":"3 Darklings","floor":37.0,"turns":8.0},{"damage":0.0,"enemies":"Jaw Worm Horde","floor":38.0,"turns":5.0},{"damage":21.0,"enemies":"Giant Head","floor":40.0,"turns":7.0},{"damage":1.0,"enemies":"Sphere and 2 Shapes","floor":42.0,"turns":4.0},{"damage":4,"enemies":"Mind Bloom Boss Battle","floor":44,"turns":8},{"damage":10,"enemies":"4 Shapes","floor":45,"turns":4},{"damage":5,"enemies":"3 Darklings","floor":46,"turns":4},{"damage":3,"enemies":"Writhing Mass","floor":48,"turns":5},{"damage":61,"enemies":"Awakened One","floor":50,"turns":6}],"seed_played":"-4064352616764571165","potions_obtained":[{"floor":1.0,"key":"DistilledChaos"},{"floor":11.0,"key":"Dexterity Potion"},{"floor":13.0,"key":"FairyPotion"},{"floor":16.0,"key":"SpeedPotion"},{"floor":18.0,"key":"DuplicationPotion"},{"floor":22.0,"key":"LiquidBronze"},{"floor":28.0,"key":"Dexterity Potion"},{"floor":35.0,"key":"Weak Potion"},{"floor":38.0,"key":"BloodPotion"},{"floor":42.0,"key":"DistilledChaos"},{"floor":44,"key":"BloodPotion"}],"is_trial":false,"path_per_floor":["M","?","M","?","M","R","E","R","T","$","M","$","M","M","R","B",null,"M","?","?","$","M","R","E","R","T","M","M","E","T","$","R","B",null,"M","?","M","M","T","E","R","M","T","?","M","M","$","M","R","B"],"character_chosen":"THE_GATHERER","items_purchased":["ClockworkSouvenir","Gatherer:Uplift","Ancient Tea Set"],"campfire_rested":1,"item_purchase_floors":[10,12,47],"current_hp_per_floor":[72,72,72,82,82,82,45,45,45,45,45,45,33,24,48,50,82,82,41,41,41,41,41,19,19,19,27,29,36,42,42,42,26,47,43,49,44,46,46,38,38,43,49,51,47,42,42,39,39,0,0,0],"gold":127,"neow_bonus":"THREE_ENEMY_KILL","is_daily":false,"chose_seed":false,"campfire_upgraded":6,"win_rate":0.0,"timestamp":1610022656,"path_taken":["M","?","?","?","?","R","E","R","T","?","?","$","?","M","R","BOSS","M","?","?","$","M","R","E","R","T","M","M","E","?","?","R","BOSS","M","?","?","?","?","E","R","M","T","?","M","?","$","M","R","BOSS"],"items_purchased_type":["Relic","Card","Relic"],"build_version":"2020-12-22","purchased_purges":3,"victory":false,"max_hp_per_floor":[72,72,72,82,82,82,82,82,82,82,82,82,82,82,82,82,82,82,41,41,41,41,41,41,41,41,41,41,41,47,47,47,47,47,47,53,53,53,53,60,60,60,66,66,66,66,66,66,66,66,66,66],"card_choices":[{"not_picked":["Gatherer:VenomBarrier","Gatherer:TreeGrowth"],"picked":"Gatherer:ScentOfRosmari","floor":1.0},{"not_picked":["Gatherer:FlowerFalling","Gatherer:TreeGrowth"],"picked":"Gatherer:Frenzy","floor":3.0},{"not_picked":["Gatherer:FlowerShield","Gatherer:Polymorphism"],"picked":"Gatherer:QuickSynthesis","floor":5.0},{"not_picked":["Gatherer:ScentOfRosmari","Gatherer:BalancedGrowth"],"picked":"Gatherer:FlowerFalling","floor":7.0},{"not_picked":["Gatherer:Frenzy","Gatherer:TreeGrowth"],"picked":"Gatherer:FragileHammer","floor":11.0},{"not_picked":["Gatherer:BambuSword","Gatherer:CarefulStrike"],"picked":"Gatherer:Misfortune","floor":13.0},{"not_picked":["Gatherer:WitheringStrike","Gatherer:VenomBarrier"],"picked":"Gatherer:MiningStrike","floor":14.0},{"not_picked":["Gatherer:StoneFence","Gatherer:LuckyClover"],"picked":"Gatherer:CursedBlade","floor":16.0},{"not_picked":["Gatherer:FragileHammer","Gatherer:Solidify"],"picked":"Gatherer:EnergyBasket+1","floor":18.0},{"not_picked":["Gatherer:Enchant","Gatherer:PotentialSlash"],"picked":"Gatherer:SaveValuables","floor":22.0},{"not_picked":["Gatherer:WoolGloves","Gatherer:SealedBomb"],"picked":"Gatherer:Duplicator","floor":24.0},{"not_picked":["Gatherer:Convert","Gatherer:GlowingPlant","Gatherer:FruitForce+1"],"picked":"SKIP","floor":27.0},{"not_picked":["Gatherer:ScherryThrow","Gatherer:SaveValuables","Gatherer:TreeGrowth"],"picked":"SKIP","floor":28.0},{"not_picked":["Gatherer:ScherryThrow","Gatherer:SaveValuables","Gatherer:TreeGrowth"],"picked":"SKIP","floor":28.0},{"not_picked":["Gatherer:BomberForm","Gatherer:FragileHammer+1","Gatherer:SealedBomb"],"picked":"SKIP","floor":29.0},{"not_picked":["Gatherer:Photoscythe","Gatherer:FlamingBottle"],"picked":"Gatherer:Bulldoze","floor":33.0},{"not_picked":["Gatherer:PotentialSlash+1","Gatherer:FlowerFalling"],"picked":"Gatherer:FlowerShield+1","floor":35.0},{"not_picked":["Gatherer:BalancedGrowth","Gatherer:FruitForce+1"],"picked":"Gatherer:MiningStrike+1","floor":37.0},{"not_picked":["Gatherer:FlowerShield","Gatherer:Convert+1","Gatherer:DrugPower+1"],"picked":"SKIP","floor":38.0},{"not_picked":["Gatherer:Pollute+1","Gatherer:ScherryThrow"],"picked":"Gatherer:CollectorsShot+1","floor":40.0},{"not_picked":["Gatherer:OddSpoils+1","Gatherer:Convert+1"],"picked":"Gatherer:Misfortune+1","floor":42.0},{"not_picked":["Gatherer:MiningStrike","Gatherer:FlowerShield+1"],"picked":"Gatherer:CarefulStrike+1","floor":44},{"not_picked":["Gatherer:Duplicator","Gatherer:Frenzy","Gatherer:FruitForce+1"],"picked":"SKIP","floor":45},{"not_picked":["Gatherer:CarefulStrike+1","Gatherer:FruitForce","Gatherer:DrugPower"],"picked":"SKIP","floor":46},{"not_picked":["Gatherer:Herbalism+1","Gatherer:Examine","Gatherer:EchoOfNature+1"],"picked":"SKIP","floor":48}],"player_experience":207019,"relics_obtained":[{"floor":7.0,"key":"CaptainsWheel"},{"floor":9.0,"key":"Bird Faced Urn"},{"floor":24.0,"key":"Meat on the Bone"},{"floor":26.0,"key":"Darkstone Periapt"},{"floor":29.0,"key":"Bottled Flame"},{"floor":30.0,"key":"Anchor"},{"floor":40.0,"key":"Strawberry"},{"floor":44,"key":"Dead Branch"}],"event_choices":[{"damage_healed":0.0,"max_hp_gain":0.0,"max_hp_loss":0.0,"gold_gain":0.0,"event_name":"Match and Keep!","player_choice":"2 cards matched","floor":2.0,"gold_loss":0.0,"damage_taken":0.0,"cards_obtained":["Gatherer:ColorfulGarden","Gatherer:RecipeChange"]},{"cards_removed":["Gatherer:ColorfulGarden"],"damage_healed":0.0,"max_hp_gain":10.0,"max_hp_loss":0.0,"gold_gain":0.0,"event_name":"Bonfire Elementals","player_choice":"Offered Rare","floor":4.0,"gold_loss":0.0,"damage_taken":0.0},{"damage_healed":0.0,"max_hp_gain":0.0,"max_hp_loss":41.0,"gold_gain":0.0,"event_name":"Ghosts","player_choice":"Became a Ghost","floor":19.0,"gold_loss":0.0,"damage_taken":0.0,"cards_obtained":["Ghostly","Ghostly","Ghostly","Ghostly","Ghostly"]},{"damage_healed":0.0,"max_hp_gain":0.0,"max_hp_loss":0.0,"gold_gain":0.0,"event_name":"The Library","player_choice":"Read","floor":20.0,"gold_loss":0.0,"damage_taken":0.0,"cards_obtained":["Gatherer:CollectorsShot"]},{"cards_removed":["Ghostly"],"damage_healed":0.0,"max_hp_gain":0.0,"max_hp_loss":0.0,"gold_gain":0.0,"event_name":"NoteForYourself","player_choice":"Took Card","floor":36.0,"gold_loss":0.0,"damage_taken":0.0,"cards_obtained":["Doubt"]},{"damage_healed":0,"gold_gain":0,"player_choice":"Fight","damage_taken":0,"max_hp_gain":0,"max_hp_loss":0,"event_name":"MindBloom","floor":44,"gold_loss":0}],"is_beta":false,"boss_relics":[{"not_picked":["Busted Crown","Philosopher\u0027s Stone"],"picked":"Cursed Key"},{"not_picked":["Empty Cage","Calling Bell"],"picked":"Gatherer:ExplorersPath"}],"items_purged_floors":[21,31,47],"is_endless":false,"potions_floor_spawned":[1,11,13,16,18,22,28,35,38,42,44],"killed_by":"Awakened One","ascension_level":0}}