{"host":"u7lm8z2rvb4dg2oo","time":1610054545,"event":{"mods":["AchievementEnabler","BaseMod","Colored Map","Colored Powertips","Curses Come First","Googly Eyes","Highlight Path","Minty Spire (QoL Compilation)","Quick Restart","StSLib"],"gold_per_floor":[115,127,55,230,230,264,276,302,314,29,55,70,93,136,136,136,136],"floor_reached":16,"playtime":662,"items_purged":["Doubt"],"score":229,"play_id":"7305084b-312d-459c-8a11-c7b9df433137","local_time":"20210107162225","is_ascension_mode":true,"campfire_choices":[{"data":"PathToVictory","floor":7.0,"key":"SMITH"},{"floor":15,"key":"REST"}],"circlet_count":0,"master_deck":["AscendersBane","Strike_P","Strike_P","Strike_P","Strike_P","Defend_P","Defend_P","Defend_P","Defend_P","Eruption","Vigilance","FollowUp","Protect","Nirvana","PathToVictory+1","ThirdEye","FearNoEvil","JustLucky","Wireheading","SandsOfTime"],"relics":["PureWater","NeowsBlessing","Gremlin Horn","MawBank","Letter Opener","Pen Nib","Darkstone Periapt","Odd Mushroom","CeramicFish"],"acts_visited":["Exordium"],"potions_floor_usage":[],"damage_taken":[{"damage":0.0,"enemies":"Small Slimes","floor":1.0,"turns":1.0},{"damage":0.0,"enemies":"2 Louse","floor":2.0,"turns":1.0},{"damage":0.0,"enemies":"Gremlin Nob","floor":6.0,"turns":1.0},{"damage":7.0,"enemies":"Jaw Worm","floor":8.0,"turns":6.0},{"damage":9.0,"enemies":"Lagavulin","floor":11.0,"turns":5.0},{"damage":6.0,"enemies":"Looter","floor":12.0,"turns":3.0},{"damage":6.0,"enemies":"The Mushroom Lair","floor":13.0,"turns":3.0},{"damage":25,"enemies":"Gremlin Nob","floor":14,"turns":4},{"damage":26,"enemies":"Slime Boss","floor":16,"turns":7}],"seed_played":"1387166693693531572","potions_obtained":[{"floor":1.0,"key":"Dexterity Potion"},{"floor":6.0,"key":"Energy Potion"},{"floor":14,"key":"EssenceOfSteel"}],"is_trial":false,"path_per_floor":["M","M","$","?","?","E","R","M","T","$","E","M","?","E","R","B"],"character_chosen":"WATCHER","items_purchased":["Nirvana","Pen Nib","FearNoEvil"],"campfire_rested":1,"item_purchase_floors":[3,10,10],"current_hp_per_floor":[65,65,65,65,58,58,58,51,51,51,42,36,30,5,26,0,0],"gold":136,"neow_bonus":"THREE_ENEMY_KILL","is_daily":false,"chose_seed":false,"campfire_upgraded":1,"win_rate":0.0,"timestamp":1610054545,"path_taken":["M","M","$","?","?","E","R","M","T","$","E","M","?","E","R","BOSS"],"items_purchased_type":["Card","Relic","Card"],"build_version":"2020-12-22","purchased_purges":1,"victory":false,"max_hp_per_floor":[72,72,72,72,72,72,72,72,72,72,72,72,72,72,72,72,72],"card_choices":[{"not_picked":["EmptyFist","DeceiveReality"],"picked":"FollowUp","floor":1.0},{"not_picked":["Conclude","Protect","ClearTheMind"],"picked":"SKIP","floor":2.0},{"not_picked":["Conclude","ClearTheMind"],"picked":"Protect","floor":2.0},{"not_picked":["Conclude","JustLucky"],"picked":"PathToVictory","floor":6.0},{"not_picked":["Halt","Perseverance"],"picked":"ThirdEye","floor":8.0},{"not_picked":["Evaluate","Halt","Perseverance"],"picked":"SKIP","floor":11.0},{"not_picked":["EmptyFist","ClearTheMind"],"picked":"JustLucky","floor":12.0},{"not_picked":["BowlingBash","CutThroughFate"],"picked":"Wireheading","floor":13.0},{"not_picked":["DeceiveReality","Consecrate"],"picked":"SandsOfTime","floor":14}],"player_experience":1112908,"relics_obtained":[{"floor":6.0,"key":"MawBank"},{"floor":9.0,"key":"Letter Opener"},{"floor":11.0,"key":"Darkstone Periapt"},{"floor":13.0,"key":"Odd Mushroom"},{"floor":14,"key":"CeramicFish"}],"event_choices":[{"damage_healed":0.0,"max_hp_gain":0.0,"max_hp_loss":0.0,"gold_gain":175.0,"event_name":"Liars Game","player_choice":"AGREE","floor":4.0,"gold_loss":0.0,"damage_taken":0.0,"cards_obtained":["Doubt"]},{"damage_healed":0.0,"max_hp_gain":0.0,"max_hp_loss":0.0,"gold_gain":0.0,"event_name":"Scrap Ooze","player_choice":"Success","floor":5.0,"gold_loss":0.0,"damage_taken":7.0,"relics_obtained":["Gremlin Horn"]},{"damage_healed":0.0,"max_hp_gain":0.0,"max_hp_loss":0.0,"gold_gain":0.0,"event_name":"Mushrooms","player_choice":"Fought Mushrooms","floor":13.0,"gold_loss":0.0,"damage_taken":0.0}],"is_beta":false,"boss_relics":[],"items_purged_floors":[10],"is_endless":false,"potions_floor_spawned":[1,6,8,14],"killed_by":"Slime Boss","ascension_level":12}}