{"host":"g01l53quoe6lrer0","time":1610056379,"event":{"mods":["2.2 Compatiblity","AchievementEnabler","BaseMod","Colored Map","Highlight Path","Keyboard Shortcuts","Minty Spire (QoL Compilation)","Permanent Neow","StSLib","SuperFastMode","everything is the same but u backflip on backflip"],"gold_per_floor":[110,110,110,125,125,125,157,173,173,188,188,221,240,256,256,353,353,367,151,170,186,186,186],"floor_reached":22,"playtime":628,"items_purged":["Strike_R"],"score":357,"play_id":"34d5074d-c849-4229-9f0c-bb5e5dfaec83","local_time":"20210108065259","is_ascension_mode":true,"campfire_choices":[{"data":"Uppercut","floor":6.0,"key":"SMITH"},{"data":"Armaments","floor":11.0,"key":"SMITH"},{"floor":15.0,"key":"REST"}],"circlet_count":0,"master_deck":["AscendersBane","Defend_R","Defend_R","Defend_R","Bash","Offering","Twin Strike","Uppercut+1","Double Tap","Armaments+1","Warcry","Havoc","Pommel Strike","Headbutt","Corruption","Rampage","Flame Barrier","Battle Trance"],"relics":["Burning Blood","InkBottle","Art of War","Mummified Hand","Empty Cage"],"acts_visited":["Exordium","TheCity"],"potions_floor_usage":[21],"damage_taken":[{"damage":6.0,"enemies":"2 Louse","floor":1.0,"turns":5.0},{"damage":8.0,"enemies":"Jaw Worm","floor":4.0,"turns":2.0},{"damage":6.0,"enemies":"Gremlin Nob","floor":7.0,"turns":2.0},{"damage":10.0,"enemies":"Small Slimes","floor":8.0,"turns":3.0},{"damage":11.0,"enemies":"Gremlin Gang","floor":10.0,"turns":5.0},{"damage":31.0,"enemies":"3 Sentries","floor":12.0,"turns":6.0},{"damage":9.0,"enemies":"Blue Slaver","floor":13.0,"turns":2.0},{"damage":7.0,"enemies":"Exordium Thugs","floor":14.0,"turns":3.0},{"damage":27.0,"enemies":"Hexaghost","floor":16.0,"turns":5.0},{"damage":12.0,"enemies":"2 Thieves","floor":18.0,"turns":3.0},{"damage":13,"enemies":"Shell Parasite","floor":20,"turns":3},{"damage":16,"enemies":"Shelled Parasite and Fungi","floor":21,"turns":3},{"damage":0,"enemies":"3 Cultists","floor":22,"turns":1}],"seed_played":"7893156276297469523","potions_obtained":[{"floor":4.0,"key":"DistilledChaos"},{"floor":7.0,"key":"DuplicationPotion"},{"floor":10.0,"key":"Strength Potion"},{"floor":18.0,"key":"Energy Potion"}],"is_trial":false,"path_per_floor":["M","?","?","M","?","R","E","M","T","M","R","E","M","M","R","B",null,"M","$","M","M","M"],"character_chosen":"IRONCLAD","items_purchased":["Rampage","Flame Barrier"],"campfire_rested":1,"item_purchase_floors":[19,19],"current_hp_per_floor":[72,72,65,63,63,63,63,59,59,54,54,29,26,25,46,25,60,54,54,47,37,37,37],"gold":186,"neow_bonus":"THREE_RARE_CARDS","is_daily":false,"chose_seed":false,"campfire_upgraded":2,"win_rate":0.0,"timestamp":1610056379,"path_taken":["M","?","?","M","?","R","E","M","T","M","R","E","M","?","R","BOSS","M","$","?","M","M"],"items_purchased_type":["Card","Card"],"build_version":"2020-12-22","purchased_purges":1,"victory":false,"max_hp_per_floor":[72,72,72,72,72,72,72,72,72,72,72,72,72,72,72,72,72,72,72,72,72,72,72],"card_choices":[{"not_picked":["Brutality","Bludgeon"],"picked":"Offering","floor":0.0},{"not_picked":["Shrug It Off","Flex"],"picked":"Twin Strike","floor":1.0},{"not_picked":["Ghostly Armor","Body Slam"],"picked":"Uppercut","floor":4.0},{"not_picked":["Clothesline","Combust"],"picked":"Armaments","floor":7.0},{"not_picked":["Clash","Reckless Charge"],"picked":"Warcry","floor":8.0},{"not_picked":["Sever Soul","Corruption"],"picked":"Havoc","floor":10.0},{"not_picked":["Berserk","True Grit"],"picked":"Pommel Strike","floor":12.0},{"not_picked":["Body Slam","Evolve"],"picked":"Headbutt","floor":13.0},{"not_picked":["Heavy Blade","Carnage","Clothesline"],"picked":"SKIP","floor":14.0},{"not_picked":["Fiend Fire","Impervious"],"picked":"Corruption","floor":16.0},{"not_picked":["Iron Wave","Heavy Blade","Clothesline"],"picked":"SKIP","floor":18.0},{"not_picked":["Warcry","Headbutt"],"picked":"Battle Trance","floor":20},{"not_picked":["Warcry","Sword Boomerang","Burning Pact"],"picked":"SKIP","floor":21}],"player_experience":78519,"relics_obtained":[{"floor":7.0,"key":"InkBottle"},{"floor":9.0,"key":"Art of War"},{"floor":12.0,"key":"Mummified Hand"}],"event_choices":[{"cards_removed":["Strike_R"],"damage_healed":0.0,"max_hp_gain":0.0,"max_hp_loss":0.0,"gold_gain":0.0,"event_name":"Living Wall","player_choice":"Forget","floor":2.0,"gold_loss":0.0,"damage_taken":0.0},{"cards_removed":["Strike_R"],"damage_healed":0.0,"max_hp_gain":0.0,"max_hp_loss":0.0,"gold_gain":0.0,"event_name":"Golden Wing","player_choice":"Card Removal","floor":3.0,"gold_loss":0.0,"damage_taken":7.0},{"damage_healed":0.0,"max_hp_gain":0.0,"max_hp_loss":0.0,"gold_gain":0.0,"cards_transformed":["Defend_R"],"event_name":"Transmorgrifier","player_choice":"Transformed","floor":5.0,"gold_loss":0.0,"damage_taken":0.0,"cards_obtained":["Double Tap"]}],"is_beta":false,"boss_relics":[{"not_picked":["Snecko Eye","Fusion Hammer"],"picked":"Empty Cage"}],"items_purged_floors":[19],"is_endless":false,"potions_floor_spawned":[4,7,10,13,18],"killed_by":"3 Cultists","ascension_level":12}}