{"host":"agbyy69nq62afhwx","time":1610044972,"event":{"mods":["BaseMod","Colored Map","DeckTracker","Highlight Path","Keyboard Shortcuts","Minty Spire (QoL Compilation)","Quick Restart","StSLib","SuperFastMode","everything is the same but u backflip on backflip"],"gold_per_floor":[133,168,203,243,65,94,94,169,238,238,302,332,388,388,388,388,388],"floor_reached":16,"playtime":435,"items_purged":[],"score":194,"play_id":"ee7e69ed-6383-4620-94df-fff24c10288f","local_time":"20210108034252","is_ascension_mode":true,"campfire_choices":[{"floor":7.0,"key":"DIG"},{"floor":10.0,"key":"DIG"},{"floor":15.0,"key":"REST"}],"circlet_count":0,"master_deck":["AscendersBane","Strike_G","Strike_G","Strike_G","Strike_G","Strike_G","Defend_G","Defend_G","Defend_G","Defend_G","Defend_G","Survivor","Neutralize","HandOfGreed","Underhanded Strike","Prepared","Deadly Poison","Escape Plan","Reflex","Catalyst","Grand Finale","Backflip"],"relics":["Ring of the Snake","Shovel","Lantern","Paper Crane","CaptainsWheel","Bag of Marbles"],"acts_visited":["Exordium"],"potions_floor_usage":[16],"damage_taken":[{"damage":0.0,"enemies":"Cultist","floor":1.0,"turns":3.0},{"damage":0.0,"enemies":"2 Louse","floor":2.0,"turns":3.0},{"damage":0.0,"enemies":"Small Slimes","floor":3.0,"turns":2.0},{"damage":0.0,"enemies":"2 Fungi Beasts","floor":4.0,"turns":4.0},{"damage":8.0,"enemies":"Gremlin Nob","floor":6.0,"turns":3.0},{"damage":11.0,"enemies":"Gremlin Nob","floor":11.0,"turns":3.0},{"damage":13.0,"enemies":"Exordium Thugs","floor":12.0,"turns":5.0},{"damage":0.0,"enemies":"Lots of Slimes","floor":13.0,"turns":5.0},{"damage":31,"enemies":"The Guardian","floor":16,"turns":15}],"seed_played":"1495372501018840501","potions_obtained":[{"floor":1.0,"key":"Energy Potion"},{"floor":3.0,"key":"GamblersBrew"},{"floor":12.0,"key":"Weak Potion"}],"is_trial":false,"path_per_floor":["M","M","M","M","$","E","R","?","T","R","?","M","M","?","R","B"],"character_chosen":"THE_SILENT","items_purchased":["Reflex","Catalyst"],"campfire_rested":1,"item_purchase_floors":[5,5],"current_hp_per_floor":[59,59,59,59,59,51,51,40,40,40,29,16,16,16,34,3,3],"gold":388,"neow_bonus":"RANDOM_COLORLESS_2","is_daily":false,"chose_seed":false,"campfire_upgraded":0,"win_rate":0.0,"timestamp":1610044972,"path_taken":["M","M","M","M","$","E","R","?","T","R","?","M","M","?","R","BOSS"],"items_purchased_type":["Card","Card"],"build_version":"2020-12-22","purchased_purges":0,"victory":false,"max_hp_per_floor":[60,60,60,60,60,60,60,60,60,60,60,60,60,60,60,60,60],"card_choices":[{"not_picked":["Master of Strategy","Mayhem"],"picked":"HandOfGreed","floor":0.0},{"not_picked":["Bane","Slice"],"picked":"Underhanded Strike","floor":1.0},{"not_picked":["Footwork","Backstab"],"picked":"Prepared","floor":2.0},{"not_picked":["Deflect","Dash"],"picked":"Deadly Poison","floor":3.0},{"not_picked":["Underhanded Strike","Dodge and Roll"],"picked":"Escape Plan","floor":4.0},{"not_picked":["Riddle With Holes","Prepared"],"picked":"Grand Finale","floor":6.0},{"not_picked":["Skewer","Deadly Poison"],"picked":"Backflip","floor":11.0},{"not_picked":["Deflect","Deadly Poison","Quick Slash"],"picked":"SKIP","floor":12.0},{"not_picked":["Deadly Poison","PiercingWail","Masterful Stab"],"picked":"SKIP","floor":13.0}],"player_experience":407668,"relics_obtained":[{"floor":6.0,"key":"Shovel"},{"floor":7.0,"key":"Lantern"},{"floor":9.0,"key":"Paper Crane"},{"floor":10.0,"key":"CaptainsWheel"},{"floor":11.0,"key":"Bag of Marbles"}],"event_choices":[{"damage_healed":0.0,"max_hp_gain":0.0,"max_hp_loss":0.0,"gold_gain":75.0,"event_name":"World of Goop","player_choice":"Gather Gold","floor":8.0,"gold_loss":0.0,"damage_taken":11.0},{"damage_healed":0.0,"max_hp_gain":0.0,"max_hp_loss":0.0,"gold_gain":0.0,"event_name":"Dead Adventurer","player_choice":"Searched \u00271\u0027 times","floor":11.0,"gold_loss":0.0,"damage_taken":0.0},{"damage_healed":0.0,"max_hp_gain":0.0,"max_hp_loss":0.0,"gold_gain":0.0,"event_name":"Liars Game","player_choice":"Ignored","floor":14.0,"gold_loss":0.0,"damage_taken":0.0}],"is_beta":false,"boss_relics":[],"items_purged_floors":[],"is_endless":false,"potions_floor_spawned":[1,3,6,12],"killed_by":"The Guardian","ascension_level":18}}