{"host":"684z1xpuwaoqmmh1","time":1610057126,"event":{"mods":["BaseMod","Downfall","Hermit","Jorbs\u0027s Wanderer Trilogy","Marisa????????","Minty Spire (QoL Compilation)","StSLib","The Hierophant","The Mystic"],"gold_per_floor":[115,131,147,167,92,92,126,126,152,327,327,402,402,435,435,533,533,546,565,565,583,583,583,583],"floor_reached":23,"playtime":1190,"items_purged":["hermit:Defend_Hermit"],"score":343,"play_id":"cd94bc4f-8bbd-44f7-af98-d46aed4649b1","local_time":"20210108000526","is_ascension_mode":true,"campfire_choices":[{"data":"hermit:TakeCover","floor":6.0,"key":"SMITH"},{"floor":8.0,"key":"REST"},{"data":"hermit:Combo","floor":13.0,"key":"SMITH"},{"floor":15.0,"key":"REST"}],"circlet_count":0,"master_deck":["AscendersBane","hermit:Strike_Hermit","hermit:Strike_Hermit","hermit:Strike_Hermit","hermit:Strike_Hermit","hermit:Defend_Hermit","hermit:Defend_Hermit","hermit:Defend_Hermit","hermit:Snapshot","hermit:Covet","hermit:TakeCover+1","hermit:Combo+1","hermit:Dive","hermit:TakeAim","hermit:Roughhouse","Doubt","hermit:FatalDesire","hermit:Feint+1","Ghostly","Ghostly","Ghostly","Ghostly","Ghostly"],"relics":["hermit:Momento","Strawberry","Regal Pillow","Orichalcum","CaptainsWheel","Philosopher\u0027s Stone"],"acts_visited":["Exordium","TheCity"],"potions_floor_usage":[19,23],"damage_taken":[{"damage":1.0,"enemies":"Cultist","floor":1.0,"turns":4.0},{"damage":0.0,"enemies":"Jaw Worm","floor":2.0,"turns":6.0},{"damage":19.0,"enemies":"Small Slimes","floor":3.0,"turns":5.0},{"damage":0.0,"enemies":"2 Fungi Beasts","floor":4.0,"turns":5.0},{"damage":31.0,"enemies":"Gremlin Nob","floor":7.0,"turns":5.0},{"damage":19.0,"enemies":"3 Sentries","floor":14.0,"turns":11.0},{"damage":37.0,"enemies":"The Guardian","floor":16.0,"turns":16.0},{"damage":1,"enemies":"Spheric Guardian","floor":18,"turns":5},{"damage":57,"enemies":"3 Byrds","floor":19,"turns":9},{"damage":0,"enemies":"Centurion and Healer","floor":21,"turns":8},{"damage":8,"enemies":"Book of Stabbing","floor":23,"turns":6}],"seed_played":"-4861688962634434320","potions_obtained":[{"floor":1.0,"key":"Weak Potion"},{"floor":4.0,"key":"Strength Potion"},{"floor":7.0,"key":"SkillPotion"},{"floor":18,"key":"DuplicationPotion"},{"floor":21,"key":"LiquidBronze"}],"is_trial":false,"path_per_floor":["M","M","M","M","$","R","E","R","T","?","?","?","R","E","R","B",null,"M","M","?","M","T","E"],"character_chosen":"HERMIT","items_purchased":[],"campfire_rested":2,"item_purchase_floors":[],"current_hp_per_floor":[67,67,48,48,48,48,24,48,48,48,41,30,30,11,50,13,65,64,7,7,7,7,0,0],"gold":583,"neow_bonus":"THREE_CARDS","is_daily":false,"chose_seed":false,"campfire_upgraded":2,"win_rate":0.0,"timestamp":1610057126,"path_taken":["M","M","M","M","$","R","E","R","T","?","?","?","R","E","R","BOSS","M","M","?","M","?","E"],"items_purchased_type":[],"build_version":"2020-12-22","purchased_purges":1,"victory":false,"max_hp_per_floor":[75,75,75,75,75,75,82,82,82,82,82,82,82,82,82,82,82,82,82,41,41,41,41,41],"card_choices":[{"not_picked":["hermit:Glare","hermit:Quickdraw"],"picked":"hermit:TakeCover","floor":0.0},{"not_picked":["hermit:Desperado","hermit:CalledShot"],"picked":"hermit:Combo","floor":1.0},{"not_picked":["hermit:Quickdraw","hermit:Manifest"],"picked":"hermit:Dive","floor":2.0},{"not_picked":["hermit:TakeCover","hermit:Ricochet"],"picked":"hermit:TakeAim","floor":3.0},{"not_picked":["hermit:Glare","hermit:CalledShot"],"picked":"hermit:Roughhouse","floor":4.0},{"not_picked":["hermit:Roulette","hermit:Malice","hermit:Glare"],"picked":"SKIP","floor":7.0},{"not_picked":["hermit:Snipe","hermit:CalledShot","hermit:CursedWeapon"],"picked":"SKIP","floor":14.0},{"not_picked":["hermit:Reprieve","hermit:FinalCanter"],"picked":"hermit:FatalDesire","floor":16.0},{"not_picked":["hermit:SprayPray","hermit:LuckOfTheDraw","hermit:Enervate"],"picked":"SKIP","floor":18},{"not_picked":["hermit:WideOpen","hermit:LowProfile"],"picked":"hermit:Feint+1","floor":19},{"not_picked":["hermit:BodyArmor","hermit:Quickdraw","hermit:Desperado"],"picked":"SKIP","floor":21}],"player_experience":2423525,"relics_obtained":[{"floor":7.0,"key":"Strawberry"},{"floor":9.0,"key":"Regal Pillow"},{"floor":14.0,"key":"CaptainsWheel"}],"event_choices":[{"damage_healed":0.0,"max_hp_gain":0.0,"max_hp_loss":0.0,"gold_gain":175.0,"event_name":"Liars Game","player_choice":"AGREE","floor":10.0,"gold_loss":0.0,"damage_taken":0.0,"cards_obtained":["Doubt"]},{"damage_healed":0.0,"max_hp_gain":0.0,"max_hp_loss":0.0,"gold_gain":0.0,"event_name":"Scrap Ooze","player_choice":"Success","floor":11.0,"gold_loss":0.0,"damage_taken":7.0,"relics_obtained":["Orichalcum"]},{"damage_healed":0.0,"max_hp_gain":0.0,"max_hp_loss":0.0,"gold_gain":75.0,"event_name":"World of Goop","player_choice":"Gather Gold","floor":12.0,"gold_loss":0.0,"damage_taken":11.0},{"damage_healed":0,"gold_gain":0,"player_choice":"Became a Ghost","damage_taken":0,"max_hp_gain":0,"max_hp_loss":41,"event_name":"Ghosts","floor":20,"gold_loss":0,"cards_obtained":["Ghostly","Ghostly","Ghostly","Ghostly","Ghostly"]}],"is_beta":false,"boss_relics":[{"not_picked":["sneckomod:SneckoTalon","hermit:ClaspedLocket"],"picked":"Philosopher\u0027s Stone"}],"items_purged_floors":[5],"is_endless":false,"potions_floor_spawned":[1,4,7,18,21],"killed_by":"Book of Stabbing","ascension_level":12}}