{"host":"fn5w42qzz69x191g","time":1610016010,"event":{"mods":["BaseMod","KOR Keyword Fix","Minty Spire (QoL Compilation)","Replay The Spire","StSLib","SuperFastMode","The Jungle","The Poker Player"],"gold_per_floor":[113,113,123,141,152,181,181,207,285,285,302,302,315,23,23,121,121,139,76,88,88,105,120,120,146,194,204,204,204],"floor_reached":28,"playtime":1873,"items_purged":["Defend_P"],"score":252,"play_id":"51078c5d-afe1-4d7b-be47-6ab7749018af","local_time":"20210107194010","is_ascension_mode":false,"campfire_choices":[{"data":"Eruption","floor":7,"key":"SMITH"},{"floor":10,"key":"RECALL"},{"floor":12,"key":"REST"},{"data":"ThirdEye","floor":15,"key":"SMITH"},{"data":"JustLucky","floor":24,"key":"SMITH"}],"circlet_count":0,"master_deck":["Strike_P","Strike_P","Strike_P","Strike_P","Defend_P","Defend_P","Defend_P","Eruption+1","Vigilance","JustLucky+1","Perseverance","Vengeance","Weave+1","ThirdEye+1","FollowUp+1","ConjureBlade","ClearTheMind+1","ReplayUltimateDefense+1","Deep Breath","Panacea","Replay:DivineShield+1","EmptyFist+1","FlurryOfBlows+1","Judgement","Replay:DivineShield"],"relics":["PureWater","MealTicket","Molten Egg 2","Torii","Replay:WaspNest","Membership Card","Orichalcum","Velvet Choker","ReplayTheSpireMod:ShopPack","Bronze Scales","Boot"],"acts_visited":["Exordium","TheCity"],"potions_floor_usage":[13,25,25],"damage_taken":[{"damage":0,"enemies":"Cultist","floor":1,"turns":2},{"damage":0,"enemies":"Small Slimes","floor":3,"turns":6},{"damage":0,"enemies":"Jaw Worm","floor":4,"turns":2},{"damage":6,"enemies":"3 Louse","floor":5,"turns":3},{"damage":30,"enemies":"Gremlin Nob","floor":6,"turns":5},{"damage":11,"enemies":"Lagavulin","floor":8,"turns":7},{"damage":0,"enemies":"Blue Slaver","floor":11,"turns":3},{"damage":0,"enemies":"Exordium Thugs","floor":13,"turns":4},{"damage":40,"enemies":"Slime Boss","floor":16,"turns":11},{"damage":0,"enemies":"Chosen","floor":18,"turns":4},{"damage":5,"enemies":"3 Byrds","floor":20,"turns":4},{"damage":1,"enemies":"Shelled Parasite and Fungi","floor":22,"turns":6},{"damage":8,"enemies":"Cultist and Chosen","floor":23,"turns":9},{"damage":16,"enemies":"Slavers","floor":25,"turns":5},{"damage":10,"enemies":"Centurion and Healer","floor":27,"turns":5},{"damage":0,"enemies":"3 Cultists","floor":28,"turns":1}],"seed_played":"877698452070257920","potions_obtained":[{"floor":3,"key":"Cursed Concoction"},{"floor":6,"key":"ColorlessPotion"},{"floor":11,"key":"SkillPotion"},{"floor":13,"key":"Languid Potion"},{"floor":16,"key":"DuplicationPotion"},{"floor":25,"key":"BlessingOfTheForge"}],"is_trial":false,"path_per_floor":["M","?","M","M","M","E","R","E","T","R","M","R","M","$","R","B",null,"M","$","M","?","M","M","R","E","T","M","M"],"character_chosen":"WATCHER","items_purchased":["Membership Card","Orichalcum","ReplayTheSpireMod:ShopPack"],"campfire_rested":1,"item_purchase_floors":[14,14,19],"current_hp_per_floor":[72,72,72,72,66,36,36,25,25,25,25,46,46,61,61,21,72,72,72,67,67,66,58,58,42,42,32,32,32],"gold":204,"neow_bonus":"RANDOM_COMMON_RELIC","is_daily":false,"chose_seed":false,"campfire_upgraded":3,"win_rate":0.0,"timestamp":1610016010,"path_taken":["M","?","M","M","M","E","R","E","T","R","M","R","M","$","R","BOSS","M","$","M","?","?","M","R","E","T","M","M"],"items_purchased_type":["Relic","Relic","Relic"],"build_version":"2020-12-22","purchased_purges":1,"victory":false,"max_hp_per_floor":[72,72,72,72,72,72,72,72,72,72,72,72,72,72,72,72,72,72,72,72,72,72,72,72,72,72,72,72,72],"card_choices":[{"not_picked":["Protect","CrushJoints"],"picked":"JustLucky","floor":1},{"not_picked":["ForeignInfluence","Evaluate"],"picked":"Perseverance","floor":3},{"not_picked":["FlurryOfBlows","FlyingSleeves","BowlingBash"],"picked":"SKIP","floor":4},{"not_picked":["FlurryOfBlows","PathToVictory"],"picked":"Vengeance","floor":5},{"not_picked":["Halt","BattleHymn"],"picked":"Weave+1","floor":6},{"not_picked":["Replay:Battleflow","Halt"],"picked":"ThirdEye","floor":8},{"not_picked":["Worship","ForeignInfluence"],"picked":"FollowUp+1","floor":11},{"not_picked":["Halt","InnerPeace","ClearTheMind"],"picked":"SKIP","floor":13},{"not_picked":["Replay:AllIn","Replay:LoomingThreat"],"picked":"ConjureBlade","floor":16},{"not_picked":["Meditate","BowlingBash+1"],"picked":"ClearTheMind+1","floor":18},{"not_picked":["Secret Weapon","HandOfGreed"],"picked":"ReplayUltimateDefense","floor":19},{"not_picked":["Enlightenment","Forethought"],"picked":"Deep Breath","floor":19},{"not_picked":["Replay:Sssssssssshield","Poisoned Strike"],"picked":"Panacea","floor":19},{"not_picked":["Consecrate+1","Prostrate"],"picked":"Replay:DivineShield+1","floor":20},{"not_picked":["Crescendo","CrushJoints+1"],"picked":"EmptyFist+1","floor":22},{"not_picked":["Prostrate","Crescendo+1"],"picked":"FlurryOfBlows+1","floor":23},{"not_picked":["SashWhip+1","PathToVictory"],"picked":"Judgement","floor":25},{"not_picked":["SashWhip+1","Consecrate+1"],"picked":"Replay:DivineShield","floor":27}],"player_experience":514084,"relics_obtained":[{"floor":6,"key":"Molten Egg 2"},{"floor":8,"key":"Torii"},{"floor":9,"key":"Replay:WaspNest"},{"floor":25,"key":"Bronze Scales"},{"floor":26,"key":"Boot"}],"event_choices":[{"damage_healed":0,"gold_gain":0,"player_choice":"Ignored","damage_taken":0,"max_hp_gain":0,"max_hp_loss":0,"event_name":"Liars Game","floor":2,"gold_loss":0},{"damage_healed":0,"gold_gain":0,"player_choice":"Forge","damage_taken":0,"max_hp_gain":0,"max_hp_loss":0,"event_name":"Accursed Blacksmith","floor":21,"gold_loss":0,"cards_upgraded":["ReplayUltimateDefense"]}],"is_beta":false,"boss_relics":[{"not_picked":["Painkiller Herb","Busted Crown"],"picked":"Velvet Choker"}],"items_purged_floors":[14],"is_endless":false,"potions_floor_spawned":[3,6,11,13,16,20,22,25],"killed_by":"3 Cultists","ascension_level":0}}