{"host":"yuoancq4cku3x8wq","time":1610027879,"event":{"mods":["AchievementEnabler","BaseMod","Minty Spire (QoL Compilation)","Quick Restart","StSLib","SuperFastMode"],"gold_per_floor":[110,110,110,110,125,125,141,141,141,141,66,83,63,83,83,155,155,173,186,206,218,118,148,148,159,240,267,281,313,146,146,146,224,224,243,568,568,583,583,583,610,460,506,506,506,520,534,566,566,566,566,566,566,22,55,55],"floor_reached":57,"playtime":2401,"items_purged":["Strike_R","Strike_R","Strike_R","Strike_R","Headbutt"],"score":3245,"play_id":"749a129f-2837-43b8-9f2c-2497d39b83d5","local_time":"20210107215759","is_ascension_mode":true,"campfire_choices":[{"data":"Spot Weakness","floor":6.0,"key":"SMITH"},{"floor":8.0,"key":"RECALL"},{"data":"Bash","floor":10.0,"key":"SMITH"},{"data":"Armaments","floor":15.0,"key":"SMITH"},{"floor":24.0,"key":"REST"},{"floor":32.0,"key":"DIG"},{"floor":40,"key":"DIG"},{"floor":44,"key":"DIG"},{"floor":49,"key":"DIG"},{"floor":53,"key":"DIG"}],"circlet_count":0,"master_deck":["AscendersBane","Defend_R","Defend_R","Defend_R","Bash+1","Reaper","Spot Weakness+1","Limit Break","Armaments+1","Corruption","Bloodletting+1","Feel No Pain+1","Feed","Feel No Pain+1","Offering+1","Inflame+1","Headbutt","Impervious","Bloodletting","Body Slam+1","Master of Strategy","Feel No Pain+1","Battle Trance+1","Dark Embrace+1","Shockwave"],"relics":["Burning Blood","Thread and Needle","Dead Branch","Snecko Eye","Frozen Egg 2","Paper Frog","Shovel","White Beast Statue","Vajra","Runic Dome","Old Coin","Ice Cream","Dream Catcher","Toy Ornithopter","Molten Egg 2","Bag of Marbles","Mummified Hand","Centennial Puzzle","Strange Spoon","Du-Vu Doll"],"acts_visited":["Exordium","TheCity","TheBeyond","TheEnding"],"potions_floor_usage":[],"damage_taken":[{"damage":15.0,"enemies":"2 Louse","floor":1.0,"turns":3.0},{"damage":0.0,"enemies":"Small Slimes","floor":5.0,"turns":4.0},{"damage":8.0,"enemies":"Jaw Worm","floor":7.0,"turns":3.0},{"damage":14.0,"enemies":"Lots of Slimes","floor":12.0,"turns":2.0},{"damage":6.0,"enemies":"2 Fungi Beasts","floor":14.0,"turns":3.0},{"damage":80.0,"enemies":"The Guardian","floor":16.0,"turns":8.0},{"damage":7.0,"enemies":"Shell Parasite","floor":18.0,"turns":4.0},{"damage":0.0,"enemies":"3 Byrds","floor":19.0,"turns":3.0},{"damage":8.0,"enemies":"Centurion and Healer","floor":20.0,"turns":5.0},{"damage":68.0,"enemies":"Chosen and Byrds","floor":21.0,"turns":4.0},{"damage":3.0,"enemies":"Book of Stabbing","floor":23.0,"turns":2.0},{"damage":15.0,"enemies":"Sentry and Sphere","floor":25.0,"turns":6.0},{"damage":15.0,"enemies":"Slavers","floor":27.0,"turns":3.0},{"damage":11.0,"enemies":"Cultist and Chosen","floor":28.0,"turns":5.0},{"damage":19.0,"enemies":"Gremlin Leader","floor":29.0,"turns":3.0},{"damage":9.0,"enemies":"Collector","floor":33.0,"turns":2.0},{"damage":33.0,"enemies":"3 Shapes","floor":35.0,"turns":6.0},{"damage":6.0,"enemies":"Mind Bloom Boss Battle","floor":36.0,"turns":6.0},{"damage":18,"enemies":"3 Darklings","floor":38,"turns":2},{"damage":12,"enemies":"Giant Head","floor":41,"turns":1},{"damage":15,"enemies":"Maw","floor":46,"turns":5},{"damage":10,"enemies":"Writhing Mass","floor":47,"turns":3},{"damage":17,"enemies":"Nemesis","floor":48,"turns":3},{"damage":75,"enemies":"Awakened One","floor":50,"turns":6},{"damage":19,"enemies":"Donu and Deca","floor":51,"turns":2},{"damage":12,"enemies":"Shield and Spear","floor":55,"turns":3},{"damage":52,"enemies":"The Heart","floor":56,"turns":5}],"seed_played":"-9020892044208895134","potions_obtained":[{"floor":1.0,"key":"LiquidBronze"},{"floor":7.0,"key":"AttackPotion"},{"floor":13.0,"key":"FairyPotion"},{"floor":18.0,"key":"SkillPotion"},{"floor":33.0,"key":"Energy Potion"},{"floor":36.0,"key":"PowerPotion"},{"floor":38,"key":"DuplicationPotion"}],"is_trial":false,"path_per_floor":["M","?","?","T","M","R","M","R","T","R","$","M","?","M","R","B",null,"M","M","M","M","$","E","R","M","T","E","M","E","$","?","R","B",null,"M","?","?","M","?","R","E","$","T","R","?","M","M","E","R","B","B",null,"R","$","E","B",null],"character_chosen":"IRONCLAD","items_purchased":["Inflame+1","Dark Embrace+1","Centennial Puzzle","Strange Spoon"],"campfire_rested":1,"item_purchase_floors":[30,54,54,54],"current_hp_per_floor":[49,49,54,54,68,68,78,78,78,78,78,80,80,80,80,43,71,70,80,80,46,46,49,73,80,80,80,80,70,70,70,70,86,86,69,73,73,96,96,96,93,93,93,93,93,102,98,87,87,49,106,106,106,106,111,109],"gold":55,"neow_bonus":"THREE_RARE_CARDS","is_daily":false,"chose_seed":false,"campfire_upgraded":3,"win_rate":0.0,"timestamp":1610027879,"path_taken":["M","?","?","?","?","R","M","R","T","R","$","M","?","M","R","BOSS","M","M","?","M","$","E","R","M","T","E","M","E","$","?","R","BOSS","M","?","?","?","?","R","E","$","T","R","?","M","?","E","R","BOSS","BOSS","R","$","E","BOSS"],"items_purchased_type":["Card","Card","Relic","Relic"],"build_version":"2020-12-22","purchased_purges":5,"victory":true,"max_hp_per_floor":[75,75,80,80,80,80,80,80,80,80,80,80,80,80,80,80,80,80,80,80,80,80,80,80,80,80,80,80,83,83,83,83,86,86,89,93,93,96,96,96,99,99,99,99,99,102,102,102,102,106,106,106,106,106,114,114],"card_choices":[{"not_picked":["Limit Break","Bludgeon"],"picked":"Reaper","floor":0.0},{"not_picked":["True Grit","Wild Strike","Perfected Strike"],"picked":"SKIP","floor":1.0},{"not_picked":["Heavy Blade","Fire Breathing"],"picked":"Spot Weakness","floor":5.0},{"not_picked":["Uppercut","Armaments"],"picked":"Headbutt","floor":7.0},{"not_picked":["Evolve","Warcry"],"picked":"Limit Break","floor":12.0},{"not_picked":["Cleave","Twin Strike"],"picked":"Armaments","floor":14.0},{"not_picked":["Double Tap","Feed"],"picked":"Corruption","floor":16.0},{"not_picked":["Iron Wave","Perfected Strike","Anger+1"],"picked":"SKIP","floor":18.0},{"not_picked":["Cleave","Clash","Perfected Strike"],"picked":"SKIP","floor":19.0},{"not_picked":["Iron Wave","Clash"],"picked":"Bloodletting+1","floor":20.0},{"not_picked":["Clothesline","Rampage+1","Inflame"],"picked":"SKIP","floor":21.0},{"not_picked":["Havoc","True Grit"],"picked":"Feel No Pain+1","floor":23.0},{"not_picked":["Hemokinesis","Clash"],"picked":"Feed","floor":25.0},{"not_picked":["Fiend Fire","Perfected Strike","Pommel Strike"],"picked":"SKIP","floor":27.0},{"not_picked":["Fiend Fire","Perfected Strike","Pommel Strike"],"picked":"SKIP","floor":27.0},{"not_picked":["Twin Strike","Dark Embrace+1"],"picked":"Feel No Pain+1","floor":28.0},{"not_picked":["Flex","True Grit"],"picked":"Offering","floor":29.0},{"not_picked":["Immolate","Brutality+1"],"picked":"Impervious","floor":33.0},{"not_picked":["Warcry","Body Slam"],"picked":"Bloodletting","floor":35.0},{"not_picked":["Dual Wield","Shrug It Off"],"picked":"Body Slam+1","floor":36.0},{"not_picked":["Blind","Secret Weapon"],"picked":"Master of Strategy","floor":37},{"not_picked":["Anger+1","Blood for Blood"],"picked":"Feel No Pain+1","floor":38},{"not_picked":["Armaments+1","Infernal Blade+1"],"picked":"Battle Trance+1","floor":41},{"not_picked":["Heavy Blade","True Grit","Armaments+1"],"picked":"SKIP","floor":46},{"not_picked":["Body Slam","Dual Wield","Clothesline"],"picked":"SKIP","floor":47},{"not_picked":["Headbutt+1","Ghostly Armor","Heavy Blade+1"],"picked":"SKIP","floor":48},{"not_picked":["Twin Strike+1","Headbutt+1"],"picked":"Shockwave","floor":55}],"player_experience":247048,"relics_obtained":[{"floor":4.0,"key":"Thread and Needle"},{"floor":9.0,"key":"Dead Branch"},{"floor":23.0,"key":"Frozen Egg 2"},{"floor":26.0,"key":"Paper Frog"},{"floor":27.0,"key":"Shovel"},{"floor":29.0,"key":"White Beast Statue"},{"floor":32.0,"key":"Vajra"},{"floor":36.0,"key":"Old Coin"},{"floor":40,"key":"Ice Cream"},{"floor":41,"key":"Dream Catcher"},{"floor":44,"key":"Toy Ornithopter"},{"floor":48,"key":"Molten Egg 2"},{"floor":49,"key":"Bag of Marbles"},{"floor":53,"key":"Mummified Hand"},{"floor":55,"key":"Du-Vu Doll"}],"event_choices":[{"damage_healed":0.0,"max_hp_gain":0.0,"max_hp_loss":0.0,"gold_gain":0.0,"event_name":"Liars Game","player_choice":"Ignored","floor":2.0,"gold_loss":0.0,"damage_taken":0.0},{"damage_healed":0.0,"max_hp_gain":5.0,"max_hp_loss":0.0,"gold_gain":0.0,"event_name":"Big Fish","player_choice":"Donut","floor":3.0,"gold_loss":0.0,"damage_taken":0.0},{"damage_healed":0.0,"max_hp_gain":0.0,"max_hp_loss":0.0,"gold_gain":0.0,"event_name":"The Woman in Blue","player_choice":"Bought 1 Potion","floor":13.0,"gold_loss":0.0,"damage_taken":0.0},{"damage_healed":0.0,"max_hp_gain":0.0,"max_hp_loss":0.0,"gold_gain":0.0,"cards_transformed":["Strike_R"],"event_name":"Transmorgrifier","player_choice":"Transformed","floor":31.0,"gold_loss":0.0,"damage_taken":0.0,"cards_obtained":["Headbutt"]},{"damage_healed":0.0,"max_hp_gain":0.0,"max_hp_loss":0.0,"gold_gain":0.0,"event_name":"MindBloom","player_choice":"Fight","floor":36.0,"gold_loss":0.0,"damage_taken":0.0},{"damage_healed":0,"gold_gain":0,"player_choice":"Memory 1","damage_taken":0,"max_hp_gain":0,"max_hp_loss":0,"event_name":"SensoryStone","floor":37,"gold_loss":0},{"cards_removed":["Defend_R"],"damage_healed":0,"gold_gain":0,"player_choice":"Removed Skill","damage_taken":0,"max_hp_gain":0,"max_hp_loss":0,"event_name":"Falling","floor":39,"gold_loss":0},{"damage_healed":0,"gold_gain":0,"player_choice":"Forge","damage_taken":0,"max_hp_gain":0,"max_hp_loss":0,"event_name":"Accursed Blacksmith","floor":45,"gold_loss":0,"cards_upgraded":["Offering"]}],"is_beta":false,"boss_relics":[{"not_picked":["Fusion Hammer","Mark of Pain"],"picked":"Snecko Eye"},{"not_picked":["Pandora\u0027s Box","Busted Crown"],"picked":"Runic Dome"}],"items_purged_floors":[11,22,30,42,54],"is_endless":false,"potions_floor_spawned":[1,7,18,19,21,25,27,28,33,35,36,38,41,46,47,48,55],"ascension_level":20}}