{"host":"7gewg82ormp6yt4e","time":1610019254,"event":{"mods":["BaseMod","Block Reminder","Colored Map","Colored Powertips","DeckTracker","Highlight Path","Minty Spire (QoL Compilation)","Relic Stats","StSLib","ojb\u0027s Info Mod"],"gold_per_floor":[117,130,33,33,33,33,63,63,63,63,77,77,96,114,114,193,193,203,128,142,161,161,161,161,161,184,219,230,230,230],"floor_reached":29,"playtime":1053,"items_purged":[],"score":486,"play_id":"a90e65a6-c8e6-4f17-8980-a2b54eca1db6","local_time":"20210107203414","is_ascension_mode":true,"campfire_choices":[{"data":"Streamline","floor":6,"key":"SMITH"},{"floor":10,"key":"REST"},{"data":"Zap","floor":12,"key":"SMITH"},{"data":"Chaos","floor":15,"key":"SMITH"},{"floor":23,"key":"REST"},{"floor":25,"key":"RECALL"}],"circlet_count":0,"master_deck":["AscendersBane","Strike_B","Strike_B","Strike_B+1","Defend_B+1","Defend_B","Defend_B+1","Defend_B","Zap+1","Dualcast","Panache","Streamline+1","Steam Power","Impatience+1","FTL","Chaos+1","Steam","Scrape","Core Surge","Gash","Capacitor","Consume+1","Gash"],"relics":["Cracked Core","Pear","HornCleat","Fusion Hammer","InkBottle","War Paint","Bronze Scales"],"acts_visited":["Exordium","TheCity"],"potions_floor_usage":[7,16,16,21,28,28],"damage_taken":[{"damage":10,"enemies":"Small Slimes","floor":1,"turns":4},{"damage":0,"enemies":"2 Louse","floor":2,"turns":2},{"damage":30,"enemies":"3 Sentries","floor":7,"turns":6},{"damage":4,"enemies":"Jaw Worm","floor":11,"turns":3},{"damage":3,"enemies":"Exordium Wildlife","floor":13,"turns":3},{"damage":0,"enemies":"Looter","floor":14,"turns":2},{"damage":10,"enemies":"Hexaghost","floor":16,"turns":8},{"damage":0,"enemies":"Spheric Guardian","floor":18,"turns":3},{"damage":6,"enemies":"Chosen","floor":20,"turns":4},{"damage":4,"enemies":"Snake Plant","floor":21,"turns":4},{"damage":48,"enemies":"Book of Stabbing","floor":27,"turns":5},{"damage":16,"enemies":"Shelled Parasite and Fungi","floor":28,"turns":3},{"damage":18,"enemies":"Chosen and Byrds","floor":29,"turns":3}],"seed_played":"-8607394606829363419","potions_obtained":[{"floor":2,"key":"Dexterity Potion"},{"floor":7,"key":"PotionOfCapacity"},{"floor":11,"key":"LiquidBronze"},{"floor":16,"key":"Block Potion"},{"floor":21,"key":"Ancient Potion"},{"floor":27,"key":"Energy Potion"},{"floor":28,"key":"PowerPotion"}],"is_trial":false,"path_per_floor":["M","M","$","?","?","R","E","?","T","R","M","R","M","M","R","B",null,"M","?","M","M","?","R","T","R","T","E","M","M"],"character_chosen":"DEFECT","items_purchased":["Impatience"],"campfire_rested":2,"item_purchase_floors":[3],"current_hp_per_floor":[36,36,36,15,38,38,18,18,18,42,38,38,35,35,35,25,67,67,67,61,57,57,81,81,81,81,33,17,0,0],"gold":230,"neow_bonus":"RANDOM_COLORLESS_2","is_daily":false,"chose_seed":false,"campfire_upgraded":3,"win_rate":0.0,"timestamp":1610019254,"path_taken":["M","M","$","?","?","R","E","?","T","R","M","R","M","M","R","BOSS","M","?","M","M","?","R","?","R","T","E","M","M"],"items_purchased_type":["Card"],"build_version":"2020-12-22","purchased_purges":0,"victory":false,"max_hp_per_floor":[71,71,71,71,71,71,81,81,81,81,81,81,81,81,81,81,81,81,81,81,81,81,81,81,81,81,81,81,81,81],"relic_stats":{"counters":[13,50],"Bronze Scales":[25],"War Paint":["Impatience","Defend_B"],"obtain_stats":[{"Pear":7,"HornCleat":9,"Bronze Scales":27,"Fusion Hammer":17,"War Paint":26,"Cracked Core":0,"InkBottle":24},{"Pear":3,"HornCleat":3,"Bronze Scales":11,"Fusion Hammer":7,"War Paint":10,"Cracked Core":0,"InkBottle":10},{"Pear":12,"HornCleat":12,"Bronze Scales":44,"Fusion Hammer":28,"War Paint":39,"Cracked Core":0,"InkBottle":39}],"InkBottle":[5]},"card_choices":[{"not_picked":["Secret Weapon","Chrysalis"],"picked":"Panache","floor":0},{"not_picked":["Loop","Rebound"],"picked":"Streamline","floor":1},{"not_picked":["Genetic Algorithm","Compile Driver"],"picked":"Steam Power","floor":2},{"not_picked":["Streamline","Sweeping Beam"],"picked":"FTL","floor":7},{"not_picked":["Meteor Strike","Storm"],"picked":"Chaos","floor":11},{"not_picked":["Fusion","Streamline"],"picked":"Steam","floor":13},{"not_picked":["Go for the Eyes","Reinforced Body"],"picked":"Scrape","floor":14},{"not_picked":["Creative AI","Machine Learning"],"picked":"Core Surge","floor":16},{"not_picked":["Lockon","Cold Snap"],"picked":"Gash","floor":18},{"not_picked":["Go for the Eyes","Rebound+1"],"picked":"Capacitor","floor":20},{"not_picked":["Chill","Streamline+1"],"picked":"Consume+1","floor":21},{"not_picked":["Compile Driver","Streamline","Stack"],"picked":"SKIP","floor":27},{"not_picked":["BootSequence","Ball Lightning+1"],"picked":"Gash","floor":28}],"player_experience":2490141,"relics_obtained":[{"floor":7,"key":"Pear"},{"floor":9,"key":"HornCleat"},{"floor":24,"key":"InkBottle"},{"floor":26,"key":"War Paint"},{"floor":27,"key":"Bronze Scales"}],"event_choices":[{"damage_healed":0,"gold_gain":0,"player_choice":"Entered Light","damage_taken":21,"max_hp_gain":0,"max_hp_loss":0,"event_name":"Shining Light","floor":4,"gold_loss":0,"cards_upgraded":["Strike_B","Defend_B"]},{"damage_healed":23,"gold_gain":0,"player_choice":"Banana","damage_taken":0,"max_hp_gain":0,"max_hp_loss":0,"event_name":"Big Fish","floor":5,"gold_loss":0},{"damage_healed":0,"gold_gain":0,"player_choice":"Fled","damage_taken":0,"max_hp_gain":0,"max_hp_loss":0,"event_name":"Scrap Ooze","floor":8,"gold_loss":0},{"cards_removed":["Strike_B"],"damage_healed":0,"gold_gain":0,"player_choice":"Gave Gold","damage_taken":0,"max_hp_gain":0,"max_hp_loss":0,"event_name":"Beggar","floor":19,"gold_loss":75},{"damage_healed":0,"gold_gain":0,"player_choice":"Ignored","damage_taken":0,"max_hp_gain":0,"max_hp_loss":0,"event_name":"The Mausoleum","floor":22,"gold_loss":0}],"is_beta":false,"boss_relics":[{"not_picked":["Velvet Choker","Busted Crown"],"picked":"Fusion Hammer"}],"items_purged_floors":[],"is_endless":false,"potions_floor_spawned":[2,7,11,16,21,27,28],"killed_by":"Chosen and Byrds","ascension_level":20}}