{"host":"ormi09wwzv7sq47a","time":1610043855,"event":{"mods":["2.2 Compatiblity","AchievementEnabler","Act Like it!","BaseMod","Bestiary","Better Altar","Better Note","Better Sensory Stone","Better Skull","Better Third Choice","Better Vampires","BetterRewards","Block Reminder","Card Forge","Colored Map","Colored Powertips","Curses Come First","DeckTracker","Downfall","Highlight Path","Minty Spire (QoL Compilation)","Permanent Neow","Quick Restart","Rare Cards Sparkle","Relic Stats","Shop Mod","StSLib","The Jungle"],"gold_per_floor":[111,61,61,80,93,93,93,126,150,176,27,27,27,46,46,146,146,164,183,31,50,65,65,93,93,120,120,71,89,109,135,135,235,235,248,52,71,71,86,86,112,112,135,162,174,174,190,33,33,33,33,33,33,58,58,58,58],"floor_reached":55,"playtime":5225,"items_purged":["Guardian:Strike_Guardian","Guardian:Defend_Guardian","Guardian:Defend_Guardian"],"score":1653,"play_id":"7d8591b0-bbee-4525-aeef-6fc82090bdf5","local_time":"20210107162415","is_ascension_mode":true,"campfire_choices":[{"data":"Guardian:PrismaticBeam","floor":6.0,"key":"SMITH"},{"data":"Guardian:Suspension","floor":7.0,"key":"SMITH"},{"data":"Guardian:StasisStrike","floor":13.0,"key":"SMITH"},{"data":"Guardian:TwinSlam","floor":15.0,"key":"SMITH"},{"data":"Guardian:CurlUp","floor":23.0,"key":"SMITH"},{"data":"Guardian:PiercingHide","floor":25.0,"key":"SMITH"},{"data":"Guardian:Planning","floor":32.0,"key":"SMITH"},{"data":"Master of Strategy","floor":40.0,"key":"SMITH"},{"data":"Guardian:TemporalShield","floor":42.0,"key":"SMITH"},{"floor":49,"key":"RECALL"},{"data":"Guardian:TimeCapacitor","floor":52,"key":"SMITH"}],"circlet_count":0,"master_deck":["Guardian:CurlUp+1","Guardian:TwinSlam+1","Master of Strategy+1","Guardian:Planning+1","Guardian:PrismaticBeam+1","Guardian:Suspension+1","Guardian:StasisStrike+1","Guardian:PiercingHide+1","Guardian:DonusPower+1","Guardian:RollAttack+1","Guardian:SpikerProtocol+1","Guardian:TemporalShield+1","Guardian:Clone+1","Guardian:Emergency+1","Guardian:Recover+1","Guardian:PiercingHide+1","Guardian:TimeCapacitor+1","Guardian:ShieldCharger","Guardian:Incinerate+1","Purity","Guardian:CrystalBeam+1"],"relics":["Guardian:ModeShifter","Hammer of Thor","Seething Fire","Anvil of the Gods","Bag of Preparation","WingedGreaves","Guardian:StasisUpgradeRelic","Ancient Tea Set","Odd Mushroom","Sozu","Juzu Bracelet","Oddly Smooth Stone","PreservedInsect","Astrolabe","Boot","Anchor","Kunai","Guardian:PocketSentry","Happy Flower"],"acts_visited":["Exordium","TheCity","TheBeyond","TheEnding"],"potions_floor_usage":[],"damage_taken":[{"damage":0.0,"enemies":"Small Slimes","floor":1.0,"turns":3.0},{"damage":0.0,"enemies":"Cultist","floor":4.0,"turns":4.0},{"damage":0.0,"enemies":"Jaw Worm","floor":5.0,"turns":3.0},{"damage":0.0,"enemies":"Lagavulin","floor":8.0,"turns":6.0},{"damage":0.0,"enemies":"The Mushroom Lair","floor":10.0,"turns":3.0},{"damage":0.0,"enemies":"Exordium Thugs","floor":14.0,"turns":2.0},{"damage":0.0,"enemies":"Hexaghost","floor":16.0,"turns":5.0},{"damage":1.0,"enemies":"2 Thieves","floor":18.0,"turns":3.0},{"damage":0.0,"enemies":"Shell Parasite","floor":19.0,"turns":2.0},{"damage":7.0,"enemies":"Sentry and Sphere","floor":21.0,"turns":4.0},{"damage":0.0,"enemies":"Snake Plant","floor":22.0,"turns":4.0},{"damage":4.0,"enemies":"Slavers","floor":24.0,"turns":3.0},{"damage":0.0,"enemies":"Centurion and Healer","floor":29.0,"turns":4.0},{"damage":0.0,"enemies":"Cultist and Chosen","floor":30.0,"turns":4.0},{"damage":5.0,"enemies":"Gremlin Leader","floor":31.0,"turns":5.0},{"damage":0.0,"enemies":"Champ","floor":33.0,"turns":7.0},{"damage":0.0,"enemies":"Orb Walker","floor":35.0,"turns":2.0},{"damage":0.0,"enemies":"3 Shapes","floor":37.0,"turns":2.0},{"damage":0.0,"enemies":"3 Darklings","floor":39.0,"turns":4.0},{"damage":0.0,"enemies":"Nemesis","floor":41.0,"turns":4.0},{"damage":0.0,"enemies":"Giant Head","floor":44.0,"turns":4.0},{"damage":0.0,"enemies":"Writhing Mass","floor":45.0,"turns":4.0},{"damage":0.0,"enemies":"Spire Growth","floor":47.0,"turns":4.0},{"damage":6,"enemies":"Donu and Deca","floor":50,"turns":6},{"damage":0,"enemies":"Shield and Spear","floor":54,"turns":3},{"damage":82,"enemies":"The Heart","floor":55,"turns":6}],"seed_played":"1839851410913789395","potions_obtained":[{"floor":4.0,"key":"Block Potion"},{"floor":5.0,"key":"PowerPotion"},{"floor":10.0,"key":"PowerPotion"}],"is_trial":false,"path_per_floor":["M","?","?","M","M","R","R","E","T","?","$","?","R","M","R","B",null,"M","M","$","M","M","R","E","R","T","?","$","M","M","E","R","B",null,"M","$","M","?","M","R","E","R","T","E","M","?","M","$","R","B",null,"R","$","E","B"],"character_chosen":"GUARDIAN","items_purchased":["Bag of Preparation","Master of Strategy","Guardian:StasisUpgradeRelic","Guardian:Planning","Swift Potion","Guardian:Gem_Fragmented","Guardian:StasisStrike","Guardian:Gem_Synthetic","Guardian:TemporalShield","Guardian:TimeCapacitor","Guardian:PocketSentry"],"campfire_rested":0,"item_purchase_floors":[0,0,0,0,0,11,11,20,28,36,48],"current_hp_per_floor":[48,48,48,48,48,48,48,48,48,48,48,40,40,40,40,40,70,69,69,69,62,62,62,58,58,58,58,58,58,58,53,53,53,73,73,73,73,73,73,73,73,73,73,73,73,73,73,73,73,67,77,77,77,77,0,0,0],"gold":58,"neow_bonus":"","is_daily":false,"chose_seed":false,"campfire_upgraded":10,"win_rate":0.0,"timestamp":1610043855,"path_taken":["M","?","?","M","M","R","R","E","T","?","$","?","R","M","R","BOSS","M","M","$","M","M","R","E","R","T","?","?","M","M","E","R","BOSS","M","$","M","?","M","R","E","R","T","E","M","?","M","$","R","BOSS","R","$","E","BOSS"],"items_purchased_type":["Relic","Card","Relic","Card","Potion","Card","Card","Card","Card","Card","Relic"],"build_version":"2020-12-22","purchased_purges":3,"victory":false,"max_hp_per_floor":[80,80,80,80,80,80,80,80,80,80,80,80,80,80,80,80,80,80,80,80,80,80,80,80,80,80,80,80,80,80,80,80,80,80,80,80,80,80,80,80,80,80,80,80,80,80,80,80,80,80,80,80,80,80,80,80,80],"relic_stats":{"Sozu":8,"Happy Flower":[27],"counters":[168,775],"Astrolabe":["Guardian:Clone","Guardian:Emergency","Guardian:Recover"],"PreservedInsect":257,"Bag of Preparation":[54],"Juzu Bracelet":0,"Kunai":[28],"Boot":[28],"obtain_stats":[{"Ice Cream":37,"Hammer of Thor":0,"Ginger":54,"Whetstone":54,"Bottled Tornado":44,"Boot":9,"Guardian:PickAxe":3,"Blood Vial":43,"Sozu":17,"Lizard Tail":46,"Strawberry":26,"Philosopher\u0027s Stone":17,"MealTicket":41,"Kunai":23,"Guardian:BottledStasis":41,"MerchantsRug":53,"Happy Flower":54,"Astrolabe":17,"Guardian:ModeShifter":0,"Oddly Smooth Stone":42,"Eternal Feather":26,"Pen Nib":54,"Guardian:PocketSentry":8,"War Paint":0,"Akabeko":44,"Du-Vu Doll":46,"Bottled Flame":54,"Anvil of the Gods":0,"Shuriken":12,"Bird Faced Urn":0,"Bronze Scales":23,"Pandora\u0027s Box":17,"Black Star":17,"Nloth\u0027s Gift":19,"StrikeDummy":48,"Unceasing Top":43,"Meat on the Bone":29,"Darkstone Periapt":25,"Lantern":31,"Guardian:ModeShifterPlus":34,"Guardian:StasisCodex":9,"Mango":0,"Incense Burner":36,"Bag of Preparation":20,"Juzu Bracelet":29,"Ancient Tea Set":9,"Smiling Mask":24,"ClockworkSouvenir":0,"Dream Catcher":27,"Matryoshka":20,"Mummified Hand":37,"WingedGreaves":7,"Red Mask":47,"Potion Belt":7,"Thread and Needle":0,"PreservedInsect":43,"The Courier":40,"Omamori":7,"Seething Fire":0,"Orichalcum":44,"Odd Mushroom":10,"MawBank":45,"White Beast Statue":14,"Peace Pipe":0,"Guardian:StasisUpgradeRelic":0,"CaptainsWheel":44,"Anchor":46,"Ornamental Fan":7,"Art of War":40,"Coffee Dripper":34,"Membership Card":20,"Bottled Lightning":20,"FossilizedHelix":0,"TungstenRod":30},{"Ice Cream":108,"Hammer of Thor":0,"Ginger":60,"Whetstone":87,"Bottled Tornado":21,"Boot":92,"Guardian:PickAxe":2,"Blood Vial":54,"Sozu":149,"Lizard Tail":57,"Strawberry":129,"Philosopher\u0027s Stone":7,"MealTicket":54,"Kunai":12,"Guardian:BottledStasis":20,"MerchantsRug":86,"Happy Flower":167,"Astrolabe":69,"Guardian:ModeShifter":0,"Oddly Smooth Stone":21,"Eternal Feather":48,"Pen Nib":60,"Guardian:PocketSentry":3,"War Paint":26,"Akabeko":55,"Du-Vu Doll":57,"Bottled Flame":25,"Anvil of the Gods":0,"Shuriken":94,"Bird Faced Urn":0,"Bronze Scales":101,"Pandora\u0027s Box":124,"Black Star":44,"Nloth\u0027s Gift":125,"StrikeDummy":23,"Unceasing Top":111,"Meat on the Bone":104,"Darkstone Periapt":102,"Lantern":16,"Guardian:ModeShifterPlus":17,"Guardian:StasisCodex":3,"Mango":26,"Incense Burner":19,"Bag of Preparation":46,"Juzu Bracelet":49,"Ancient Tea Set":39,"Smiling Mask":48,"ClockworkSouvenir":61,"Dream Catcher":103,"Matryoshka":46,"Mummified Hand":134,"WingedGreaves":30,"Red Mask":22,"Potion Belt":92,"Thread and Needle":61,"PreservedInsect":21,"The Courier":110,"Omamori":39,"Seething Fire":0,"Orichalcum":112,"Odd Mushroom":147,"MawBank":137,"White Beast Statue":68,"Peace Pipe":88,"Guardian:StasisUpgradeRelic":34,"CaptainsWheel":55,"Anchor":114,"Ornamental Fan":120,"Art of War":54,"Coffee Dripper":78,"Membership Card":71,"Bottled Lightning":99,"FossilizedHelix":88,"TungstenRod":131},{"Ice Cream":532,"Hammer of Thor":0,"Ginger":315,"Whetstone":428,"Bottled Tornado":118,"Boot":452,"Guardian:PickAxe":6,"Blood Vial":291,"Sozu":700,"Lizard Tail":303,"Strawberry":609,"Philosopher\u0027s Stone":33,"MealTicket":291,"Kunai":60,"Guardian:BottledStasis":111,"MerchantsRug":424,"Happy Flower":769,"Astrolabe":360,"Guardian:ModeShifter":0,"Oddly Smooth Stone":118,"Eternal Feather":265,"Pen Nib":315,"Guardian:PocketSentry":9,"War Paint":157,"Akabeko":294,"Du-Vu Doll":303,"Bottled Flame":152,"Anvil of the Gods":0,"Shuriken":464,"Bird Faced Urn":0,"Bronze Scales":497,"Pandora\u0027s Box":588,"Black Star":252,"Nloth\u0027s Gift":593,"StrikeDummy":135,"Unceasing Top":544,"Meat on the Bone":511,"Darkstone Periapt":502,"Lantern":84,"Guardian:ModeShifterPlus":96,"Guardian:StasisCodex":9,"Mango":157,"Incense Burner":108,"Bag of Preparation":258,"Juzu Bracelet":269,"Ancient Tea Set":232,"Smiling Mask":265,"ClockworkSouvenir":323,"Dream Catcher":506,"Matryoshka":258,"Mummified Hand":634,"WingedGreaves":172,"Red Mask":126,"Potion Belt":452,"Thread and Needle":323,"PreservedInsect":118,"The Courier":540,"Omamori":232,"Seething Fire":0,"Orichalcum":549,"Odd Mushroom":693,"MawBank":646,"White Beast Statue":347,"Peace Pipe":437,"Guardian:StasisUpgradeRelic":201,"CaptainsWheel":294,"Anchor":555,"Ornamental Fan":575,"Art of War":291,"Coffee Dripper":393,"Membership Card":368,"Bottled Lightning":488,"FossilizedHelix":437,"TungstenRod":618}]},"card_choices":[{"not_picked":["Guardian:Planning","Guardian:BronzeArmor"],"picked":"Guardian:PrismaticBeam","floor":1.0},{"not_picked":["Guardian:Reroute","Guardian:PrimingBeam"],"picked":"Guardian:Suspension","floor":4.0},{"not_picked":["Guardian:SpikerProtocol","Guardian:Gem_Red"],"picked":"Guardian:Gem_Yellow","floor":5.0},{"not_picked":["Guardian:Recover","Guardian:SentryBeam"],"picked":"Guardian:Gem_Cyan","floor":8.0},{"not_picked":["Guardian:Reroute","Guardian:Clone"],"picked":"Guardian:Gem_Cyan","floor":10.0},{"not_picked":["Guardian:ConstructionForm","Guardian:PolyBeam"],"picked":"Guardian:PiercingHide","floor":14.0},{"not_picked":["Guardian:StasisField","Guardian:CompilePackage"],"picked":"Guardian:Gem_Orange","floor":16.0},{"not_picked":["Guardian:Preprogram","Guardian:CrystalBeam"],"picked":"Guardian:DonusPower+1","floor":18.0},{"not_picked":["Guardian:Preprogram","Guardian:Planning"],"picked":"Guardian:RollAttack+1","floor":19.0},{"not_picked":["Guardian:PrimingBeam","Guardian:VentSteam"],"picked":"Guardian:SpikerProtocol+1","floor":21.0},{"not_picked":["Guardian:FuturePlans+1","Guardian:TemporalShield"],"picked":"Guardian:Gem_Cyan","floor":22.0},{"not_picked":["Guardian:VentSteam","Guardian:PiercingHide"],"picked":"Guardian:Gem_Red","floor":24.0},{"not_picked":["Guardian:CompilePackage","Guardian:TimeBomb","Guardian:ChargeCore"],"picked":"SKIP","floor":29.0},{"not_picked":["Guardian:CrystalBeam","Guardian:PiercingHide"],"picked":"Guardian:Gem_Red","floor":30.0},{"not_picked":["Guardian:Clone","Guardian:RevengeProtocol"],"picked":"Guardian:Gem_Fragmented","floor":31.0},{"not_picked":["Guardian:GuardianWhirl","Guardian:PrismaticBarrier"],"picked":"Guardian:PiercingHide+1","floor":35.0},{"not_picked":["Guardian:Incinerate","Guardian:ArmoredProtocol","Guardian:EvasiveProtocol"],"picked":"SKIP","floor":37.0},{"not_picked":["Guardian:SentryBeam+1","Guardian:Planning"],"picked":"Guardian:ShieldCharger","floor":39.0},{"not_picked":["Guardian:PrismaticBarrier","Guardian:Planning+1"],"picked":"Guardian:Gem_Blue","floor":41.0},{"not_picked":["Guardian:TemporalStrike+1","Guardian:BronzeOrb+1"],"picked":"Guardian:Gem_White","floor":44.0},{"not_picked":["Guardian:TemporalShield","Guardian:Gem_Green"],"picked":"Guardian:Incinerate+1","floor":45.0},{"not_picked":["Secret Technique","expansioncontent:Sear"],"picked":"Purity","floor":46.0},{"not_picked":["Guardian:PolyBeam","Guardian:EvasiveProtocol+1","Guardian:TimeCapacitor+1"],"picked":"SKIP","floor":47.0},{"not_picked":["Guardian:RefractedBeam+1","Guardian:GemFire"],"picked":"Guardian:CrystalBeam+1","floor":54}],"player_experience":913702,"relics_obtained":[{"floor":8.0,"key":"Ancient Tea Set"},{"floor":10.0,"key":"Odd Mushroom"},{"floor":24.0,"key":"Juzu Bracelet"},{"floor":26.0,"key":"Oddly Smooth Stone"},{"floor":31.0,"key":"PreservedInsect"},{"floor":41.0,"key":"Boot"},{"floor":43.0,"key":"Anchor"},{"floor":44.0,"key":"Kunai"},{"floor":54,"key":"Happy Flower"}],"event_choices":[{"cards_removed":["Guardian:Defend_Guardian"],"damage_healed":0.0,"max_hp_gain":0.0,"max_hp_loss":0.0,"gold_gain":0.0,"event_name":"The Cleric","player_choice":"Card Removal","floor":2.0,"gold_loss":50.0,"damage_taken":0.0},{"damage_healed":0.0,"max_hp_gain":0.0,"max_hp_loss":0.0,"gold_gain":0.0,"event_name":"Mushrooms","player_choice":"Fought Mushrooms","floor":10.0,"gold_loss":0.0,"damage_taken":0.0},{"damage_healed":0.0,"max_hp_gain":0.0,"max_hp_loss":0.0,"gold_gain":0.0,"event_name":"Wheel of Change","player_choice":"Damaged","floor":12.0,"gold_loss":0.0,"damage_taken":8.0},{"damage_healed":0.0,"max_hp_gain":0.0,"max_hp_loss":0.0,"gold_gain":0.0,"event_name":"betterNote:BetterNote","player_choice":"Ignored","floor":27.0,"gold_loss":0.0,"damage_taken":0.0,"cards_obtained":["Demon Form"]},{"damage_healed":0.0,"max_hp_gain":0.0,"max_hp_loss":0.0,"gold_gain":3.0,"event_name":"betterStone:BetterStone","player_choice":"1","floor":46.0,"gold_loss":0.0,"damage_taken":0.0}],"is_beta":false,"boss_relics":[{"not_picked":["Busted Crown","SacredBark"],"picked":"Sozu"},{"not_picked":["Coffee Dripper","Guardian:ModeShifterPlus"],"picked":"Astrolabe"}],"items_purged_floors":[0,0,36],"is_endless":false,"potions_floor_spawned":[4,5,10,19,22,29,31,35,39,44,45,54],"killed_by":"The Heart","ascension_level":9}}