{"host":"ig7tc0uedzltt2sr","time":1610058419,"event":{"mods":["BaseMod","Better Twitch Integration","Block Reminder","Colored Map","Colored Powertips","Communication Mod","Current Relic Mod","GifTheSpireLib","HexUI Lib","Minty Spire (QoL Compilation)","Quick Restart","Random Character Button","Rare Cards Sparkle","Relic Sorter","Relic Stats","Slay the Relics Exporter","StSLib","SuperFastMode","Synergy Search","Twitch Decklist","Twitch Utils","everything is the same but u backflip on backflip","slay the spire mod where everything is the same but ironclad has a cowboy hat"],"gold_per_floor":[110,123,139,139,139,139,139,139],"floor_reached":7,"playtime":74,"items_purged":[],"score":41,"play_id":"9e357418-0e3e-4ea4-a0ff-c700205b3425","local_time":"20210107142659","is_ascension_mode":false,"campfire_choices":[{"data":"Defend_R","floor":6,"key":"SMITH"}],"circlet_count":0,"master_deck":["Strike_R","Strike_R","Strike_R","Strike_R","Strike_R","Defend_R+1","Defend_R","Defend_R","Defend_R","Bash","Twin Strike","Searing Blow","Dark Embrace"],"relics":["Burning Blood"],"acts_visited":["Exordium"],"potions_floor_usage":[],"damage_taken":[{"damage":4,"enemies":"Small Slimes","floor":1,"turns":7},{"damage":28,"enemies":"Cultist","floor":2,"turns":7},{"damage":3,"enemies":"2 Louse","floor":3,"turns":5},{"damage":94,"enemies":"Lagavulin","floor":7,"turns":15}],"seed_played":"-1331747848479572597","potions_obtained":[{"floor":2,"key":"BloodPotion"},{"floor":4,"key":"DuplicationPotion"},{"floor":4,"key":"Dexterity Potion"},{"floor":4,"key":"SteroidPotion"}],"is_trial":false,"path_per_floor":["M","M","M","?","$","R","E"],"character_chosen":"IRONCLAD","items_purchased":[],"campfire_rested":0,"item_purchase_floors":[],"current_hp_per_floor":[88,66,86,86,86,86,0,0],"gold":139,"neow_bonus":"TEN_PERCENT_HP_BONUS","is_daily":false,"chose_seed":false,"campfire_upgraded":1,"win_rate":0.0,"timestamp":1610058419,"path_taken":["M","M","M","?","?","R","E"],"items_purchased_type":[],"build_version":"2020-12-22","purchased_purges":0,"victory":false,"max_hp_per_floor":[88,88,88,88,88,88,88,88],"relic_stats":{"counters":[4,34],"obtain_stats":[{"Burning Blood":0},{"Burning Blood":0},{"Burning Blood":0}],"Burning Blood":16},"card_choices":[{"not_picked":["Dark Embrace","Iron Wave"],"picked":"Twin Strike","floor":1},{"not_picked":["Twin Strike","True Grit"],"picked":"Searing Blow","floor":2},{"not_picked":["Sword Boomerang","Iron Wave"],"picked":"Dark Embrace","floor":3}],"player_experience":1458051,"relics_obtained":[],"event_choices":[{"damage_healed":0,"gold_gain":0,"player_choice":"Got Potions","damage_taken":0,"max_hp_gain":0,"max_hp_loss":0,"event_name":"Lab","floor":4,"gold_loss":0}],"is_beta":false,"boss_relics":[],"items_purged_floors":[],"is_endless":false,"potions_floor_spawned":[2],"killed_by":"Lagavulin","ascension_level":0}}