{"host":"j3h0p3l2xgzxhnx7","time":1610026073,"event":{"mods":["BaseMod","Luminous","Marisa????????","Minty Spire (QoL Compilation)","Remilia??????","StSLib","The Bug Knight","The Cursed","The Servant 0.9.4"],"gold_per_floor":[110,127,127,52,68,95,105,105,105,105,124,89,89,114,114,218,218,237,336,349,349,359,391,391,420,445,474,474,15,26,26,26,129,129,146,181,181,196,239,269,269,313,339,339,339,374,374,17,17,17],"floor_reached":51,"playtime":2269,"items_purged":["Regret","Strike_S"],"score":1136,"play_id":"b1b665c3-6d1c-4b98-97dd-7182c4df3ff1","local_time":"20210107212753","is_ascension_mode":true,"campfire_choices":[{"data":"Barrier","floor":8,"key":"SMITH"},{"floor":15,"key":"REST"},{"data":"FlawlessForm","floor":24,"key":"SMITH"},{"floor":32,"key":"REST"},{"data":"StarChef","floor":41,"key":"SMITH"},{"data":"Deep Breath","floor":44,"key":"SMITH"},{"data":"KidneyShot","floor":49,"key":"SMITH"}],"circlet_count":0,"master_deck":["Strike_S","Strike_S","Strike_S+1","Defend_S","Defend_S","Defend_S","Defend_S","KidneyShot+1","Exchange","Ricochet","DoubleEdge+1","StarChef+1","Barrier+1","BottledTime","Spin+1","FlawlessForm+1","FastForward","FastForward","Sabotage+1","MoonPhase+1","Unruled+1","Writhe","HandOfGreed+1","TimeWarp+1","Shame","MurderousAura","BottledTime","Deep Breath+1","Finesse","BottledTime","Spin+1","Starlight+1","SpecialFormula+1"],"relics":["SplendidAttire","NeowsBlessing","Anchor","Thread and Needle","Molten Egg 2","Dream Catcher","Pear","Busted Crown","HornCleat","Kunai","Unceasing Top","Toy Ornithopter","Nunchaku","Broom","AntiCross","Strawberry","Juzu Bracelet","Lantern","Bag of Marbles","Eternal Feather"],"acts_visited":["Exordium","TheCity","TheBeyond"],"potions_floor_usage":[6,6,14,16,25,50,50],"damage_taken":[{"damage":0,"enemies":"2 Louse","floor":1,"turns":1},{"damage":0,"enemies":"Jaw Worm","floor":2,"turns":1},{"damage":0,"enemies":"Small Slimes","floor":5,"turns":1},{"damage":18,"enemies":"Gremlin Nob","floor":6,"turns":3},{"damage":5,"enemies":"Looter","floor":7,"turns":3},{"damage":0,"enemies":"3 Louse","floor":11,"turns":3},{"damage":6,"enemies":"3 Sentries","floor":14,"turns":4},{"damage":21,"enemies":"The Guardian","floor":16,"turns":11},{"damage":18,"enemies":"3 Byrds","floor":18,"turns":6},{"damage":0,"enemies":"2 Thieves","floor":20,"turns":4},{"damage":0,"enemies":"Chosen and Byrds","floor":22,"turns":6},{"damage":0,"enemies":"Gremlin Leader","floor":23,"turns":7},{"damage":5,"enemies":"Slavers","floor":25,"turns":5},{"damage":0,"enemies":"Book of Stabbing","floor":27,"turns":8},{"damage":0,"enemies":"Snecko","floor":30,"turns":5},{"damage":0,"enemies":"Champ","floor":33,"turns":7},{"damage":0,"enemies":"3 Darklings","floor":35,"turns":5},{"damage":0,"enemies":"Orb Walker","floor":36,"turns":3},{"damage":6,"enemies":"3 Darklings","floor":38,"turns":5},{"damage":0,"enemies":"4 Shapes","floor":39,"turns":5},{"damage":0,"enemies":"Giant Head","floor":40,"turns":6},{"damage":0,"enemies":"Maw","floor":42,"turns":7},{"damage":0,"enemies":"Nemesis","floor":46,"turns":5},{"damage":0,"enemies":"Donu and Deca","floor":50,"turns":6}],"seed_played":"7472601371092192035","potions_obtained":[{"floor":2,"key":"ColorlessPotion"},{"floor":5,"key":"FearPotion"},{"floor":7,"key":"Dexterity Potion"},{"floor":11,"key":"AttackPotion"},{"floor":18,"key":"EssenceOfSteel"},{"floor":23,"key":"BlessingOfTheForge"},{"floor":33,"key":"LiquidMemories"},{"floor":35,"key":"Weak Potion"},{"floor":46,"key":"SpeedPotion"}],"is_trial":false,"path_per_floor":["M","M","?","$","M","E","M","R","T","?","M","?","?","E","R","B",null,"M","?","M","?","M","E","R","E","T","E","?","$","M","?","R","B",null,"M","M","?","M","M","E","R","M","T","R","?","E","?","$","R","B",null],"character_chosen":"THE_SERVANT","items_purchased":["AntiCross","HandOfGreed+1","Eternal Feather"],"campfire_rested":2,"item_purchase_floors":[29,29,48],"current_hp_per_floor":[65,65,65,65,65,47,42,42,42,29,29,45,45,49,71,50,75,57,57,57,57,57,57,57,52,52,52,52,52,52,59,82,82,82,82,82,72,66,66,66,66,66,66,66,66,66,66,66,82,82],"gold":17,"neow_bonus":"THREE_ENEMY_KILL","is_daily":false,"chose_seed":false,"campfire_upgraded":5,"win_rate":0.0,"timestamp":1610026073,"path_taken":["M","M","?","$","M","E","M","R","T","?","M","?","?","E","R","BOSS","M","?","M","?","?","E","R","E","T","E","?","$","M","?","R","BOSS","M","M","?","M","M","E","R","M","T","R","?","E","?","$","R","BOSS"],"items_purchased_type":["Relic","Card","Relic"],"build_version":"2020-12-22","purchased_purges":2,"victory":true,"max_hp_per_floor":[65,65,65,65,65,65,65,65,65,65,65,65,65,75,75,75,75,75,75,75,75,75,75,75,75,75,75,75,75,75,82,82,82,82,82,82,82,82,82,82,82,82,82,82,82,82,82,82,82,82],"card_choices":[{"not_picked":["Unruled","MoonPhase"],"picked":"Ricochet","floor":1},{"not_picked":["Potential","Desolation"],"picked":"DoubleEdge","floor":2},{"not_picked":["ShatteredReality","Rearm"],"picked":"StarChef","floor":5},{"not_picked":["TimeWarp","Unruled"],"picked":"Barrier","floor":6},{"not_picked":["Revamp","ShatteredReality"],"picked":"BottledTime","floor":7},{"not_picked":["Potential+1","Rewind"],"picked":"Spin+1","floor":11},{"not_picked":["BottledTime","Reset"],"picked":"FlawlessForm","floor":14},{"not_picked":["Desolation+1","MoonPhase"],"picked":"FastForward","floor":15},{"not_picked":["Read"],"picked":"SKIP","floor":18},{"not_picked":[],"picked":"FastForward","floor":20},{"not_picked":[],"picked":"Sabotage+1","floor":22},{"not_picked":[],"picked":"MoonPhase+1","floor":23},{"not_picked":["Gouge+1"],"picked":"SKIP","floor":25},{"not_picked":[],"picked":"Unruled+1","floor":27},{"not_picked":[],"picked":"TimeWarp+1","floor":30},{"not_picked":[],"picked":"MurderousAura","floor":33},{"not_picked":["Rewind"],"picked":"SKIP","floor":35},{"not_picked":[],"picked":"BottledTime","floor":36},{"not_picked":[],"picked":"Deep Breath","floor":37},{"not_picked":[],"picked":"Finesse","floor":37},{"not_picked":[],"picked":"BottledTime","floor":38},{"not_picked":[],"picked":"Spin+1","floor":39},{"not_picked":["Unruled+1"],"picked":"SKIP","floor":40},{"not_picked":[],"picked":"Starlight+1","floor":42},{"not_picked":[],"picked":"SpecialFormula+1","floor":46}],"player_experience":98290,"relics_obtained":[{"floor":6,"key":"Thread and Needle"},{"floor":9,"key":"Molten Egg 2"},{"floor":14,"key":"Pear"},{"floor":23,"key":"Kunai"},{"floor":25,"key":"Unceasing Top"},{"floor":26,"key":"Toy Ornithopter"},{"floor":27,"key":"Nunchaku"},{"floor":40,"key":"Juzu Bracelet"},{"floor":43,"key":"Lantern"},{"floor":46,"key":"Bag of Marbles"}],"event_choices":[{"damage_healed":0,"gold_gain":0,"player_choice":"Box","damage_taken":0,"relics_obtained":["Anchor"],"max_hp_gain":0,"max_hp_loss":0,"event_name":"Big Fish","floor":3,"gold_loss":0,"cards_obtained":["Regret"]},{"damage_healed":0,"gold_gain":0,"player_choice":"Entered Light","damage_taken":13,"max_hp_gain":0,"max_hp_loss":0,"event_name":"Shining Light","floor":10,"gold_loss":0,"cards_upgraded":["Strike_S","DoubleEdge"]},{"damage_healed":16,"gold_gain":0,"player_choice":"Healed","damage_taken":0,"max_hp_gain":0,"max_hp_loss":0,"event_name":"The Cleric","floor":12,"gold_loss":35},{"damage_healed":0,"gold_gain":0,"player_choice":"Searched \u00272\u0027 times","damage_taken":0,"relics_obtained":["Dream Catcher"],"max_hp_gain":0,"max_hp_loss":0,"event_name":"Dead Adventurer","floor":13,"gold_loss":0},{"damage_healed":0,"gold_gain":99,"player_choice":"Stole From Cult","damage_taken":0,"max_hp_gain":0,"max_hp_loss":0,"event_name":"Nest","floor":19,"gold_loss":0},{"damage_healed":0,"gold_gain":0,"player_choice":"Gave Potion","damage_taken":0,"relics_obtained":["HornCleat"],"max_hp_gain":0,"max_hp_loss":0,"event_name":"WeMeetAgain","floor":21,"gold_loss":0},{"damage_healed":0,"gold_gain":0,"player_choice":"Opened","damage_taken":0,"relics_obtained":["Broom"],"max_hp_gain":0,"max_hp_loss":0,"event_name":"The Mausoleum","floor":28,"gold_loss":0,"cards_obtained":["Writhe"]},{"damage_healed":0,"gold_gain":0,"player_choice":"Stole Relic","damage_taken":0,"relics_obtained":["Strawberry"],"max_hp_gain":0,"max_hp_loss":0,"event_name":"Addict","floor":31,"gold_loss":0,"cards_obtained":["Shame"]},{"damage_healed":0,"gold_gain":0,"player_choice":"Memory 3","damage_taken":10,"max_hp_gain":0,"max_hp_loss":0,"event_name":"SensoryStone","floor":37,"gold_loss":0},{"damage_healed":0,"gold_gain":0,"player_choice":"Ignored","damage_taken":0,"max_hp_gain":0,"max_hp_loss":0,"event_name":"Tomb of Lord Red Mask","floor":45,"gold_loss":0},{"damage_healed":0,"gold_gain":0,"player_choice":"Ignored","damage_taken":0,"max_hp_gain":0,"max_hp_loss":0,"event_name":"SecretPortal","floor":47,"gold_loss":0}],"is_beta":false,"boss_relics":[{"not_picked":["MysterySword","Ectoplasm"],"picked":"Busted Crown"},{"not_picked":["Coffee Dripper","Astrolabe"],"picked":"SplendidAttire"}],"items_purged_floors":[4,48],"is_endless":false,"potions_floor_spawned":[2,5,7,11,18,23,33,35,46],"ascension_level":3}}