{"host":"axqzpfaj96olobtx","time":1610057913,"event":{"mods":["BaseMod","Colored Map","Colored Powertips","Minty Spire (QoL Compilation)","Relic Stats","StSLib"],"gold_per_floor":[112,112,125,125,138,138,170,182,267,313,340,352,39,67,67,165,165,179,179,196,196,211,245,245,261,261,296,296,307,334,352,352,455,455,466,516,596,365,15,15,48,48,97,124,144,178,1,21,21,21],"floor_reached":51,"playtime":16263,"items_purged":["Pain","Strike_R","Defend_R"],"score":1130,"play_id":"be233121-7135-44d7-a73e-5439d0786b2e","local_time":"20210107221833","is_ascension_mode":true,"campfire_choices":[{"data":"Combust","floor":6.0,"key":"SMITH"},{"data":"Strike_R","floor":8.0,"key":"PURGE"},{"data":"Strike_R","floor":15.0,"key":"PURGE"},{"floor":24.0,"key":"REST"},{"floor":32,"key":"REST"},{"data":"Demon Form","floor":40,"key":"SMITH"},{"data":"Strike_R","floor":42,"key":"PURGE"},{"floor":49,"key":"REST"}],"circlet_count":0,"master_deck":["Defend_R","Defend_R","Defend_R","Bash","CurseOfTheBell","Twin Strike","True Grit","Combust+1","Fire Breathing","Impervious","Pommel Strike","Apotheosis","Pommel Strike","Demon Form+1","Hemokinesis+1","Feel No Pain+1","Battle Trance","Shrug It Off","Ghostly","Ghostly","Ghostly","Ghostly","Ghostly","Burning Pact+1","Offering","Disarm","Bloodletting+1","Intimidate","Doubt","Metallicize","Entrench+1"],"relics":["Calling Bell","Orichalcum","InkBottle","Peace Pipe","Vajra","MawBank","Pear","Happy Flower","Pantograph","Pen Nib","Regal Pillow","Runic Pyramid","Nilry\u0027s Codex","Bottled Tornado","Oddly Smooth Stone","Anchor","Cursed Key","Calipers","Question Card","Strawberry","Centennial Puzzle","Meat on the Bone","Red Skull","Sundial","CaptainsWheel"],"acts_visited":["Exordium","TheCity","TheBeyond"],"potions_floor_usage":[30,33,44,44,50,50,50],"damage_taken":[{"damage":2.0,"enemies":"2 Louse","floor":1.0,"turns":3.0},{"damage":0.0,"enemies":"Small Slimes","floor":3.0,"turns":2.0},{"damage":0.0,"enemies":"Cultist","floor":5.0,"turns":2.0},{"damage":19.0,"enemies":"Gremlin Nob","floor":7.0,"turns":4.0},{"damage":22.0,"enemies":"Lagavulin","floor":10.0,"turns":5.0},{"damage":10.0,"enemies":"Exordium Thugs","floor":11.0,"turns":4.0},{"damage":6.0,"enemies":"3 Sentries","floor":14.0,"turns":4.0},{"damage":3.0,"enemies":"Slime Boss","floor":16.0,"turns":4.0},{"damage":9.0,"enemies":"3 Byrds","floor":18.0,"turns":5.0},{"damage":10.0,"enemies":"2 Thieves","floor":20.0,"turns":4.0},{"damage":6.0,"enemies":"Cultist and Chosen","floor":22.0,"turns":4.0},{"damage":10.0,"enemies":"Gremlin Leader","floor":23.0,"turns":5.0},{"damage":14.0,"enemies":"Centurion and Healer","floor":25.0,"turns":6.0},{"damage":24.0,"enemies":"Book of Stabbing","floor":27.0,"turns":7.0},{"damage":7,"enemies":"Chosen and Byrds","floor":29,"turns":6},{"damage":7,"enemies":"Gremlin Leader","floor":30,"turns":8},{"damage":0,"enemies":"3 Cultists","floor":31,"turns":6},{"damage":49,"enemies":"Collector","floor":33,"turns":9},{"damage":1,"enemies":"Orb Walker","floor":35,"turns":4},{"damage":2,"enemies":"Mind Bloom Boss Battle","floor":36,"turns":4},{"damage":5,"enemies":"Giant Head","floor":41,"turns":5},{"damage":16,"enemies":"Reptomancer","floor":44,"turns":7},{"damage":0,"enemies":"3 Shapes","floor":45,"turns":5},{"damage":7,"enemies":"Nemesis","floor":46,"turns":7},{"damage":0,"enemies":"Jaw Worm Horde","floor":48,"turns":7},{"damage":2,"enemies":"Donu and Deca","floor":50,"turns":7}],"seed_played":"1099403166418708148","potions_obtained":[{"floor":1.0,"key":"BlessingOfTheForge"},{"floor":5.0,"key":"Swift Potion"},{"floor":7.0,"key":"DuplicationPotion"},{"floor":10.0,"key":"EssenceOfSteel"},{"floor":18.0,"key":"DuplicationPotion"},{"floor":20.0,"key":"PowerPotion"},{"floor":25.0,"key":"BlessingOfTheForge"},{"floor":29,"key":"FearPotion"},{"floor":31,"key":"Fruit Juice"},{"floor":36,"key":"Energy Potion"},{"floor":41,"key":"GamblersBrew"},{"floor":44,"key":"SteroidPotion"}],"is_trial":false,"path_per_floor":["M","?","M","?","M","R","E","R","T","E","M","T","$","E","R","B",null,"M","?","M","?","M","E","R","M","T","E","?","M","E","M","R","B",null,"M","?","T","$","$","R","E","R","T","E","M","E","$","M","R","B",null],"character_chosen":"IRONCLAD","items_purchased":["Apotheosis","Pen Nib","Strawberry","Intimidate","Centennial Puzzle","DistilledChaos","Block Potion"],"campfire_rested":3,"item_purchase_floors":[13,13,38,39,39,39,47],"current_hp_per_floor":[78,66,66,66,66,66,47,47,57,35,25,25,25,19,19,41,90,81,65,55,49,43,33,75,61,61,37,37,30,23,23,45,1,50,49,48,48,55,55,55,50,50,50,34,34,39,39,39,57,55],"gold":21,"neow_bonus":"BOSS_RELIC","is_daily":false,"chose_seed":false,"campfire_upgraded":2,"win_rate":0.0,"timestamp":1610057913,"path_taken":["M","?","M","?","?","R","E","R","T","E","M","?","?","E","R","BOSS","M","?","M","?","?","E","R","M","T","E","?","M","E","M","R","BOSS","M","?","?","?","$","R","E","R","T","E","M","E","$","?","R","BOSS"],"items_purchased_type":["Card","Relic","Relic","Card","Relic","Potion","Potion"],"build_version":"2020-12-22","purchased_purges":3,"victory":true,"max_hp_per_floor":[80,80,80,80,80,80,80,80,90,90,90,90,90,90,90,90,90,90,90,90,90,90,90,90,90,90,90,45,45,45,45,45,50,50,50,50,50,57,57,57,57,57,57,57,57,57,57,57,57,57],"relic_stats":{"Regal Pillow":25,"Happy Flower":[39],"counters":[26,134],"Pen Nib":[14],"Orichalcum":[246],"MawBank":72,"Cursed Key":2,"Question Card":5,"Peace Pipe":3,"Centennial Puzzle":[12],"Sundial":[2],"Pantograph":26,"obtain_stats":[{"Regal Pillow":14,"Calipers":36,"Nilry\u0027s Codex":19,"Vajra":2,"Bottled Tornado":23,"Cursed Key":34,"Burning Blood":0,"Centennial Puzzle":39,"Sundial":44,"Pantograph":12,"Strawberry":38,"InkBottle":0,"Red Skull":43,"Runic Pyramid":17,"Pear":9,"Happy Flower":10,"Oddly Smooth Stone":26,"Pen Nib":13,"Orichalcum":0,"MawBank":7,"Question Card":37,"Calling Bell":0,"Peace Pipe":0,"Anchor":30,"CaptainsWheel":46,"Meat on the Bone":41},{"Regal Pillow":7,"Calipers":20,"Nilry\u0027s Codex":9,"Vajra":1,"Bottled Tornado":12,"Cursed Key":18,"Burning Blood":0,"Centennial Puzzle":20,"Sundial":22,"Pantograph":6,"Strawberry":20,"InkBottle":0,"Red Skull":21,"Runic Pyramid":8,"Pear":4,"Happy Flower":5,"Oddly Smooth Stone":13,"Pen Nib":6,"Orichalcum":0,"MawBank":4,"Question Card":20,"Calling Bell":0,"Peace Pipe":0,"Anchor":16,"CaptainsWheel":24,"Meat on the Bone":21},{"Regal Pillow":24,"Calipers":96,"Nilry\u0027s Codex":33,"Vajra":3,"Bottled Tornado":46,"Cursed Key":88,"Burning Blood":0,"Centennial Puzzle":96,"Sundial":108,"Pantograph":20,"Strawberry":96,"InkBottle":0,"Red Skull":101,"Runic Pyramid":28,"Pear":11,"Happy Flower":16,"Oddly Smooth Stone":52,"Pen Nib":20,"Orichalcum":0,"MawBank":11,"Question Card":96,"Calling Bell":0,"Peace Pipe":0,"Anchor":73,"CaptainsWheel":120,"Meat on the Bone":101}],"InkBottle":[26],"Meat on the Bone":12},"card_choices":[{"not_picked":["Reckless Charge","Perfected Strike"],"picked":"Twin Strike","floor":1.0},{"not_picked":["Dual Wield","Perfected Strike"],"picked":"True Grit","floor":3.0},{"not_picked":["Bludgeon","Flame Barrier"],"picked":"Combust","floor":5.0},{"not_picked":["Twin Strike","Heavy Blade"],"picked":"Fire Breathing","floor":7.0},{"not_picked":["Twin Strike","Uppercut"],"picked":"Impervious","floor":10.0},{"not_picked":["Seeing Red","Dark Embrace"],"picked":"Pommel Strike","floor":11.0},{"not_picked":["Armaments","Clash"],"picked":"Pommel Strike","floor":14.0},{"not_picked":["Double Tap","Juggernaut"],"picked":"Demon Form","floor":16.0},{"not_picked":["Cleave","Entrench+1"],"picked":"Hemokinesis+1","floor":18.0},{"not_picked":["Disarm","Ghostly Armor+1"],"picked":"Feel No Pain+1","floor":20.0},{"not_picked":["Burning Pact","Warcry"],"picked":"Battle Trance","floor":22.0},{"not_picked":["Hemokinesis","Armaments","Infernal Blade"],"picked":"SKIP","floor":23.0},{"not_picked":["Perfected Strike","Dual Wield","Entrench"],"picked":"SKIP","floor":25.0},{"not_picked":["Blood for Blood","Combust"],"picked":"Shrug It Off","floor":27.0},{"not_picked":["Armaments","Wild Strike+1","Searing Blow"],"picked":"SKIP","floor":29},{"not_picked":["Entrench","Flex+1"],"picked":"Burning Pact+1","floor":30},{"not_picked":["Warcry","Body Slam","Thunderclap"],"picked":"SKIP","floor":31},{"not_picked":["Brutality","Berserk"],"picked":"Offering","floor":33},{"not_picked":["Clash","Cleave"],"picked":"Disarm","floor":35},{"not_picked":["Headbutt","Thunderclap"],"picked":"Bloodletting+1","floor":36},{"not_picked":["Evolve+1","Carnage+1","Armaments+1","Warcry"],"picked":"SKIP","floor":41},{"not_picked":["Immolate","Fire Breathing+1","Dark Embrace"],"picked":"Metallicize","floor":44},{"not_picked":["Anger","Combust","Iron Wave"],"picked":"Entrench+1","floor":45},{"not_picked":["Sever Soul","Heavy Blade+1","Pummel","Clash+1"],"picked":"SKIP","floor":46},{"not_picked":["Armaments+1","Bludgeon","Heavy Blade+1","Clothesline"],"picked":"SKIP","floor":48}],"player_experience":14805,"relics_obtained":[{"floor":0.0,"key":"Orichalcum"},{"floor":0.0,"key":"InkBottle"},{"floor":0.0,"key":"Peace Pipe"},{"floor":7.0,"key":"MawBank"},{"floor":9.0,"key":"Pear"},{"floor":10.0,"key":"Happy Flower"},{"floor":12.0,"key":"Pantograph"},{"floor":14.0,"key":"Regal Pillow"},{"floor":19.0,"key":"Nilry\u0027s Codex"},{"floor":23.0,"key":"Bottled Tornado"},{"floor":26.0,"key":"Oddly Smooth Stone"},{"floor":30,"key":"Anchor"},{"floor":36,"key":"Calipers"},{"floor":37,"key":"Question Card"},{"floor":41,"key":"Meat on the Bone"},{"floor":43,"key":"Red Skull"},{"floor":44,"key":"Sundial"},{"floor":46,"key":"CaptainsWheel"}],"event_choices":[{"damage_healed":0.0,"max_hp_gain":0.0,"max_hp_loss":0.0,"gold_gain":0.0,"event_name":"Scrap Ooze","player_choice":"Success","floor":2.0,"gold_loss":0.0,"damage_taken":12.0,"relics_obtained":["Vajra"]},{"cards_removed":["Strike_R"],"damage_healed":0.0,"max_hp_gain":0.0,"max_hp_loss":0.0,"gold_gain":0.0,"event_name":"Purifier","player_choice":"Purged","floor":4.0,"gold_loss":0.0,"damage_taken":0.0},{"damage_healed":0.0,"max_hp_gain":0.0,"max_hp_loss":0.0,"gold_gain":0.0,"event_name":"Cursed Tome","player_choice":"Obtained Book","floor":19.0,"gold_loss":0.0,"damage_taken":16.0},{"damage_healed":0.0,"max_hp_gain":0.0,"max_hp_loss":0.0,"gold_gain":0.0,"event_name":"Knowing Skull","player_choice":"","floor":21.0,"potions_obtained":[],"gold_loss":0.0,"damage_taken":6.0,"cards_obtained":[]},{"damage_healed":0.0,"max_hp_gain":0.0,"max_hp_loss":45.0,"gold_gain":0.0,"event_name":"Ghosts","player_choice":"Became a Ghost","floor":28.0,"gold_loss":0.0,"damage_taken":0.0,"cards_obtained":["Ghostly","Ghostly","Ghostly","Ghostly","Ghostly"]},{"damage_healed":0,"gold_gain":0,"player_choice":"Fight","damage_taken":0,"max_hp_gain":0,"max_hp_loss":0,"event_name":"MindBloom","floor":36,"gold_loss":0}],"is_beta":false,"boss_relics":[{"not_picked":["Black Star","Mark of Pain"],"picked":"Runic Pyramid"},{"not_picked":["Runic Dome","Sozu"],"picked":"Cursed Key"}],"items_purged_floors":[38,39,47],"is_endless":false,"potions_floor_spawned":[1,5,7,10,16,18,20,25,29,31,36,41,44],"ascension_level":2}}