{"host":"a5lz0e76zb3fcwkm","time":1610025081,"event":{"mods":["AchievementEnabler","BaseMod","Colored Map","Colored Powertips","Minty Spire (QoL Compilation)","StSLib","SuperFastMode"],"gold_per_floor":[116,116,41,41,61,61,76,76,126,151,151,61,70,110,110,192,192,216,216,216,216,156,156],"floor_reached":22,"playtime":273,"items_purged":[],"score":360,"play_id":"f376d244-0600-426d-97c7-715886ace930","local_time":"20210107221121","is_ascension_mode":true,"campfire_choices":[{"data":"Inflame","floor":6,"key":"SMITH"},{"data":"Sword Boomerang","floor":8,"key":"SMITH"},{"data":"Inflame","floor":11,"key":"SMITH"},{"floor":15,"key":"RECALL"}],"circlet_count":0,"master_deck":["AscendersBane","Strike_R","Strike_R","Strike_R","Defend_R","Defend_R+1","Defend_R","Defend_R","Bash+1","Inflame+1","Second Wind","Sword Boomerang+1","Inflame+1","Flash of Steel","Feel No Pain","Fire Breathing","Double Tap","Evolve"],"relics":["Burning Blood","NeowsBlessing","CeramicFish","PreservedInsect","Mark of Pain","Enchiridion","Bronze Scales"],"acts_visited":["Exordium","TheCity"],"potions_floor_usage":[14,22],"damage_taken":[{"damage":0,"enemies":"2 Louse","floor":1,"turns":1},{"damage":0,"enemies":"Small Slimes","floor":5,"turns":1},{"damage":0,"enemies":"Jaw Worm","floor":7,"turns":1},{"damage":11,"enemies":"Large Slime","floor":10,"turns":6},{"damage":8,"enemies":"Gremlin Nob","floor":14,"turns":3},{"damage":52,"enemies":"The Guardian","floor":16,"turns":8},{"damage":40,"enemies":"Shell Parasite","floor":18,"turns":4},{"damage":18,"enemies":"2 Thieves","floor":22,"turns":2}],"seed_played":"-445941864927471954","potions_obtained":[{"floor":5,"key":"Swift Potion"},{"floor":16,"key":"Explosive Potion"},{"floor":18,"key":"ElixirPotion"}],"is_trial":false,"path_per_floor":["M","?","?","?","M","R","M","R","T","M","R","$","?","E","R","B",null,"M","?","?","T","M"],"character_chosen":"IRONCLAD","items_purchased":["Flash of Steel"],"campfire_rested":0,"item_purchase_floors":[12],"current_hp_per_floor":[74,51,51,56,62,62,68,68,68,63,63,63,63,61,61,15,64,30,9,9,9,0,0],"gold":156,"neow_bonus":"THREE_ENEMY_KILL","is_daily":false,"chose_seed":false,"campfire_upgraded":3,"win_rate":0.0,"timestamp":1610025081,"path_taken":["M","?","?","?","M","R","?","R","T","M","R","$","?","E","R","BOSS","M","?","?","?","M"],"items_purchased_type":["Card"],"build_version":"2020-12-22","purchased_purges":0,"victory":false,"max_hp_per_floor":[75,75,75,80,80,80,80,80,80,80,80,80,80,80,80,80,80,80,80,80,80,80,80],"card_choices":[{"not_picked":["Iron Wave","Ghostly Armor"],"picked":"Inflame","floor":1},{"not_picked":["Perfected Strike","Shrug It Off"],"picked":"Second Wind","floor":5},{"not_picked":["Reckless Charge","Clash"],"picked":"Sword Boomerang","floor":7},{"not_picked":["Dropkick","Thunderclap"],"picked":"Inflame","floor":10},{"not_picked":["True Grit","Pummel"],"picked":"Fire Breathing","floor":14},{"not_picked":["Corruption","Exhume"],"picked":"Double Tap","floor":16},{"not_picked":["Wild Strike","Twin Strike"],"picked":"Evolve","floor":18}],"player_experience":1690977,"relics_obtained":[{"floor":9,"key":"CeramicFish"},{"floor":14,"key":"PreservedInsect"},{"floor":19,"key":"Enchiridion"},{"floor":21,"key":"Bronze Scales"}],"event_choices":[{"damage_healed":0,"gold_gain":0,"player_choice":"Entered Light","damage_taken":23,"max_hp_gain":0,"max_hp_loss":0,"event_name":"Shining Light","floor":2,"gold_loss":0,"cards_upgraded":["Bash","Defend_R"]},{"cards_removed":["Strike_R"],"damage_healed":0,"gold_gain":0,"player_choice":"Card Removal","damage_taken":0,"max_hp_gain":0,"max_hp_loss":0,"event_name":"The Cleric","floor":3,"gold_loss":75},{"damage_healed":0,"gold_gain":0,"player_choice":"Donut","damage_taken":0,"max_hp_gain":5,"max_hp_loss":0,"event_name":"Big Fish","floor":4,"gold_loss":0},{"damage_healed":0,"gold_gain":0,"cards_transformed":["Strike_R"],"player_choice":"Change","damage_taken":0,"max_hp_gain":0,"max_hp_loss":0,"event_name":"Living Wall","floor":13,"gold_loss":0,"cards_obtained":["Feel No Pain"]},{"damage_healed":0,"gold_gain":0,"player_choice":"Obtained Book","damage_taken":21,"max_hp_gain":0,"max_hp_loss":0,"event_name":"Cursed Tome","floor":19,"gold_loss":0},{"damage_healed":0,"gold_gain":0,"player_choice":"Ignored","damage_taken":0,"max_hp_gain":0,"max_hp_loss":0,"event_name":"Ghosts","floor":20,"gold_loss":0}],"is_beta":false,"boss_relics":[{"not_picked":["SlaversCollar","Empty Cage"],"picked":"Mark of Pain"}],"items_purged_floors":[],"is_endless":false,"potions_floor_spawned":[5,16,18],"killed_by":"2 Thieves","ascension_level":20}}