{"host":"jg1kdgv8lq0s5kn4","time":1610034736,"event":{"mods":["AchievementEnabler","Act Like it!","Alarm Clock","AlwaysNeverKeys","Arknights The Spire","BaseMod","CapriCore","Colored Powertips","Easy Mod","Gold Saver","Minty Spire (QoL Compilation)","Remove Card Discount Mod","Shop Mod","Spicy Shops","StSLib","【功能Mod】Neow奖励","【遗物Mod】简单游戏","没有小屋子和绿帽子啦","篝火指南"],"gold_per_floor":[119,69,79,79,90,90,102,131,199,199,199,216,216,248,248,347,347,359,359,387,406,430,459,475,500,500,520,0,0,10,28,28,129,129,139,149,162,384,384,384,384,416,442,442,468,90,90,109,109,109,109,109,58,83,83],"floor_reached":56,"playtime":2352,"items_purged":["ats:Strike S","ats:Strike V","ats:Strike G","ats:Defend","ats:Defend","Writhe","ats:Curse Doll","ats:Defend","Doubt","ats:Collapsing Strike","ats:Revitalization+1","ats:Red Shift","ats:Armor Crushing Shot+1","ats:Defend+1"],"score":1380,"play_id":"49101cd1-d377-4fc7-a479-ba910936be2c","local_time":"20210107235216","is_ascension_mode":false,"campfire_choices":[{"data":"ats:Emotion Absorption","floor":6.0,"key":"SMITH"},{"data":"EasyMod:card_1","floor":10.0,"key":"SMITH"},{"data":"ats:Part Time Job","floor":15.0,"key":"SMITH"},{"data":"ats:Soul Absorption","floor":32.0,"key":"SMITH"},{"data":"ats:Demon Strength","floor":40.0,"key":"SMITH"},{"floor":44,"key":"RECALL"},{"data":"ats:Nebulous Foxfire","floor":47,"key":"SMITH"},{"data":"ats:Burning Ground","floor":49,"key":"SMITH"},{"data":"EasyMod:card_1","floor":52,"key":"SMITH"}],"circlet_count":0,"master_deck":["EasyMod:card_1","ats:Emotion Absorption+1","ats:Apocalypse","ats:Demon Strength+1","ats:Part Time Job+1","ats:Directed Diagnosis","ats:Nebulous Foxfire+1","ats:Mental Burst+1","ats:Burning Ground+1","ats:Soul Absorption+1","ats:Calcification+1","ats:Support Order+1","ats:Shadow Assault","Purity+1","Enlightenment+1","Violence+1","ats:Ignite","ats:Ignite+1","Impatience+1","Apotheosis+1","ats:Composite Medical Shells"],"relics":["ats:Sanity","EasyRelic","Bird Faced Urn","ats:Originium","EasyMod:Easy_0","Gremlin Horn","Bag of Preparation","ats:Tactical Delivery","EasyMod:Easy_2","Red Mask","Lantern","Ornamental Fan","FossilizedHelix","Toxic Egg 2","EasyMod:Easy_5","Calipers","Cursed Key","ats:Ability Aura","Anchor","Boot","Akabeko"],"acts_visited":["Exordium","TheCity","TheBeyond","TheEnding"],"potions_floor_usage":[55,55],"damage_taken":[{"damage":3.0,"enemies":"Small Slimes","floor":1.0,"turns":4.0},{"damage":3.0,"enemies":"2 Louse","floor":3.0,"turns":4.0},{"damage":5.0,"enemies":"Jaw Worm","floor":5.0,"turns":3.0},{"damage":3.0,"enemies":"Looter","floor":7.0,"turns":3.0},{"damage":12.0,"enemies":"3 Sentries","floor":8.0,"turns":8.0},{"damage":0.0,"enemies":"Blue Slaver","floor":12.0,"turns":1.0},{"damage":9.0,"enemies":"Lagavulin","floor":14.0,"turns":4.0},{"damage":48.0,"enemies":"The Guardian","floor":16.0,"turns":11.0},{"damage":10.0,"enemies":"2 Thieves","floor":18.0,"turns":3.0},{"damage":18.0,"enemies":"Masked Bandits","floor":20.0,"turns":3.0},{"damage":6.0,"enemies":"Chosen","floor":21.0,"turns":3.0},{"damage":11.0,"enemies":"Book of Stabbing","floor":23.0,"turns":4.0},{"damage":0.0,"enemies":"Snake Plant","floor":24.0,"turns":1.0},{"damage":0.0,"enemies":"Gremlin Leader","floor":25.0,"turns":2.0},{"damage":0.0,"enemies":"Sentry and Sphere","floor":27.0,"turns":2.0},{"damage":3.0,"enemies":"3 Cultists","floor":30.0,"turns":4.0},{"damage":0.0,"enemies":"Snake Plant","floor":31.0,"turns":2.0},{"damage":0.0,"enemies":"Collector","floor":33.0,"turns":6.0},{"damage":0.0,"enemies":"Orb Walker","floor":35.0,"turns":2.0},{"damage":21.0,"enemies":"3 Shapes","floor":36.0,"turns":3.0},{"damage":2.0,"enemies":"Spire Growth","floor":37.0,"turns":6.0},{"damage":3.0,"enemies":"Nemesis","floor":42.0,"turns":7.0},{"damage":8,"enemies":"Reptomancer","floor":45,"turns":2},{"damage":0,"enemies":"Transient","floor":48,"turns":5},{"damage":13,"enemies":"Donu and Deca","floor":50,"turns":5},{"damage":0,"enemies":"Shield and Spear","floor":54,"turns":2},{"damage":11,"enemies":"The Heart","floor":55,"turns":5}],"seed_played":"917843596396994153","potions_obtained":[{"floor":1.0,"key":"GamblersBrew"},{"floor":8.0,"key":"Dexterity Potion"},{"floor":16.0,"key":"ats:Emergency Sanity Potion"},{"floor":24.0,"key":"DuplicationPotion"},{"floor":31.0,"key":"Strength Potion"}],"is_trial":false,"path_per_floor":["M","?","M","?","M","R","M","E","T","R","?","M","?","E","R","B",null,"M","?","?","M","T","E","M","E","T","M","$","$","M","M","R","B",null,"M","M","M","?","?","R","?","E","T","R","E","$","R","M","R","B",null,"R","$","E","B",null],"character_chosen":"DOCTOR_CLASS","items_purchased":["EasyMod:Easy_5","ats:Support Order+1","Calipers","Boot","Impatience+1","Apotheosis+1","ats:Composite Medical Shells"],"campfire_rested":0,"item_purchase_floors":[28,28,28,46,46,46,53],"current_hp_per_floor":[66,66,79,61,74,74,81,81,81,81,64,64,69,82,82,80,91,91,91,91,91,91,91,91,91,91,91,91,91,91,91,91,91,91,91,70,91,91,81,81,81,91,91,91,85,85,85,91,91,91,91,91,91,91,91],"gold":83,"neow_bonus":"TWENTY_PERCENT_HP_BONUS","is_daily":false,"chose_seed":false,"campfire_upgraded":8,"win_rate":0.0,"timestamp":1610034736,"path_taken":["M","?","M","?","M","R","M","E","T","R","?","M","?","E","R","BOSS","M","?","?","M","?","E","M","E","T","?","?","$","M","M","R","BOSS","M","M","M","?","?","R","?","E","T","R","E","?","R","M","R","BOSS","R","$","E","BOSS"],"items_purchased_type":["Relic","Card","Relic","Relic","Card","Card","Card"],"build_version":"2020-12-22","purchased_purges":14,"victory":true,"max_hp_per_floor":[86,86,86,86,86,86,86,86,86,86,86,86,91,91,91,91,91,91,91,91,91,91,91,91,91,91,91,91,91,91,91,91,91,91,91,91,91,91,91,91,91,91,91,91,91,91,91,91,91,91,91,91,91,91,91],"card_choices":[{"not_picked":["ats:Explosion Area Strengthen","ats:Revitalization"],"picked":"ats:Apocalypse","floor":1.0},{"not_picked":["ats:Revitalization","ats:Part Time Job"],"picked":"ats:Collapsing Strike","floor":3.0},{"not_picked":["ats:Powerful Strike","ats:Magnetic Hammer"],"picked":"ats:Curse Doll","floor":5.0},{"not_picked":["ats:Curse Doll","ats:Hammer On"],"picked":"ats:Demon Strength","floor":7.0},{"not_picked":["ats:Part Time Job","ats:Spore Proliferation"],"picked":"ats:Red Shift","floor":8.0},{"not_picked":["ats:Hammer On","ats:Cat Scratch"],"picked":"ats:Part Time Job","floor":12.0},{"not_picked":["ats:Ignite","ats:Hammer On"],"picked":"ats:Directed Diagnosis","floor":14.0},{"not_picked":["ats:Ambush","ats:Shadow Assault"],"picked":"ats:Nebulous Foxfire","floor":16.0},{"not_picked":["ats:Composite Medical Shells","ats:Healing Drone","ats:Burning Ground"],"picked":"SKIP","floor":18.0},{"not_picked":["ats:Burning Ground","ats:Ignite+1"],"picked":"ats:Mental Burst+1","floor":20.0},{"not_picked":["ats:Poison Spread","ats:Beaten Up+1","ats:Steam Pump"],"picked":"SKIP","floor":21.0},{"not_picked":["ats:Powerful Strike","ats:Poison Spread"],"picked":"ats:Burning Ground","floor":23.0},{"not_picked":["ats:Chain Hook","ats:Powerful Strike+1"],"picked":"ats:Soul Absorption","floor":24.0},{"not_picked":["ats:Hammer On","ats:Curse Doll","ats:Cat Scratch"],"picked":"SKIP","floor":25.0},{"not_picked":["ats:Sword Rain","ats:Apocalypse+1"],"picked":"ats:Calcification+1","floor":27.0},{"not_picked":["ats:Childhood Dance+1","ats:Poison Spread","ats:Assault Order+1"],"picked":"SKIP","floor":30.0},{"not_picked":["ats:Overload+1","ats:Apocalypse+1","ats:Cat Scratch"],"picked":"SKIP","floor":31.0},{"not_picked":["ats:Shadow Assault","ats:Soul Rend"],"picked":"ats:Nebulous Foxfire+1","floor":33.0},{"not_picked":["ats:Explosion Area Strengthen","ats:Magnetic Hammer+1","ats:Neurotoxin"],"picked":"SKIP","floor":35.0},{"not_picked":["ats:Hammer On","ats:Flexible Camouflage+1"],"picked":"ats:Revitalization+1","floor":36.0},{"not_picked":["ats:Beaten Up+1","ats:Flexible Camouflage+1"],"picked":"ats:Shadow Assault","floor":37.0},{"not_picked":["Flash of Steel","Mind Blast"],"picked":"Purity+1","floor":39.0},{"not_picked":["Panache","Jack Of All Trades+1"],"picked":"Enlightenment+1","floor":39.0},{"not_picked":["Discovery+1","PanicButton+1"],"picked":"Violence+1","floor":39.0},{"not_picked":["ats:Shadow Assault","ats:Shell Defense+1"],"picked":"ats:Ignite","floor":42.0},{"not_picked":["ats:Revitalization+1","ats:Shell Defense+1"],"picked":"ats:Ignite+1","floor":45},{"not_picked":["ats:Encircling Forest+1","ats:Ignite","ats:Shell Defense+1"],"picked":"SKIP","floor":48},{"not_picked":["ats:Encircling Forest+1","ats:Red Shift","ats:Shell Defense+1"],"picked":"SKIP","floor":54}],"player_experience":32226,"relics_obtained":[{"floor":8.0,"key":"ats:Originium"},{"floor":8.0,"key":"EasyMod:Easy_0"},{"floor":9.0,"key":"Gremlin Horn"},{"floor":14.0,"key":"ats:Originium"},{"floor":14.0,"key":"Bag of Preparation"},{"floor":20.0,"key":"Red Mask"},{"floor":22.0,"key":"Lantern"},{"floor":23.0,"key":"Ornamental Fan"},{"floor":25.0,"key":"FossilizedHelix"},{"floor":26.0,"key":"Toxic Egg 2"},{"floor":42.0,"key":"ats:Ability Aura"},{"floor":45,"key":"Anchor"},{"floor":54,"key":"Akabeko"}],"event_choices":[{"cards_removed":["ats:Strike C"],"damage_healed":0.0,"max_hp_gain":0.0,"max_hp_loss":0.0,"gold_gain":0.0,"event_name":"The Cleric","player_choice":"Card Removal","floor":2.0,"gold_loss":50.0,"damage_taken":0.0},{"damage_healed":0.0,"max_hp_gain":0.0,"max_hp_loss":0.0,"gold_gain":0.0,"event_name":"Scrap Ooze","player_choice":"Success","floor":4.0,"gold_loss":0.0,"damage_taken":18.0,"relics_obtained":["Bird Faced Urn"]},{"damage_healed":0.0,"max_hp_gain":0.0,"max_hp_loss":0.0,"gold_gain":0.0,"event_name":"Shining Light","player_choice":"Entered Light","floor":11.0,"gold_loss":0.0,"damage_taken":17.0,"cards_upgraded":["ats:Armor Crushing Shot","ats:Defend"]},{"damage_healed":0.0,"max_hp_gain":5.0,"max_hp_loss":0.0,"gold_gain":0.0,"event_name":"Big Fish","player_choice":"Donut","floor":13.0,"gold_loss":0.0,"damage_taken":0.0},{"damage_healed":0.0,"max_hp_gain":0.0,"max_hp_loss":0.0,"gold_gain":0.0,"event_name":"The Mausoleum","player_choice":"Opened","floor":19.0,"gold_loss":0.0,"damage_taken":0.0,"relics_obtained":["EasyMod:Easy_2"],"cards_obtained":["Writhe"]},{"damage_healed":0.0,"max_hp_gain":0.0,"max_hp_loss":0.0,"gold_gain":0.0,"event_name":"Masked Bandits","player_choice":"Fought Bandits","floor":20.0,"gold_loss":0.0,"damage_taken":0.0},{"damage_healed":0.0,"max_hp_gain":0.0,"max_hp_loss":0.0,"gold_gain":222.0,"event_name":"Tomb of Lord Red Mask","player_choice":"Wore Mask","floor":38.0,"gold_loss":0.0,"damage_taken":0.0},{"damage_healed":0.0,"max_hp_gain":0.0,"max_hp_loss":0.0,"gold_gain":0.0,"event_name":"SensoryStone","player_choice":"Memory 3","floor":39.0,"gold_loss":0.0,"damage_taken":10.0},{"cards_removed":["ats:Nebulous Foxfire"],"damage_healed":0.0,"max_hp_gain":0.0,"max_hp_loss":0.0,"gold_gain":0.0,"event_name":"Falling","player_choice":"Removed Skill","floor":41.0,"gold_loss":0.0,"damage_taken":0.0}],"is_beta":false,"boss_relics":[{"not_picked":["Sozu","Coffee Dripper"],"picked":"ats:Tactical Delivery"},{"not_picked":["Runic Pyramid","SlaversCollar"],"picked":"Cursed Key"}],"items_purged_floors":[28,28,28,46,46,46,46,46,46,53,53,53,53,53],"is_endless":false,"potions_floor_spawned":[1,8,16,23,24,25,30,31,35,42,54],"ascension_level":0}}