{"host":"6qo42zgaknezulyg","time":1610003268,"event":{"mods":["2.2 Compatiblity","BaseMod","Colored Map","Downfall","Keyboard Shortcuts","Minty Spire (QoL Compilation)","Permanent Neow","Quick Restart","StSLib","SuperFastMode"],"gold_per_floor":[99,117,133,146,146,146,170,170,195,208,308,339,239,258,277,372,372,372,387,387,170,445,463,490,510,510,523,537,563,563,597,617,720,720,720,737,749,764,776,776,776,776,508,519,519,519,519,569,579,579],"floor_reached":51,"playtime":6538,"items_purged":["bronze:Strike","Pride"],"score":1107,"play_id":"29a17199-857a-4b40-aeff-2ce711f9412e","local_time":"20210107160748","is_ascension_mode":true,"campfire_choices":[{"floor":1.0,"key":"REST"},{"data":"expansioncontent:QuickStudy","floor":6.0,"key":"SMITH"},{"data":"bronze:Goto","floor":8.0,"key":"SMITH"},{"floor":13.0,"key":"REST"},{"floor":18.0,"key":"REST"},{"floor":26.0,"key":"REST"},{"floor":30.0,"key":"REST"},{"floor":35.0,"key":"REST"},{"floor":40.0,"key":"REST"},{"floor":46.0,"key":"REST"}],"circlet_count":0,"master_deck":["AscendersBane","bronze:Strike","bronze:Strike","bronze:Defend","bronze:Defend","bronze:Defend","bronze:Defend","bronze:Replicate","bronze:Goto+1","expansioncontent:QuickStudy+1","bronze:Return","bronze:Goto","bronze:Frontload","bronze:BronzeOrb","bronze:Frontload","bronze:ChildClass","bronze:Fortify","bronze:Boost","bronze:Fortify","expansioncontent:CaCaw","bronze:ChildClass+1","bronze:Boost"],"relics":["bronze:BronzeCore","sneckomod:BlankCard","Smiling Mask","Oddly Smooth Stone","downfall:HeartBlessingGreen","expansioncontent:StudyCardRelic","Calipers","Omamori","Potion Belt","Akabeko","Nunchaku","Cursed Key","Membership Card","Bird Faced Urn"],"acts_visited":["Exordium","TheCity","TheBeyond"],"potions_floor_usage":[50,50,50,50,50,50],"damage_taken":[{"damage":1.0,"enemies":"Cultist","floor":2.0,"turns":3.0},{"damage":2.0,"enemies":"Jaw Worm","floor":3.0,"turns":4.0},{"damage":0.0,"enemies":"Small Slimes","floor":4.0,"turns":2.0},{"damage":35.0,"enemies":"3 Sentries","floor":9.0,"turns":9.0},{"damage":11.0,"enemies":"Gremlin Gang","floor":10.0,"turns":3.0},{"damage":10.0,"enemies":"Lagavulin","floor":12.0,"turns":5.0},{"damage":1.0,"enemies":"Exordium Wildlife","floor":14.0,"turns":3.0},{"damage":0.0,"enemies":"Blue Slaver","floor":15.0,"turns":3.0},{"damage":22.0,"enemies":"downfall:Silent","floor":16.0,"turns":7.0},{"damage":0.0,"enemies":"Spheric Guardian","floor":19.0,"turns":3.0},{"damage":6.0,"enemies":"downfall:FleeingMerchant","floor":21.0,"turns":4.0},{"damage":4.0,"enemies":"Centurion and Healer","floor":23.0,"turns":6.0},{"damage":4.0,"enemies":"Snecko","floor":25.0,"turns":6.0},{"damage":2.0,"enemies":"Snake Plant","floor":27.0,"turns":7.0},{"damage":2.0,"enemies":"Sentry and Sphere","floor":28.0,"turns":9.0},{"damage":10.0,"enemies":"Slavers","floor":29.0,"turns":7.0},{"damage":0.0,"enemies":"Book of Stabbing","floor":31.0,"turns":6.0},{"damage":7.0,"enemies":"Cultist and Chosen","floor":32.0,"turns":6.0},{"damage":58.0,"enemies":"downfall:Defect","floor":33.0,"turns":12.0},{"damage":1.0,"enemies":"3 Shapes","floor":36.0,"turns":5.0},{"damage":0.0,"enemies":"Orb Walker","floor":37.0,"turns":4.0},{"damage":1.0,"enemies":"Maw","floor":38.0,"turns":7.0},{"damage":22.0,"enemies":"Writhing Mass","floor":39.0,"turns":11.0},{"damage":0.0,"enemies":"downfall:FleeingMerchant","floor":43.0,"turns":4.0},{"damage":4.0,"enemies":"Spire Growth","floor":44.0,"turns":6.0},{"damage":12.0,"enemies":"Spire Growth","floor":48.0,"turns":6.0},{"damage":0.0,"enemies":"Transient","floor":49.0,"turns":5.0},{"damage":11,"enemies":"downfall:Ironclad","floor":50,"turns":9}],"seed_played":"-5510934825067552644","potions_obtained":[{"floor":4.0,"key":"Strength Potion"},{"floor":9.0,"key":"PowerPotion"},{"floor":23.0,"key":"SpeedPotion"},{"floor":25.0,"key":"PowerPotion"},{"floor":27.0,"key":"Regen Potion"},{"floor":29.0,"key":"EssenceOfSteel"},{"floor":33.0,"key":"ColorlessPotion"},{"floor":39.0,"key":"Block Potion"}],"is_trial":false,"path_per_floor":["R","M","M","M","?","R","T","R","E","M","?","E","R","M","M","B",null,"R","M","?","$","?","M","T","M","R","M","M","E","R","E","M","B",null,"R","M","M","M","M","R","T","?","$","M","?","R","?","?","M","B",null],"character_chosen":"THE_AUTOMATON","items_purchased":["Omamori","Membership Card","EntropicBrew"],"campfire_rested":8,"item_purchase_floors":[21,43,43],"current_hp_per_floor":[66,65,63,63,63,63,63,63,28,17,17,7,28,27,27,5,54,70,70,70,64,64,60,60,56,70,68,66,56,70,70,63,5,54,70,69,69,68,46,67,67,62,62,58,58,70,70,58,64,64],"gold":579,"neow_bonus":"RANDOM_COLORLESS_2","is_daily":false,"chose_seed":false,"campfire_upgraded":2,"win_rate":0.0,"timestamp":1610003268,"path_taken":["R","M","M","M","?","R","T","R","E","M","?","E","R","M","M","BOSS","R","M","?","$","?","M","T","M","R","?","M","E","R","E","M","BOSS","R","M","M","M","M","R","T","?","$","M","?","R","?","?","M","BOSS"],"items_purchased_type":["Relic","Relic","Potion"],"build_version":"2020-12-22","purchased_purges":2,"victory":true,"max_hp_per_floor":[70,70,70,70,70,70,70,70,70,70,70,70,70,70,70,70,70,70,70,70,70,70,70,70,70,70,70,70,70,70,70,70,70,70,70,70,70,70,70,70,70,70,70,70,70,70,70,70,70,70],"card_choices":[{"not_picked":["Panache","Apotheosis"],"picked":"expansioncontent:QuickStudy","floor":0.0},{"not_picked":["bronze:BronzeArmor","bronze:OilSpill","bronze:BugBarrage"],"picked":"SKIP","floor":2.0},{"not_picked":["bronze:Overload","bronze:RecursiveStrike","bronze:BugBarrage"],"picked":"SKIP","floor":3.0},{"not_picked":["bronze:WildBeam","bronze:WhirlingStrike"],"picked":"bronze:Return","floor":4.0},{"not_picked":["bronze:CutThrough","bronze:BronzeArmor","bronze:AlphaBuild"],"picked":"SKIP","floor":9.0},{"not_picked":["bronze:ForLoop","bronze:RecursiveStrike"],"picked":"bronze:Frontload","floor":10.0},{"not_picked":["bronze:CutThrough","bronze:ItsAFeature","bronze:Philosophize"],"picked":"SKIP","floor":12.0},{"not_picked":["bronze:SearingBeam","bronze:BronzeArmor","bronze:Turbo"],"picked":"SKIP","floor":14.0},{"not_picked":["bronze:ThunderWave","bronze:Safeguard"],"picked":"bronze:BronzeOrb","floor":15.0},{"not_picked":["bronze:BuggyMess+1","bronze:Branch","bronze:Deprecate"],"picked":"SKIP","floor":19.0},{"not_picked":["bronze:BurnOut","bronze:Frontload","bronze:ClassDefault"],"picked":"SKIP","floor":21.0},{"not_picked":["bronze:Flail","bronze:Overheat+1","bronze:DelayedSlice"],"picked":"SKIP","floor":23.0},{"not_picked":["bronze:Invalidate","bronze:CutThrough","bronze:BitShift"],"picked":"SKIP","floor":25.0},{"not_picked":["bronze:Overheat","bronze:Optimize"],"picked":"bronze:Frontload","floor":27.0},{"not_picked":["bronze:Invalidate","bronze:Iterate","bronze:BitShift"],"picked":"SKIP","floor":28.0},{"not_picked":["bronze:Repulsor","bronze:Philosophize"],"picked":"bronze:ChildClass","floor":29.0},{"not_picked":["bronze:OilSpill","bronze:Turbo","bronze:WildBeam"],"picked":"SKIP","floor":31.0},{"not_picked":["bronze:Optimize","bronze:WildBeam"],"picked":"bronze:Fortify","floor":32.0},{"not_picked":["bronze:Overheat","bronze:Optimize","bronze:Turbo+1"],"picked":"SKIP","floor":36.0},{"not_picked":["bronze:WhirlingStrike","bronze:BugBarrage"],"picked":"bronze:Boost","floor":37.0},{"not_picked":["bronze:WhirlingStrike+1","bronze:Shield"],"picked":"bronze:Fortify","floor":38.0},{"not_picked":["bronze:Refactor","bronze:DelayedGuard","bronze:BugBarrage"],"picked":"SKIP","floor":39.0},{"not_picked":["expansioncontent:PolyBeam","expansioncontent:DefensiveMode"],"picked":"expansioncontent:CaCaw","floor":42.0},{"not_picked":["bronze:FineTuning","bronze:Refactor","bronze:OilSpill"],"picked":"SKIP","floor":43.0},{"not_picked":["bronze:ClassDefault+1","bronze:DelayedGuard","bronze:Allocate+1"],"picked":"SKIP","floor":44.0},{"not_picked":["bronze:BitShift","bronze:Repair"],"picked":"bronze:ChildClass+1","floor":48.0},{"not_picked":["bronze:CutThrough+1","bronze:BronzeArmor+1"],"picked":"bronze:Boost","floor":49.0}],"player_experience":1123368,"relics_obtained":[{"floor":7.0,"key":"sneckomod:BlankCard"},{"floor":9.0,"key":"Smiling Mask"},{"floor":12.0,"key":"Oddly Smooth Stone"},{"floor":24.0,"key":"Potion Belt"},{"floor":29.0,"key":"Akabeko"},{"floor":31.0,"key":"Nunchaku"},{"floor":48.0,"key":"Bird Faced Urn"}],"event_choices":[{"damage_healed":0.0,"max_hp_gain":0.0,"max_hp_loss":0.0,"gold_gain":0.0,"event_name":"Addict","player_choice":"Stole Relic","floor":20.0,"gold_loss":0.0,"damage_taken":0.0,"relics_obtained":["Calipers"],"cards_obtained":["Pride"]},{"damage_healed":0.0,"max_hp_gain":0.0,"max_hp_loss":0.0,"gold_gain":0.0,"event_name":"Mysterious Sphere","player_choice":"Ignored","floor":45.0,"gold_loss":0.0,"damage_taken":0.0}],"is_beta":false,"boss_relics":[{"not_picked":["Snecko Eye","Velvet Choker"],"picked":"expansioncontent:StudyCardRelic"},{"not_picked":["Calling Bell","Runic Dome"],"picked":"Cursed Key"}],"items_purged_floors":[21,43],"is_endless":false,"potions_floor_spawned":[4,9,12,15,23,25,27,29,31,33,38,39,49],"ascension_level":12}}