{"host":"g5zc4ej6zn2at89o","time":1610026958,"event":{"mods":["2.2 Compatiblity","AchievementEnabler","BaseMod","Colored Map","DeckTracker","Highlight Path","KOR Keyword Fix","Keyboard Shortcuts","Minty Spire (QoL Compilation)","Permanent Neow","Quick Restart","Say the Spire","StSLib","SuperFastMode","everything is the same but u backflip on backflip"],"gold_per_floor":[19,19,19,33,50,84,84,101,101,101,101,136,156,170,170,275,275,294,312,331,102,102,102,122,122,122],"floor_reached":25,"playtime":1289,"items_purged":["Strike_G"],"score":305,"play_id":"aff12171-57d8-47ed-98bf-27ed00ec5b3c","local_time":"20210107224238","is_ascension_mode":true,"campfire_choices":[{"data":"A Thousand Cuts","floor":7,"key":"SMITH"},{"floor":10,"key":"REST"},{"data":"Footwork","floor":15,"key":"SMITH"},{"data":"Adrenaline","floor":23,"key":"SMITH"}],"circlet_count":0,"master_deck":["Strike_G","Strike_G","Strike_G","Strike_G","Defend_G","Defend_G","Defend_G","Defend_G","Survivor","Neutralize","A Thousand Cuts+1","Cloak And Dagger","Backflip","Footwork+1","Die Die Die","Infinite Blades","Finisher","Deflect","PiercingWail","Adrenaline+1","Acrobatics","Setup","Slice"],"relics":["Ring of the Snake","Strawberry","Potion Belt","FaceOfCleric","Meat on the Bone","Philosopher\u0027s Stone","Toy Ornithopter"],"acts_visited":["Exordium","TheCity"],"potions_floor_usage":[6,16,20,20],"damage_taken":[{"damage":5,"enemies":"Jaw Worm","floor":1,"turns":6},{"damage":1,"enemies":"Cultist","floor":4,"turns":5},{"damage":2,"enemies":"Small Slimes","floor":5,"turns":4},{"damage":12,"enemies":"Lagavulin","floor":6,"turns":10},{"damage":9,"enemies":"Looter","floor":8,"turns":4},{"damage":15,"enemies":"3 Sentries","floor":12,"turns":5},{"damage":4,"enemies":"2 Fungi Beasts","floor":13,"turns":2},{"damage":5,"enemies":"Red Slaver","floor":14,"turns":4},{"damage":1,"enemies":"The Guardian","floor":16,"turns":10},{"damage":15,"enemies":"Shell Parasite","floor":18,"turns":5},{"damage":13,"enemies":"Spheric Guardian","floor":19,"turns":4},{"damage":12,"enemies":"Shelled Parasite and Fungi","floor":20,"turns":3},{"damage":13,"enemies":"Centurion and Healer","floor":24,"turns":5},{"damage":11,"enemies":"Snake Plant","floor":25,"turns":3}],"seed_played":"7660387751203084502","potions_obtained":[{"floor":1,"key":"GhostInAJar"},{"floor":5,"key":"Fire Potion"},{"floor":6,"key":"CunningPotion"},{"floor":12,"key":"SneckoOil"},{"floor":18,"key":"BlessingOfTheForge"}],"is_trial":false,"path_per_floor":["M","?","$","M","M","E","R","M","T","R","?","E","M","M","R","B",null,"M","M","M","$","?","R","M","M"],"character_chosen":"THE_SILENT","items_purchased":["Toy Ornithopter"],"campfire_rested":1,"item_purchase_floors":[21],"current_hp_per_floor":[58,58,58,57,55,50,50,41,41,64,64,50,47,43,43,43,72,58,46,47,47,47,47,47,36,36],"gold":122,"neow_bonus":"THREE_RARE_CARDS","is_daily":false,"chose_seed":false,"campfire_upgraded":3,"win_rate":0.0,"timestamp":1610026958,"path_taken":["M","?","$","M","?","E","R","M","T","R","?","E","?","M","R","BOSS","M","M","M","$","?","R","M","M"],"items_purchased_type":["Relic"],"build_version":"2020-12-22","purchased_purges":1,"victory":false,"max_hp_per_floor":[70,70,70,70,70,77,77,77,77,77,77,78,79,80,80,81,81,82,83,84,84,84,84,85,85,85],"card_choices":[{"not_picked":["Wraith Form v2","Venomology"],"picked":"A Thousand Cuts","floor":0},{"not_picked":["Underhanded Strike","Catalyst"],"picked":"Cloak And Dagger","floor":1},{"not_picked":["Bane","Reflex"],"picked":"Backflip","floor":4},{"not_picked":["Poisoned Stab","Bane"],"picked":"Footwork","floor":5},{"not_picked":["Cloak And Dagger","Flying Knee"],"picked":"Die Die Die","floor":6},{"not_picked":["Sucker Punch","Dagger Spray"],"picked":"Infinite Blades","floor":8},{"not_picked":["Quick Slash","Dodge and Roll"],"picked":"Finisher","floor":12},{"not_picked":["Poisoned Stab","Bane"],"picked":"Deflect","floor":13},{"not_picked":["Underhanded Strike","Calculated Gamble"],"picked":"PiercingWail","floor":14},{"not_picked":["Tools of the Trade","Doppelganger"],"picked":"Adrenaline","floor":16},{"not_picked":["Bane","Heel Hook"],"picked":"Acrobatics","floor":18},{"not_picked":["Acrobatics","Dodge and Roll","Underhanded Strike"],"picked":"SKIP","floor":19},{"not_picked":["Deflect","Catalyst"],"picked":"Setup","floor":20},{"not_picked":["Concentrate","Acrobatics"],"picked":"Slice","floor":24}],"player_experience":117252,"relics_obtained":[{"floor":6,"key":"Strawberry"},{"floor":9,"key":"Potion Belt"},{"floor":12,"key":"Meat on the Bone"}],"event_choices":[{"cards_removed":["Defend_G"],"damage_healed":0,"gold_gain":0,"player_choice":"Offered Basic","damage_taken":0,"max_hp_gain":0,"max_hp_loss":0,"event_name":"Bonfire Elementals","floor":2,"gold_loss":0},{"damage_healed":0,"gold_gain":0,"player_choice":"Trade","damage_taken":0,"relics_obtained":["FaceOfCleric"],"max_hp_gain":0,"max_hp_loss":0,"event_name":"FaceTrader","floor":11,"gold_loss":0},{"damage_healed":0,"gold_gain":0,"player_choice":"Ignored","damage_taken":0,"max_hp_gain":0,"max_hp_loss":0,"event_name":"Vampires","floor":22,"gold_loss":0}],"is_beta":false,"boss_relics":[{"not_picked":["Black Star","Astrolabe"],"picked":"Philosopher\u0027s Stone"}],"items_purged_floors":[21],"is_endless":false,"potions_floor_spawned":[1,5,6,12,18],"killed_by":"Snake Plant","ascension_level":6}}