{"host":"ox77rn1xcurm2t5a","time":1610057493,"event":{"mods":["2.2 Compatiblity","AchievementEnabler","Act Like it!","Aspiration","BaseMod","Best Route Mod","Better Match","Better Note","Better Sensory Stone","Block Reminder","Colored Map","Colored Powertips","Conjunction","Conspire","Custom Start","Energized Spire","GifTheSpireLib","Gold Saver","Gremlin Skip","Halation","Highlight Path","Hubris","Infinite Spire","Minty Spire (QoL Compilation)","Pale of the Ancients","Quick Restart","Replay The Spire","Reworked Bosses","ShortenTheSpire","Spire Exporter","StSLib","Stuff the Spire","Wandering Minibosses","vexMod"],"gold_per_floor":[109,109,109,1551,1564,1564,1590,1619,1666,1699,834,849,1400,1421,1421,1537,1537,1562,1562,1587,861,786,786,821,821,821,858,872,891,911,911,911,1027,1077,1099,1115,1131,1131,1152,256,270,309,357,385,385,407,447,482,482,511,511,511,264,308,391],"floor_reached":56,"playtime":2241,"items_purged":["Zap","Strike_B","Strike_B","Strike_B","Defend_B"],"score":2064,"play_id":"053eb72c-ce0b-4fce-94a6-cfb0bedb4c12","local_time":"20210108001133","is_ascension_mode":true,"campfire_choices":[{"data":"Static Discharge","floor":6.0,"key":"SMITH"},{"floor":15.0,"key":"RECALL"},{"data":"Static Discharge","floor":23.0,"key":"SMITH"},{"data":"Redo","floor":25.0,"key":"SMITH"},{"floor":32.0,"key":"REST"},{"data":"infinitespire:Gouge","floor":49,"key":"SMITH"},{"data":"infinitespire:Collect","floor":52,"key":"SMITH"}],"circlet_count":0,"master_deck":["AscendersBane","Defend_B","Defend_B","Defend_B+1","Dualcast","Coolheaded","Static Discharge+1","Coolheaded","Redo+1","Static Discharge+1","Steam+1","Static Discharge+2","Cold Snap","Electrodynamics+1","Go for the Eyes+1","Coolheaded+1","Steam+1","Cold Snap","Static Discharge","Cold Snap+1","BootSequence+1","infinitespire:Fortify","infinitespire:Gouge+1","infinitespire:Collect+1","Cold Snap"],"relics":["Cracked Core","NeowsBlessing","halation:IllGainedPizza","Gremlin Food","halation:Diary","infinitespire:CheckeredPen","Blue Doll","aspiration:Lifesprig","infinitespire:Broken Mirror","StuffTheSpire:CocoNut","DollysMirror","conspire:DeflatedDodgeball","Emotion Chip","Black Star","vexMod:Dragonfruit","HandDrill","conspire:InfiniteJournal","Centennial Puzzle","conspire:TopHat","Meat on the Bone","Replay:Mystery Machine","Tiny House","Incense Burner","Lee\u0027s Waffle","Torii","ReplayFunnel","Ancient Tea Set","Replay:Bandana","hubris:Backtick","DataDisk","aspiration:MysteriousAuxiliaryCore","Nunchaku","ReplayTheSpireMod:TigerMarble","StuffTheSpire:EmeraldSignet","Boot","Shuriken"],"acts_visited":["Exordium","TheCity","TheBeyond","TheEnding"],"potions_floor_usage":[],"damage_taken":[{"damage":0.0,"enemies":"2 Louse","floor":1.0,"turns":1.0},{"damage":0.0,"enemies":"Small Slimes","floor":5.0,"turns":1.0},{"damage":0.0,"enemies":"Gremlin Nob","floor":8.0,"turns":1.0},{"damage":14.0,"enemies":"Lagavulin","floor":10.0,"turns":5.0},{"damage":0.0,"enemies":"Jaw Worm","floor":12.0,"turns":3.0},{"damage":0.0,"enemies":"Large Slime","floor":14.0,"turns":5.0},{"damage":0.0,"enemies":"The Guardian","floor":16.0,"turns":10.0},{"damage":0.0,"enemies":"Shell Parasite","floor":18.0,"turns":4.0},{"damage":6.0,"enemies":"3 Byrds","floor":20.0,"turns":3.0},{"damage":20.0,"enemies":"Slavers","floor":24.0,"turns":2.0},{"damage":3.0,"enemies":"Gremlin Leader","floor":27.0,"turns":4.0},{"damage":12.0,"enemies":"Snake Plant","floor":28.0,"turns":2.0},{"damage":7.0,"enemies":"Centurion and Healer","floor":29.0,"turns":3.0},{"damage":10.0,"enemies":"Chosen and Byrds","floor":30.0,"turns":3.0},{"damage":44.0,"enemies":"bossMod:newCollector","floor":33.0,"turns":8.0},{"damage":4.0,"enemies":"Orb Walker","floor":35.0,"turns":3.0},{"damage":10.0,"enemies":"3 Shapes","floor":36.0,"turns":2.0},{"damage":28.0,"enemies":"Jaw Worm Horde","floor":37.0,"turns":2.0},{"damage":3.0,"enemies":"Spire Growth","floor":39.0,"turns":4.0},{"damage":10.0,"enemies":"Maw","floor":41.0,"turns":8.0},{"damage":47.0,"enemies":"R_Hoarder","floor":42.0,"turns":8.0},{"damage":1.0,"enemies":"Transient","floor":44.0,"turns":5.0},{"damage":1.0,"enemies":"Writhing Mass","floor":46.0,"turns":4.0},{"damage":9.0,"enemies":"Giant Head","floor":47.0,"turns":10.0},{"damage":1,"enemies":"Sphere and 2 Shapes","floor":48,"turns":3},{"damage":25,"enemies":"bossMod:newAwakened","floor":50,"turns":14},{"damage":26,"enemies":"Shield and Spear","floor":54,"turns":4},{"damage":55,"enemies":"The Heart","floor":55,"turns":8}],"seed_played":"3475793194837126318","potions_obtained":[{"floor":1.0,"key":"EssenceOfDarkness"},{"floor":16.0,"key":"BlessingOfTheForge"},{"floor":18.0,"key":"Death Potion"},{"floor":28.0,"key":"AttackPotion"},{"floor":34.0,"key":"DuplicationPotion"},{"floor":37.0,"key":"Conjunction:LightningMarble"},{"floor":39.0,"key":"GamblersBrew"},{"floor":42.0,"key":"Block Potion"},{"floor":46.0,"key":"Fire Potion"},{"floor":47.0,"key":"Death Potion"}],"is_trial":false,"path_per_floor":["M","?","?","$","M","R","T","E","T","E","$","M","$","M","R","B",null,"M","?","M","$","?","R","E","R","T","E","M","M","M","?","R","B",null,"M","M","M","?","M","$","M","E","T","M","AVR","M","E","M","R","B",null,"R","$","E","B",null],"character_chosen":"DEFECT","items_purchased":["halation:IllGainedPizza","Gremlin Food","AttackPotion","halation:Diary","infinitespire:Broken Mirror","StuffTheSpire:CocoNut","DollysMirror","Steam+1","Static Discharge","Cold Snap","conspire:DeflatedDodgeball","Emotion Chip","Adrenaline Potion","Electrodynamics+1","vexMod:Dragonfruit","HandDrill","Toxic Potion","Incense Burner","Lee\u0027s Waffle","Torii","Static Discharge","FocusPotion","StuffTheSpire:EmeraldSignet"],"campfire_rested":1,"item_purchase_floors":[4,4,4,4,11,11,11,11,11,13,13,13,13,21,21,21,21,40,40,40,40,40,53],"current_hp_per_floor":[68,75,75,75,75,75,75,75,75,61,68,68,68,68,68,68,79,79,79,73,78,78,78,58,58,58,55,55,48,50,44,70,38,80,76,66,50,50,47,99,89,54,54,53,53,52,55,54,54,41,85,85,85,59,18],"gold":391,"neow_bonus":"THREE_ENEMY_KILL","is_daily":false,"chose_seed":false,"campfire_upgraded":5,"win_rate":0.0,"timestamp":1610057493,"path_taken":["M","?","?","$","M","R","?","E","T","E","$","M","$","M","R","BOSS","M","?","M","$","?","R","E","R","T","E","M","?","M","?","R","BOSS","M","?","M","?","M","$","M","E","T","M","AVR","M","E","M","R","BOSS","R","$","E","BOSS"],"items_purchased_type":["Relic","Relic","Potion","Relic","Relic","Relic","Relic","Card","Card","Card","Relic","Relic","Potion","Card","Relic","Relic","Potion","Relic","Relic","Relic","Card","Potion","Relic"],"build_version":"2020-12-22","purchased_purges":5,"victory":true,"max_hp_per_floor":[75,75,75,75,75,75,75,75,75,75,82,82,82,82,82,82,82,82,82,82,87,87,87,87,87,87,87,87,87,87,87,87,87,92,92,92,92,92,92,99,99,99,99,99,99,99,99,99,99,99,99,99,99,99,99],"card_choices":[{"not_picked":["aspiration:Polymerization","Sunder"],"picked":"Coolheaded","floor":1.0},{"not_picked":["StuffTheSpire:Coldhearted","Hologram"],"picked":"Static Discharge","floor":5.0},{"not_picked":["Reinforced Body","StuffTheSpire:Plugnplay"],"picked":"Coolheaded","floor":8.0},{"not_picked":["Stack","Ball Lightning"],"picked":"Redo","floor":10.0},{"not_picked":["aspiration:Polymerization","Barrage","Recycle"],"picked":"SKIP","floor":12.0},{"not_picked":["Darkness","Self Repair","Barrage"],"picked":"SKIP","floor":14.0},{"not_picked":["Blizzard","Go for the Eyes","Panic Button+1"],"picked":"SKIP","floor":18.0},{"not_picked":["ReplayTheSpireMod:Reroute Power","Conserve Battery","Compile Driver+1"],"picked":"SKIP","floor":20.0},{"not_picked":["Ball Lightning","Recycle"],"picked":"Go for the Eyes+1","floor":24.0},{"not_picked":["Stack","Conserve Battery","Consume"],"picked":"SKIP","floor":27.0},{"not_picked":["Barrage","Compile Driver","Go for the Eyes"],"picked":"SKIP","floor":28.0},{"not_picked":["Chill+1","StuffTheSpire:ShieldGenerator"],"picked":"Coolheaded+1","floor":29.0},{"not_picked":["ReplayTheSpireMod:Calculation Training","Amplify","StuffTheSpire:Plugnplay"],"picked":"SKIP","floor":30.0},{"not_picked":["StuffTheSpire:LoadUp","aspiration:Polymerization","Turbo"],"picked":"SKIP","floor":35.0},{"not_picked":["Steam Power","Panic Button","Stack"],"picked":"SKIP","floor":36.0},{"not_picked":["Stack","Amplify"],"picked":"Steam+1","floor":37.0},{"not_picked":["Conserve Battery","StuffTheSpire:SnapShoot"],"picked":"Cold Snap","floor":39.0},{"not_picked":["Panic Button","Skim"],"picked":"Cold Snap+1","floor":41.0},{"not_picked":["Panic Button+1","Hello World","ReplayTheSpireMod:Reroute Power"],"picked":"SKIP","floor":42.0},{"not_picked":["Stack","Reinforced Body"],"picked":"BootSequence+1","floor":44.0},{"not_picked":["Rebound+1","ReplayTheSpireMod:Reroute Power","Stack"],"picked":"SKIP","floor":46.0},{"not_picked":["StuffTheSpire:ShieldGenerator","Redo","Go for the Eyes"],"picked":"SKIP","floor":47.0},{"not_picked":["Conserve Battery","Stack+1","Compile Driver"],"picked":"SKIP","floor":48},{"not_picked":["Beam Cell","hubris:PowerSurge"],"picked":"Cold Snap","floor":54}],"player_experience":2950715,"relics_obtained":[{"floor":8.0,"key":"infinitespire:CheckeredPen"},{"floor":9.0,"key":"Blue Doll"},{"floor":10.0,"key":"aspiration:Lifesprig"},{"floor":24.0,"key":"conspire:InfiniteJournal"},{"floor":24.0,"key":"Centennial Puzzle"},{"floor":26.0,"key":"conspire:TopHat"},{"floor":27.0,"key":"Meat on the Bone"},{"floor":27.0,"key":"Replay:Mystery Machine"},{"floor":42.0,"key":"ReplayFunnel"},{"floor":42.0,"key":"Ancient Tea Set"},{"floor":43.0,"key":"Replay:Bandana"},{"floor":47.0,"key":"Nunchaku"},{"floor":47.0,"key":"ReplayTheSpireMod:TigerMarble"},{"floor":54,"key":"Boot"},{"floor":54,"key":"Shuriken"}],"event_choices":[{"damage_healed":0.0,"max_hp_gain":0.0,"max_hp_loss":0.0,"gold_gain":0.0,"event_name":"conspire:Investor","player_choice":"Leave","floor":3.0,"gold_loss":0.0,"damage_taken":0.0},{"cards_removed":["Strike_B"],"damage_healed":0.0,"max_hp_gain":0.0,"max_hp_loss":0.0,"gold_gain":0.0,"event_name":"Beggar","player_choice":"Gave Gold","floor":22.0,"gold_loss":75.0,"damage_taken":0.0},{"damage_healed":0.0,"max_hp_gain":0.0,"max_hp_loss":0.0,"gold_gain":0.0,"event_name":"Knowing Skull","player_choice":"","floor":31.0,"potions_obtained":[],"gold_loss":0.0,"damage_taken":6.0,"cards_obtained":[]}],"is_beta":false,"boss_relics":[{"not_picked":["ReplayTheSpireMod:DimensionalGlitch","energizedSpire:StickyHand"],"picked":"Black Star"},{"not_picked":["conspire:RunicOctahedron","Runic Pyramid"],"picked":"Tiny House"}],"items_purged_floors":[4,11,13,21,45],"is_endless":false,"potions_floor_spawned":[1,14,16,18,24,28,37,39,42,46,47],"ascension_level":12}}