{"host":"dn6kke80v5f7isus","time":1610002585,"event":{"mods":["AchievementEnabler","Act Like it!","BaseMod","Colored Powertips","Custom Start","Defuse TimeMaze Blight","Downfall","Duelist Mod","Gremlin Skip","Highlight Path","Hubris","Infinite Spire","Minty Spire (QoL Compilation)","Rare Cards Sparkle","Replay The Spire","StSLib","Uncapped"],"gold_per_floor":[140,140,159,159,176,211,231,231,231],"floor_reached":8,"playtime":369,"items_purged":[],"score":87,"play_id":"c43ca74a-7696-42cb-9798-d3930d94e9d1","local_time":"20210107015625","is_ascension_mode":true,"campfire_choices":[],"circlet_count":0,"master_deck":["theDuelist:ArmoredZombie","theDuelist:ArmoredZombie","theDuelist:ArmoredZombie","theDuelist:ClownZombie","theDuelist:ClownZombie","theDuelist:PatricianDarkness","theDuelist:ShallowGrave","theDuelist:SkullConductor","theDuelist:TutanMask","theDuelist:OverpoweringEye","theDuelist:AbsorbFusion","theDuelist:CurseAging"],"relics":["theDuelist:MillenniumPuzzle","theDuelist:CardPoolRelic","theDuelist:CardPoolBasicRelic","theDuelist:BoosterPackPoolRelic","theDuelist:CardPoolAddRelic","theDuelist:CardPoolMinusRelic","theDuelist:CardPoolSaveRelic","theDuelist:CardPoolOptionsRelic","theDuelist:DuelistLetterOpener","theDuelist:ResummonBranch","Bag of Marbles"],"acts_visited":["Exordium"],"potions_floor_usage":[6],"damage_taken":[{"damage":8,"enemies":"Small Slimes","floor":1,"turns":3},{"damage":2,"enemies":"Jaw Worm","floor":3,"turns":4},{"damage":2,"enemies":"2 Louse","floor":5,"turns":3},{"damage":14,"enemies":"3 Sentries","floor":6,"turns":5},{"damage":2,"enemies":"Exordium Thugs","floor":7,"turns":3},{"damage":1,"enemies":"Lagavulin","floor":8,"turns":1}],"seed_played":"9220242108931917696","potions_obtained":[{"floor":0,"key":"FairyPotion"},{"floor":0,"key":"theDuelist:StunPotion"},{"floor":0,"key":"Death Potion"},{"floor":6,"key":"AttackPotion"}],"is_trial":false,"path_per_floor":["M","?","M","?","M","E","M","E"],"character_chosen":"THE_DUELIST","items_purchased":[],"campfire_rested":0,"item_purchase_floors":[],"current_hp_per_floor":[72,66,64,64,62,48,46,45,45],"gold":231,"neow_bonus":"THREE_SMALL_POTIONS","is_daily":false,"chose_seed":false,"campfire_upgraded":0,"win_rate":0.0,"timestamp":1610002585,"path_taken":["M","?","M","?","M","E","M","E"],"items_purchased_type":[],"build_version":"2020-12-22","purchased_purges":0,"victory":false,"max_hp_per_floor":[80,80,80,80,80,80,80,80,80],"card_choices":[{"not_picked":["theDuelist:VendreadNightmare","theDuelist:SoulRelease","theDuelist:DecayedCommander","theDuelist:BookEclipse"],"picked":"theDuelist:OverpoweringEye","floor":1},{"not_picked":["theDuelist:VendreadCharge","theDuelist:VampireKingdom","theDuelist:VampireDomain","theDuelist:VisionFusion"],"picked":"theDuelist:AbsorbFusion","floor":3},{"not_picked":["theDuelist:Kasha","theDuelist:GhostrickMuseum","theDuelist:Tengu","theDuelist:FusionTag","theDuelist:VendreadRevolution"],"picked":"SKIP","floor":5},{"not_picked":["theDuelist:VendreadReunion","theDuelist:GhostrickScare","theDuelist:EndlessDecay","theDuelist:AntiFusionDevice","theDuelist:VampireKingdom"],"picked":"SKIP","floor":6},{"not_picked":["theDuelist:VampireVamp","theDuelist:ShadowVampire","theDuelist:GhostrickYeti","theDuelist:GhostrickStein","theDuelist:OboroGuruma"],"picked":"SKIP","floor":7}],"player_experience":516560,"relics_obtained":[{"floor":6,"key":"Bag of Marbles"}],"event_choices":[{"damage_healed":0,"gold_gain":0,"player_choice":"Dig - random Duelist relic","duelist":true,"damage_taken":0,"max_hp_gain":0,"max_hp_loss":0,"event_name":"Aknamkanon\u0027s Tomb","floor":2,"gold_loss":0},{"damage_healed":0,"gold_gain":0,"player_choice":"Took item - Received: Millennium Branch","duelist":true,"damage_taken":0,"max_hp_gain":0,"max_hp_loss":0,"event_name":"Millennium Items","floor":4,"gold_loss":0}],"is_beta":false,"boss_relics":[],"items_purged_floors":[],"is_endless":false,"potions_floor_spawned":[6,7],"killed_by":"Lagavulin","ascension_level":1}}