{"host":"ji1fk25fd1ga4ji1","time":1610037697,"event":{"mods":["2.2 Compatiblity","BaseMod","Colored Map","DeckTracker","Minty Spire (QoL Compilation)","Permanent Neow","Quick Restart","StSLib","SuperFastMode"],"gold_per_floor":[109,109,109,109,34,34,57,81,149,149,149,162,178,191,191,321,321,344,362,362,375,228,228,103,147,216,216,231,254,254,292,292,421,421,439,289,289,114,114,114,127,127,152,173,173,206,219,242,242,242],"floor_reached":51,"playtime":988,"items_purged":["Strike_R","Strike_R","Strike_R","Defend_R","True Grit"],"score":791,"play_id":"8db1a127-c0cc-40cf-912d-6d31dd666c81","local_time":"20210108014137","is_ascension_mode":true,"campfire_choices":[{"data":"Searing Blow+1","floor":6.0,"key":"SMITH"},{"data":"Searing Blow+2","floor":11.0,"key":"SMITH"},{"data":"Searing Blow+3","floor":15.0,"key":"SMITH"},{"data":"Searing Blow+4","floor":23.0,"key":"SMITH"},{"data":"Searing Blow+5","floor":27.0,"key":"SMITH"},{"data":"Armaments","floor":30.0,"key":"SMITH"},{"data":"Searing Blow+4","floor":32,"key":"SMITH"},{"data":"Searing Blow+5","floor":40,"key":"SMITH"},{"data":"Searing Blow+6","floor":42,"key":"SMITH"},{"floor":49,"key":"REST"}],"circlet_count":0,"master_deck":["Defend_R","Defend_R","Searing Blow+6","Armaments+1","Berserk","Armaments","Searing Blow+7","True Grit","Offering","Disarm+1","Iron Wave","Berserk"],"relics":["Black Blood","Golden Idol","Blue Candle","White Beast Statue","Singing Bowl","Empty Cage","Akabeko","Sundial"],"acts_visited":["Exordium","TheCity","TheBeyond"],"potions_floor_usage":[31,41,46,50,50],"damage_taken":[{"damage":0.0,"enemies":"Small Slimes","floor":1.0,"turns":3.0},{"damage":6.0,"enemies":"Jaw Worm","floor":7.0,"turns":3.0},{"damage":1.0,"enemies":"Cultist","floor":8.0,"turns":3.0},{"damage":5.0,"enemies":"Looter","floor":12.0,"turns":3.0},{"damage":11.0,"enemies":"Gremlin Gang","floor":13.0,"turns":4.0},{"damage":11.0,"enemies":"Lots of Slimes","floor":14.0,"turns":7.0},{"damage":41.0,"enemies":"Slime Boss","floor":16.0,"turns":9.0},{"damage":14.0,"enemies":"Shell Parasite","floor":18.0,"turns":7.0},{"damage":4.0,"enemies":"Chosen","floor":19.0,"turns":4.0},{"damage":14.0,"enemies":"Centurion and Healer","floor":21.0,"turns":4.0},{"damage":34.0,"enemies":"Gremlin Leader","floor":25.0,"turns":6.0},{"damage":21.0,"enemies":"Snake Plant","floor":28.0,"turns":5.0},{"damage":0.0,"enemies":"Shelled Parasite and Fungi","floor":29.0,"turns":2.0},{"damage":18,"enemies":"Slavers","floor":31,"turns":9},{"damage":43,"enemies":"Champ","floor":33,"turns":9},{"damage":6,"enemies":"3 Shapes","floor":35,"turns":4},{"damage":6,"enemies":"Orb Walker","floor":41,"turns":2},{"damage":25,"enemies":"Maw","floor":44,"turns":5},{"damage":24,"enemies":"Nemesis","floor":46,"turns":3},{"damage":14,"enemies":"3 Darklings","floor":47,"turns":5},{"damage":31,"enemies":"Spire Growth","floor":48,"turns":3},{"damage":61,"enemies":"Awakened One","floor":50,"turns":6}],"seed_played":"3973194316985965153","potions_obtained":[{"floor":7.0,"key":"SneckoOil"},{"floor":12.0,"key":"DuplicationPotion"},{"floor":19.0,"key":"SpeedPotion"},{"floor":21.0,"key":"Swift Potion"},{"floor":28.0,"key":"SneckoOil"},{"floor":29.0,"key":"AttackPotion"},{"floor":31,"key":"Strength Potion"},{"floor":35,"key":"Swift Potion"},{"floor":41,"key":"Fruit Juice"},{"floor":44,"key":"SkillPotion"},{"floor":46,"key":"BlessingOfTheForge"}],"is_trial":false,"path_per_floor":["M","?","?","$","$","R","M","M","T","?","R","M","M","M","R","B",null,"M","M","?","M","$","R","$","E","T","R","M","M","R","E","R","B",null,"M","$","?","$","?","R","M","R","T","M","?","E","M","M","R","B",null],"character_chosen":"IRONCLAD","items_purchased":["True Grit"],"campfire_rested":1,"item_purchase_floors":[22],"current_hp_per_floor":[80,80,60,60,60,60,60,65,65,65,65,66,61,56,56,21,80,78,80,80,78,78,78,78,56,56,56,47,59,59,53,53,24,82,84,84,84,84,86,86,91,91,91,80,80,68,68,51,80,31],"gold":242,"neow_bonus":"THREE_CARDS","is_daily":false,"chose_seed":false,"campfire_upgraded":9,"win_rate":0.0,"timestamp":1610037697,"path_taken":["M","?","?","?","$","R","M","?","T","?","R","M","?","M","R","BOSS","M","?","?","M","?","R","$","E","T","R","M","M","R","E","R","BOSS","M","$","?","$","?","R","M","R","T","M","?","E","M","?","R","BOSS"],"items_purchased_type":["Card"],"build_version":"2020-12-22","purchased_purges":5,"victory":true,"max_hp_per_floor":[80,80,80,80,80,80,80,80,80,80,80,80,80,80,80,80,80,80,80,80,80,80,80,80,80,80,80,80,80,80,80,80,82,82,84,84,84,84,86,86,91,91,91,93,93,93,95,97,97,97],"card_choices":[{"not_picked":["Warcry","Anger"],"picked":"Searing Blow","floor":0.0},{"not_picked":["Flex","Rampage","Sword Boomerang"],"picked":"SKIP","floor":1.0},{"not_picked":["Inflame","Bloodletting","Pummel"],"picked":"SKIP","floor":7.0},{"not_picked":["Seeing Red","Reckless Charge","Body Slam"],"picked":"SKIP","floor":8.0},{"not_picked":["Perfected Strike","Body Slam","Heavy Blade"],"picked":"SKIP","floor":12.0},{"not_picked":["Clothesline","Inflame","Warcry"],"picked":"SKIP","floor":13.0},{"not_picked":["Iron Wave","Second Wind"],"picked":"Armaments","floor":14.0},{"not_picked":["Demon Form","Fiend Fire"],"picked":"Berserk","floor":16.0},{"not_picked":["Shrug It Off","Twin Strike","Havoc"],"picked":"SKIP","floor":18.0},{"not_picked":["Burning Pact","Metallicize"],"picked":"Armaments","floor":19.0},{"not_picked":["Rupture","Heavy Blade+1","Anger"],"picked":"SKIP","floor":21.0},{"not_picked":["Anger+1","Corruption","Seeing Red"],"picked":"SKIP","floor":25.0},{"not_picked":["Anger","Havoc"],"picked":"True Grit","floor":28.0},{"not_picked":["Flex+1","Body Slam","Armaments"],"picked":"SKIP","floor":29.0},{"not_picked":["Flex+1","Body Slam","Armaments"],"picked":"SKIP","floor":29.0},{"not_picked":["Whirlwind","Twin Strike"],"picked":"Offering","floor":31},{"not_picked":["Exhume","Juggernaut","Reaper"],"picked":"Singing Bowl","floor":33},{"not_picked":["Wild Strike+1","Perfected Strike+1","Body Slam+1"],"picked":"Singing Bowl","floor":35},{"not_picked":["Dark Shackles","Magnetism","Chrysalis"],"picked":"Singing Bowl","floor":39},{"not_picked":["Warcry","Thunderclap"],"picked":"Disarm+1","floor":41},{"not_picked":["Power Through","Hemokinesis","Searing Blow+1"],"picked":"Singing Bowl","floor":44},{"not_picked":["Warcry+1","Entrench"],"picked":"Berserk","floor":46},{"not_picked":["Heavy Blade","Wild Strike+1","Sword Boomerang"],"picked":"Singing Bowl","floor":47},{"not_picked":["Clothesline+1","Anger","Hemokinesis"],"picked":"Singing Bowl","floor":48}],"player_experience":810928,"relics_obtained":[{"floor":9.0,"key":"Blue Candle"},{"floor":26.0,"key":"White Beast Statue"},{"floor":31,"key":"Singing Bowl"},{"floor":43,"key":"Akabeko"},{"floor":46,"key":"Sundial"}],"event_choices":[{"damage_healed":0.0,"max_hp_gain":0.0,"max_hp_loss":0.0,"gold_gain":0.0,"event_name":"Living Wall","player_choice":"Grow","floor":2.0,"gold_loss":0.0,"damage_taken":0.0,"cards_upgraded":["Searing Blow"]},{"damage_healed":0.0,"max_hp_gain":0.0,"max_hp_loss":0.0,"gold_gain":0.0,"event_name":"Golden Idol","player_choice":"Take Damage","floor":3.0,"gold_loss":0.0,"damage_taken":20.0,"relics_obtained":["Golden Idol"]},{"damage_healed":0.0,"max_hp_gain":0.0,"max_hp_loss":0.0,"gold_gain":0.0,"cards_transformed":["Strike_R"],"event_name":"Transmorgrifier","player_choice":"Transformed","floor":10.0,"gold_loss":0.0,"damage_taken":0.0,"cards_obtained":["Juggernaut"]},{"damage_healed":0.0,"max_hp_gain":0.0,"max_hp_loss":0.0,"gold_gain":0.0,"event_name":"Duplicator","player_choice":"Copied","floor":20.0,"gold_loss":0.0,"damage_taken":0.0,"cards_obtained":["Searing Blow"]},{"cards_removed":["Bash"],"damage_healed":0,"gold_gain":0,"player_choice":"Removed Attack","damage_taken":0,"max_hp_gain":0,"max_hp_loss":0,"event_name":"Falling","floor":37,"gold_loss":0},{"damage_healed":0,"gold_gain":0,"player_choice":"Memory 1","damage_taken":0,"max_hp_gain":0,"max_hp_loss":0,"event_name":"SensoryStone","floor":39,"gold_loss":0},{"damage_healed":0,"gold_gain":0,"cards_transformed":["Juggernaut"],"player_choice":"Transformed","damage_taken":0,"max_hp_gain":0,"max_hp_loss":0,"event_name":"Transmorgrifier","floor":45,"gold_loss":0,"cards_obtained":["Iron Wave"]}],"is_beta":false,"boss_relics":[{"not_picked":["Runic Dome","Pandora\u0027s Box"],"picked":"Black Blood"},{"not_picked":["Black Star","SlaversCollar"],"picked":"Empty Cage"}],"items_purged_floors":[5,22,24,36,38],"is_endless":false,"potions_floor_spawned":[7,12,19,21,28,29,31,33,35,41,44,46,47,48],"ascension_level":1}}