{"host":"hca6liskeo7s99fa","time":1610054652,"event":{"mods":["BaseMod","Downfall","Minty Spire (QoL Compilation)","Replay The Spire","StSLib"],"gold_per_floor":[117,134,150,150,170,170,183,183,207,207,242,257,267,126,126,126,126],"floor_reached":16,"playtime":1063,"items_purged":[],"score":120,"play_id":"2e3ad4a5-ae9c-4613-b7dd-bb2e81759d4c","local_time":"20210107162412","is_ascension_mode":true,"campfire_choices":[{"data":"Darkness","floor":6,"key":"SMITH"},{"data":"Darkness","floor":8,"key":"SMITH"},{"data":"Zap","floor":10,"key":"SMITH"},{"data":"FIFO Queue","floor":15,"key":"SMITH"}],"circlet_count":0,"master_deck":["Strike_B","Strike_B","Defend_B","Defend_B","Defend_B","Defend_B","Zap+1","Dualcast","Fission+1","ReplayTheSpireMod:System Scan","Gash","Redo","Darkness+1","Darkness+1","Tempest","Conserve Battery","Lockon","FIFO Queue+1"],"relics":["Cracked Core","Ancient Tea Set","Vajra"],"acts_visited":["Exordium"],"potions_floor_usage":[5,11,13],"damage_taken":[{"damage":1,"enemies":"Cultist","floor":1,"turns":4},{"damage":0,"enemies":"Jaw Worm","floor":2,"turns":3},{"damage":3,"enemies":"Small Slimes","floor":3,"turns":3},{"damage":11,"enemies":"Exordium Thugs","floor":5,"turns":4},{"damage":0,"enemies":"Exordium Wildlife","floor":7,"turns":3},{"damage":7,"enemies":"Lagavulin","floor":11,"turns":5},{"damage":6,"enemies":"Looter","floor":12,"turns":2},{"damage":9,"enemies":"Red Slaver","floor":13,"turns":3},{"damage":48,"enemies":"Fading Forest","floor":16,"turns":10}],"seed_played":"7478249110873009968","potions_obtained":[{"floor":3,"key":"Toxic Potion"},{"floor":5,"key":"Guardian:BlockOnCardUsePotion"},{"floor":7,"key":"FearPotion"},{"floor":11,"key":"Reflective Coating"}],"is_trial":false,"path_per_floor":["M","M","M","?","M","R","M","R","T","R","E","M","M","$","R","B"],"character_chosen":"DEFECT","items_purchased":["Lockon","FIFO Queue"],"campfire_rested":0,"item_purchase_floors":[14,14],"current_hp_per_floor":[53,53,50,50,39,39,39,39,39,39,32,26,17,17,17,0,0],"gold":126,"neow_bonus":"TRANSFORM_TWO_CARDS","is_daily":false,"chose_seed":false,"campfire_upgraded":4,"win_rate":0.0,"timestamp":1610054652,"path_taken":["M","?","M","?","?","R","M","R","T","R","E","?","M","$","R","BOSS"],"items_purchased_type":["Card","Card"],"build_version":"2020-12-22","purchased_purges":0,"victory":false,"max_hp_per_floor":[75,75,75,75,75,75,75,75,75,75,75,75,75,75,75,75,75],"card_choices":[{"not_picked":["Beam Cell","Cold Snap"],"picked":"Gash","floor":1},{"not_picked":["Leap","Beam Cell"],"picked":"Redo","floor":2},{"not_picked":["FTL","Leap"],"picked":"Darkness","floor":3},{"not_picked":["Leap","Steam"],"picked":"Darkness","floor":5},{"not_picked":["Stack","Hologram","Reinforced Body"],"picked":"SKIP","floor":7},{"not_picked":["Amplify","Steam"],"picked":"Tempest","floor":11},{"not_picked":["Force Field","Go for the Eyes","Genetic Algorithm"],"picked":"SKIP","floor":12},{"not_picked":["Leap","Compile Driver"],"picked":"Conserve Battery","floor":13}],"player_experience":243012,"relics_obtained":[{"floor":9,"key":"Ancient Tea Set"},{"floor":11,"key":"Vajra"}],"event_choices":[{"damage_healed":0,"gold_gain":0,"player_choice":"Forge","damage_taken":0,"max_hp_gain":0,"max_hp_loss":0,"event_name":"Accursed Blacksmith","floor":4,"gold_loss":0,"cards_upgraded":["Fission"]}],"is_beta":false,"boss_relics":[],"items_purged_floors":[],"is_endless":false,"potions_floor_spawned":[3,5,7,11],"killed_by":"Fading Forest","ascension_level":3}}