{"host":"kn32u0f2pym5bozc","time":1610018833,"event":{"mods":["2.2 Compatiblity","BaseMod","Better Third Choice","Minty Spire (QoL Compilation)","Permanent Neow","Relic Stats","StSLib","The Animator"],"gold_per_floor":[22,22,39,39,56,96,96,124,124,124,124,140,171,12,12,91,91,108,120,147,147,147],"floor_reached":21,"playtime":2339,"items_purged":["animator:Defend_HitsugiNoChaika"],"score":358,"play_id":"f0259b6f-7919-4e69-8266-1e10e39bbfa9","local_time":"20210107062713","is_ascension_mode":true,"campfire_choices":[{"floor":7.0,"key":"REST"},{"data":"animator:Mitsurugi","floor":11.0,"key":"SMITH"},{"floor":15.0,"key":"REST"}],"circlet_count":0,"master_deck":["AscendersBane","animator:Strike_HitsugiNoChaika","animator:Strike+1","animator:Strike","animator:Strike","animator:Defend","animator:Defend","animator:Defend","animator:AcuraAkari+1","animator:Gillette","animator:Archer","animator:RinTohsaka","animator:Kazuma","animator:Mitsurugi+1","animator:Souei","animator:PandorasActor","animator:Konayuki","animator:GuildGirl","animator:LizardPriest","animator:Shizu","animator:HiiragiShinya","animator:LizardPriest","animator:Sebas"],"relics":["animator:VividPicture","animator:TheMissingPiece","animator:PurgingStone","Dream Catcher","Bottled Lightning","White Beast Statue","Juzu Bracelet"],"acts_visited":["Exordium","TheCity"],"potions_floor_usage":[21],"damage_taken":[{"damage":2.0,"enemies":"Jaw Worm","floor":1.0,"turns":3.0},{"damage":0.0,"enemies":"2 Louse","floor":3.0,"turns":2.0},{"damage":7.0,"enemies":"Small Slimes","floor":5.0,"turns":3.0},{"damage":25.0,"enemies":"3 Sentries","floor":6.0,"turns":10.0},{"damage":20.0,"enemies":"Lagavulin","floor":8.0,"turns":5.0},{"damage":4.0,"enemies":"3 Louse","floor":12.0,"turns":5.0},{"damage":5.0,"enemies":"3 Sentries","floor":13.0,"turns":7.0},{"damage":34.0,"enemies":"The Guardian","floor":16.0,"turns":12.0},{"damage":0.0,"enemies":"Chosen","floor":18.0,"turns":4.0},{"damage":31.0,"enemies":"Spheric Guardian","floor":19.0,"turns":6.0},{"damage":27.0,"enemies":"3 Cultists","floor":20.0,"turns":7.0},{"damage":3,"enemies":"Shelled Parasite and Fungi","floor":21,"turns":2}],"seed_played":"-61068222702589726","potions_obtained":[{"floor":1.0,"key":"DuplicationPotion"},{"floor":3.0,"key":"Ancient Potion"},{"floor":8.0,"key":"FearPotion"},{"floor":12.0,"key":"Fire Potion"},{"floor":13.0,"key":"Energy Potion"},{"floor":16.0,"key":"SteroidPotion"},{"floor":20.0,"key":"SkillPotion"}],"is_trial":false,"path_per_floor":["M","?","M","?","M","E","R","E","T","?","R","M","E","$","R","B",null,"M","M","M","M"],"character_chosen":"THE_ANIMATOR","items_purchased":["animator:GuildGirl"],"campfire_rested":2,"item_purchase_floors":[14],"current_hp_per_floor":[64,64,65,43,36,11,33,13,13,37,37,33,28,28,50,16,60,60,29,2,0,0],"gold":147,"neow_bonus":"TWENTY_PERCENT_HP_BONUS","is_daily":false,"chose_seed":false,"campfire_upgraded":1,"win_rate":0.0,"timestamp":1610018833,"path_taken":["M","?","M","?","M","E","R","E","T","?","R","M","E","?","R","BOSS","M","M","M","M"],"items_purchased_type":["Card"],"build_version":"2020-12-22","purchased_purges":1,"victory":false,"max_hp_per_floor":[72,72,73,73,73,73,74,74,74,74,74,74,74,74,74,74,74,74,74,74,74,74],"relic_stats":{"Dream Catcher":2,"counters":[12,66],"Juzu Bracelet":0,"obtain_stats":[{"Dream Catcher":6,"animator:PurgingStone":0,"animator:TheMissingPiece":0,"animator:LivingPicture":0,"Juzu Bracelet":13,"Bottled Lightning":8,"animator:VividPicture":17,"White Beast Statue":9},{"Dream Catcher":4,"animator:PurgingStone":0,"animator:TheMissingPiece":0,"animator:LivingPicture":0,"Juzu Bracelet":7,"Bottled Lightning":5,"animator:VividPicture":8,"White Beast Statue":5},{"Dream Catcher":18,"animator:PurgingStone":0,"animator:TheMissingPiece":0,"animator:LivingPicture":0,"Juzu Bracelet":35,"Bottled Lightning":23,"animator:VividPicture":47,"White Beast Statue":23}]},"card_choices":[{"not_picked":["animator:NarberalGamma","animator:Layla"],"picked":"animator:Archer","floor":1.0},{"not_picked":["animator:Gillette","animator:Kuribayashi"],"picked":"animator:RinTohsaka","floor":3.0},{"not_picked":["animator:NarberalGamma","animator:Illya","animator:CrowleyEusford"],"picked":"SKIP","floor":5.0},{"not_picked":["animator:Megumin","animator:YunYun"],"picked":"animator:Kazuma","floor":6.0},{"not_picked":["animator:DolaSchwi","animator:FielNirvalen"],"picked":"animator:Mitsurugi","floor":7.0},{"not_picked":["animator:Mikaela","animator:TukaLunaMarceau"],"picked":"animator:Souei","floor":8.0},{"not_picked":["animator:KrulTepes","animator:CowGirl"],"picked":"animator:PandorasActor","floor":12.0},{"not_picked":["animator:Mikaela","animator:Hakurou"],"picked":"animator:Konayuki","floor":13.0},{"not_picked":["animator:ItamiYouji","animator:HighElfArcher"],"picked":"animator:LizardPriest","floor":15.0},{"not_picked":["animator:ChaikaTrabant","animator:Ainz"],"picked":"animator:Shizu","floor":16.0},{"not_picked":["animator:Shinoa","animator:Mikaela"],"picked":"animator:HiiragiShinya","floor":18.0},{"not_picked":["animator:Geryuganshoop","animator:FielNirvalen"],"picked":"animator:LizardPriest","floor":19.0},{"not_picked":["animator:Emonzaemon","animator:LizardPriest"],"picked":"animator:Sebas","floor":20.0}],"player_experience":801527,"relics_obtained":[{"floor":6.0,"key":"Dream Catcher"},{"floor":8.0,"key":"Bottled Lightning"},{"floor":9.0,"key":"White Beast Statue"},{"floor":13.0,"key":"Juzu Bracelet"}],"event_choices":[{"damage_healed":65.0,"max_hp_gain":0.0,"max_hp_loss":73.0,"gold_gain":0.0,"event_name":"betterThird:BetterShining","player_choice":"Upgrade","floor":4.0,"gold_loss":0.0,"damage_taken":22.0,"cards_upgraded":["animator:Strike","animator:AcuraAkari"]},{"damage_healed":24.0,"max_hp_gain":0.0,"max_hp_loss":0.0,"gold_gain":0.0,"event_name":"Big Fish","player_choice":"Banana","floor":10.0,"gold_loss":0.0,"damage_taken":0.0}],"is_beta":false,"boss_relics":[{"not_picked":["Fusion Hammer","Cursed Key"],"picked":"animator:VividPicture"}],"items_purged_floors":[14],"is_endless":false,"potions_floor_spawned":[1,3,8,12,13,16,18,19,20],"killed_by":"Shelled Parasite and Fungi","ascension_level":16}}