{"host":"n7mxhpjy89lltbhc","time":1610012990,"event":{"mods":["2.2 Compatiblity","Act Like it!","Bard","BaseMod","Better Match","Better Sensory Stone","Better Synergies","Better Vampires","BetterRewards","Colored Map","Colored Powertips","Downfall","Gensokyo","Hubris","Infinite Spire","Jedi Mod","Marisa????????","Minty Spire (QoL Compilation)","Permanent Neow","Rare Cards Sparkle","Relic Sorter","Relic Stats","Replay The Spire","Shop Mod","Small Relic Pack","Spicy Shops","StSLib","Strawberry Spire","The Blue Laboratory","The Marked","The Servant 0.9.4","Waifu the Spire","Wandering Minibosses"],"gold_per_floor":[116,116,6,6,116,141,155,155,155],"floor_reached":8,"playtime":349,"items_purged":["Strike_S"],"score":95,"play_id":"30d17a67-4df9-441d-94a6-7d5b7b791818","local_time":"25640107164950","is_ascension_mode":true,"campfire_choices":[],"circlet_count":0,"master_deck":["AscendersBane","Strike_S","Strike_S","Strike_S","Defend_S","Defend_S","Defend_S","Defend_S","KidneyShot","Exchange","ShatteredReality","Desolation","Contraction","Ricochet","Sabotage","Foresight","hubris:NaturalOne","Comet"],"relics":["Uniform","hubris:Icosahedron","Toy Ornithopter","BargainBundle","Broom"],"acts_visited":["Gensokyo:Gensokyo"],"potions_floor_usage":[8],"damage_taken":[{"damage":0,"enemies":"Gensokyo:2_Kodama","floor":1,"turns":3},{"damage":0,"enemies":"Gensokyo:Python","floor":5,"turns":4},{"damage":44,"enemies":"Gensokyo:Aya","floor":6,"turns":9},{"damage":4,"enemies":"Gensokyo:3_Fairies","floor":7,"turns":4},{"damage":38,"enemies":"Gensokyo:Mamizou","floor":8,"turns":11}],"seed_played":"1864450817326333361","potions_obtained":[{"floor":6,"key":"Swift Potion"}],"is_trial":false,"path_per_floor":["M","T","$","?","M","E","M","E"],"character_chosen":"THE_SERVANT","items_purchased":["BargainBundle","Contraction","Ricochet","Sabotage"],"campfire_rested":0,"item_purchase_floors":[3,3,3,3],"current_hp_per_floor":[54,54,54,54,54,10,6,0,0],"gold":155,"neow_bonus":"THREE_CARDS","is_daily":false,"chose_seed":false,"campfire_upgraded":0,"win_rate":0.0,"timestamp":1610012990,"path_taken":["M","?","?","?","M","E","M","E"],"items_purchased_type":["Relic","Card","Card","Card"],"build_version":"2020-12-22","purchased_purges":1,"victory":false,"max_hp_per_floor":[60,60,60,60,60,60,60,60,60],"relic_stats":{"counters":[5,31],"obtain_stats":[{"BargainBundle":3,"hubris:Icosahedron":4,"Uniform":0,"Broom":6,"Toy Ornithopter":2},{"BargainBundle":1,"hubris:Icosahedron":1,"Uniform":0,"Broom":3,"Toy Ornithopter":1},{"BargainBundle":3,"hubris:Icosahedron":3,"Uniform":0,"Broom":16,"Toy Ornithopter":3}],"Toy Ornithopter":5},"card_choices":[{"not_picked":["Collapse","Barrier"],"picked":"ShatteredReality","floor":0},{"not_picked":["Rewind","FastForward"],"picked":"Desolation","floor":1},{"not_picked":["Replace","Hightail","DoubleEdge"],"picked":"SKIP","floor":5},{"not_picked":["DoubleEdge","ShatteredReality"],"picked":"Foresight","floor":6},{"not_picked":["Desolation","ShatteredReality"],"picked":"Comet","floor":7}],"player_experience":1040680,"relics_obtained":[{"floor":2,"key":"Toy Ornithopter"},{"floor":6,"key":"Broom"}],"event_choices":[],"is_beta":false,"boss_relics":[],"items_purged_floors":[3],"is_endless":false,"potions_floor_spawned":[6],"killed_by":"Gensokyo:Mamizou","ascension_level":17}}