{"host":"yuoancq4cku3x8wq","time":1610025254,"event":{"mods":["AchievementEnabler","BaseMod","Minty Spire (QoL Compilation)","Quick Restart","StSLib","SuperFastMode"],"gold_per_floor":[118,118,136,136,61,93,13,13,13,26,37,53,84,102,102,176,176,189,204,204,204],"floor_reached":20,"playtime":544,"items_purged":["Strike_R"],"score":422,"play_id":"e6c4f947-9c03-4797-bef2-9e5fa1eadedc","local_time":"20210107211414","is_ascension_mode":true,"campfire_choices":[{"data":"Whirlwind","floor":8.0,"key":"SMITH"},{"data":"Armaments","floor":15.0,"key":"SMITH"}],"circlet_count":0,"master_deck":["AscendersBane","Strike_R","Strike_R","Strike_R","Strike_R","Defend_R","Defend_R","Defend_R","Defend_R","Bash","Whirlwind+1","Hemokinesis","Burning Pact","Armaments+1","Battle Trance","Shrug It Off","Pommel Strike","Offering"],"relics":["Burning Blood","NeowsBlessing","Anchor","Bronze Scales","Lantern","Orichalcum","Runic Cube"],"acts_visited":["Exordium","TheCity"],"potions_floor_usage":[20,20],"damage_taken":[{"damage":0.0,"enemies":"Small Slimes","floor":1.0,"turns":1.0},{"damage":0.0,"enemies":"2 Louse","floor":3.0,"turns":1.0},{"damage":0.0,"enemies":"Gremlin Nob","floor":6.0,"turns":1.0},{"damage":2.0,"enemies":"Jaw Worm","floor":10.0,"turns":3.0},{"damage":3.0,"enemies":"Exordium Thugs","floor":11.0,"turns":2.0},{"damage":5.0,"enemies":"Gremlin Gang","floor":12.0,"turns":2.0},{"damage":36.0,"enemies":"Lagavulin","floor":13.0,"turns":7.0},{"damage":0.0,"enemies":"Blue Slaver","floor":14.0,"turns":3.0},{"damage":51.0,"enemies":"Hexaghost","floor":16.0,"turns":9.0},{"damage":21.0,"enemies":"Shell Parasite","floor":18.0,"turns":3.0},{"damage":11.0,"enemies":"2 Thieves","floor":19.0,"turns":2.0},{"damage":37,"enemies":"Shelled Parasite and Fungi","floor":20,"turns":4}],"seed_played":"-1574910825615535669","potions_obtained":[{"floor":6.0,"key":"BloodPotion"},{"floor":10.0,"key":"BloodPotion"},{"floor":12.0,"key":"HeartOfIron"},{"floor":13.0,"key":"Swift Potion"},{"floor":16.0,"key":"GamblersBrew"},{"floor":19.0,"key":"Ancient Potion"}],"is_trial":false,"path_per_floor":["M","?","M","?","$","E","$","R","T","M","M","M","E","M","R","B",null,"M","M","M"],"character_chosen":"IRONCLAD","items_purchased":["Burning Pact"],"campfire_rested":0,"item_purchase_floors":[7],"current_hp_per_floor":[74,69,75,80,80,80,80,80,80,80,80,80,50,56,56,11,63,48,43,22,22],"gold":204,"neow_bonus":"THREE_ENEMY_KILL","is_daily":false,"chose_seed":false,"campfire_upgraded":2,"win_rate":0.0,"timestamp":1610025254,"path_taken":["M","?","M","?","?","E","$","R","T","M","?","M","E","M","R","BOSS","M","M","?"],"items_purchased_type":["Card"],"build_version":"2020-12-22","purchased_purges":1,"victory":false,"max_hp_per_floor":[75,75,75,80,80,80,80,80,80,80,80,80,80,80,80,80,80,80,80,80,80],"card_choices":[{"not_picked":["Anger","Flex"],"picked":"Whirlwind","floor":1.0},{"not_picked":["Headbutt","Clothesline"],"picked":"Hemokinesis","floor":3.0},{"not_picked":["Thunderclap","Heavy Blade","Clash"],"picked":"SKIP","floor":6.0},{"not_picked":["Havoc","Blood for Blood","Infernal Blade"],"picked":"SKIP","floor":10.0},{"not_picked":["Thunderclap","Whirlwind"],"picked":"Armaments","floor":11.0},{"not_picked":["Dark Embrace","Double Tap"],"picked":"Battle Trance","floor":12.0},{"not_picked":["Dual Wield","Reckless Charge"],"picked":"Shrug It Off","floor":13.0},{"not_picked":["Reckless Charge","Flex"],"picked":"Pommel Strike","floor":14.0},{"not_picked":["Brutality","Impervious"],"picked":"Offering","floor":16.0},{"not_picked":["Armaments","Cleave","Hemokinesis"],"picked":"SKIP","floor":18.0},{"not_picked":["Sever Soul","Pommel Strike","Metallicize"],"picked":"SKIP","floor":19.0}],"player_experience":246504,"relics_obtained":[{"floor":6.0,"key":"Bronze Scales"},{"floor":9.0,"key":"Lantern"},{"floor":13.0,"key":"Orichalcum"}],"event_choices":[{"damage_healed":0.0,"max_hp_gain":0.0,"max_hp_loss":0.0,"gold_gain":0.0,"event_name":"Scrap Ooze","player_choice":"Success","floor":2.0,"gold_loss":0.0,"damage_taken":5.0,"relics_obtained":["Anchor"]},{"damage_healed":0.0,"max_hp_gain":5.0,"max_hp_loss":0.0,"gold_gain":0.0,"event_name":"Big Fish","player_choice":"Donut","floor":4.0,"gold_loss":0.0,"damage_taken":0.0}],"is_beta":false,"boss_relics":[{"not_picked":["Tiny House","Black Blood"],"picked":"Runic Cube"}],"items_purged_floors":[5],"is_endless":false,"potions_floor_spawned":[6,10,12,13,16,19],"killed_by":"Shelled Parasite and Fungi","ascension_level":20}}