{"host":"tjicewryrzew529r","time":1610028274,"event":{"mods":["AchievementEnabler","BaseMod","Block Reminder","Colored Map","Googly Eyes","Highlight Path","Minty Spire (QoL Compilation)","StSLib","The Servant 0.9.4"],"gold_per_floor":[117,117,127,17,35,68,68,95,143,172,172,72,88,108,108,208,208,224,236,8,27,27,27,44,44,44,44,77,77,90,12,12,112,162,174,185,199,215,19,19,51,69,69,102,102,116,141,160,160,160,160,160,14,49,49],"floor_reached":56,"playtime":5022,"items_purged":["Strike_S","Strike_S","Strike_S"],"score":1430,"play_id":"f967dbdd-2e75-4b14-add8-e42262c55436","local_time":"20210107220434","is_ascension_mode":true,"campfire_choices":[{"data":"SurpressingFire","floor":7,"key":"SMITH"},{"data":"BestPractice","floor":11,"key":"SMITH"},{"data":"SilverBlades","floor":15,"key":"SMITH"},{"data":"FloweringNight","floor":23,"key":"SMITH"},{"data":"PendulumOfEternity","floor":25,"key":"SMITH"},{"data":"DancingSilver","floor":27,"key":"SMITH"},{"floor":29,"key":"REST"},{"data":"FlawlessForm","floor":32,"key":"SMITH"},{"floor":40,"key":"REST"},{"floor":45,"key":"REST"},{"floor":49,"key":"RECALL"},{"data":"SoulSculpture","floor":52,"key":"SMITH"}],"circlet_count":0,"master_deck":["Strike_S+1","Defend_S","Defend_S+1","Defend_S","Defend_S","KidneyShot","Exchange","SpecialFormula","Moonlight","SurpressingFire+1","BestPractice+1","Moondial+1","InstantArmor","Rearm","SilverBlades+1","Gouge","FloweringNight+1","Ricochet","Moondial+1","SilverBlades","PendulumOfEternity+1","DancingSilver+1","FlawlessForm+1","Manipulate","SoulSculpture+1","Spin","Barrier+1","Replace+1","SpecialFormula+1","Hightail+1","InstantArmor","Comet+1","ForgedInTime","Sabotage+1","Sabotage","BottledTime+1","Reset"],"relics":["Uniform","Question Card","Nunchaku","Toy Ornithopter","Boot","Ginger","Sozu","Pan","Matryoshka","Anchor","Tiny House","Kunai","War Paint","Akabeko","Dead Branch","Sling","Bottled Flame"],"acts_visited":["Exordium","TheCity","TheBeyond","TheEnding"],"potions_floor_usage":[6,16,16,16,16],"damage_taken":[{"damage":7,"enemies":"Small Slimes","floor":1,"turns":4},{"damage":2,"enemies":"Jaw Worm","floor":3,"turns":6},{"damage":0,"enemies":"Cultist","floor":5,"turns":4},{"damage":32,"enemies":"Gremlin Nob","floor":6,"turns":5},{"damage":0,"enemies":"Lagavulin","floor":8,"turns":7},{"damage":6,"enemies":"3 Sentries","floor":10,"turns":14},{"damage":12,"enemies":"Exordium Thugs","floor":13,"turns":3},{"damage":0,"enemies":"Lots of Slimes","floor":14,"turns":2},{"damage":2,"enemies":"Slime Boss","floor":16,"turns":8},{"damage":3,"enemies":"Spheric Guardian","floor":18,"turns":4},{"damage":1,"enemies":"Chosen","floor":19,"turns":3},{"damage":23,"enemies":"Snake Plant","floor":21,"turns":3},{"damage":0,"enemies":"3 Cultists","floor":24,"turns":3},{"damage":32,"enemies":"Gremlin Leader","floor":28,"turns":5},{"damage":0,"enemies":"Cultist and Chosen","floor":30,"turns":6},{"damage":30,"enemies":"Collector","floor":33,"turns":7},{"damage":0,"enemies":"Orb Walker","floor":35,"turns":3},{"damage":0,"enemies":"3 Darklings","floor":36,"turns":4},{"damage":23,"enemies":"Writhing Mass","floor":37,"turns":4},{"damage":41,"enemies":"Jaw Worm Horde","floor":38,"turns":6},{"damage":26,"enemies":"Nemesis","floor":41,"turns":5},{"damage":39,"enemies":"Spire Growth","floor":42,"turns":7},{"damage":27,"enemies":"Reptomancer","floor":44,"turns":5},{"damage":7,"enemies":"Maw","floor":46,"turns":7},{"damage":0,"enemies":"Giant Head","floor":47,"turns":5},{"damage":0,"enemies":"Transient","floor":48,"turns":5},{"damage":18,"enemies":"Awakened One","floor":50,"turns":9},{"damage":5,"enemies":"Shield and Spear","floor":54,"turns":8},{"damage":12,"enemies":"The Heart","floor":55,"turns":9}],"seed_played":"-4690799841457143502","potions_obtained":[{"floor":1,"key":"FairyPotion"},{"floor":3,"key":"DuplicationPotion"},{"floor":10,"key":"PowerPotion"},{"floor":14,"key":"EntropicBrew"}],"is_trial":false,"path_per_floor":["M","?","M","$","M","E","R","E","T","E","R","$","M","M","R","B",null,"M","M","$","M","?","R","M","R","T","R","E","R","M","$","R","B",null,"M","M","M","M","$","R","E","M","T","E","R","M","E","M","R","B",null,"R","$","E","B",null],"character_chosen":"THE_SERVANT","items_purchased":["SurpressingFire","Pan","SilverBlades","Manipulate","InstantArmor","Sling"],"campfire_rested":3,"item_purchase_floors":[4,20,20,31,39,53],"current_hp_per_floor":[64,61,64,64,69,37,37,37,37,39,39,39,27,27,27,50,71,68,71,71,48,41,41,46,46,46,46,19,40,45,45,45,20,76,76,76,53,25,25,47,34,22,22,8,30,36,49,62,62,57,76,76,76,71,64],"gold":49,"neow_bonus":"TEN_PERCENT_HP_BONUS","is_daily":false,"chose_seed":false,"campfire_upgraded":8,"win_rate":0.0,"timestamp":1610028274,"path_taken":["M","?","M","?","M","E","R","E","T","E","R","$","M","M","R","BOSS","M","M","$","?","?","R","M","R","T","R","E","R","M","?","R","BOSS","M","M","M","M","?","R","E","M","T","E","R","?","E","M","R","BOSS","R","$","E","BOSS"],"items_purchased_type":["Card","Relic","Card","Card","Card","Relic"],"build_version":"2020-12-22","purchased_purges":3,"victory":true,"max_hp_per_floor":[71,71,71,71,71,71,71,71,71,71,71,71,71,71,71,71,71,71,71,71,71,71,71,71,71,71,71,71,71,71,71,71,71,76,76,76,76,76,76,76,76,76,76,76,76,76,76,76,76,76,76,76,76,76,76],"card_choices":[{"not_picked":["StarChef","BottledTime"],"picked":"SpecialFormula","floor":1},{"not_picked":["FastForward","Ricochet","Potential"],"picked":"Moonlight","floor":3},{"not_picked":["KillingDoll","SurpressingFire","GearUp"],"picked":"BestPractice","floor":5},{"not_picked":["Potential","Desolation","Reset"],"picked":"Moondial","floor":6},{"not_picked":["Manipulate","Rearm","Spin"],"picked":"InstantArmor","floor":8},{"not_picked":["Alleviate","Starlight","BottledTime"],"picked":"Rearm","floor":10},{"not_picked":["Moonlight","Manipulate","Moondial"],"picked":"SilverBlades","floor":13},{"not_picked":["BottledTime","Replace","Alleviate"],"picked":"Gouge","floor":14},{"not_picked":["Dilation","ForgedInTime","TheWorld"],"picked":"FloweringNight","floor":16},{"not_picked":["Potential","Rearm","Revamp"],"picked":"Ricochet","floor":18},{"not_picked":["DoubleEdge","FastForward+1","Alleviate"],"picked":"Moondial+1","floor":19},{"not_picked":["BestPractice","Rearm","Defy"],"picked":"PendulumOfEternity","floor":21},{"not_picked":["Revamp","ReturningBlade","Collapse"],"picked":"DancingSilver","floor":24},{"not_picked":["Rearm","Spin+1","BottledTime"],"picked":"FlawlessForm","floor":28},{"not_picked":["TimeTheft","Shuttle","Unruled","BestPractice"],"picked":"SKIP","floor":30},{"not_picked":["PendulumOfEternity","Deny","Solidify"],"picked":"SoulSculpture","floor":33},{"not_picked":["ShatteredReality","Rearm+1","Revamp"],"picked":"Spin","floor":34},{"not_picked":["Deadline+1","Potential","Shuttle"],"picked":"Barrier+1","floor":35},{"not_picked":["Ricochet+1","Snipe+1","BottledTime"],"picked":"Replace+1","floor":36},{"not_picked":["Potential+1","BottledTime","MoonPhase+1"],"picked":"SpecialFormula+1","floor":37},{"not_picked":["SilverBlades","Deadline+1","Manipulate+1"],"picked":"Hightail+1","floor":38},{"not_picked":["ReturningBlade+1","FastForward","InstantArmor"],"picked":"Comet+1","floor":41},{"not_picked":["Revamp+1","DoubleEdge+1","RealityMarble"],"picked":"ForgedInTime","floor":42},{"not_picked":["Moondial","DancingSilver+1","Unruled+1"],"picked":"Sabotage+1","floor":44},{"not_picked":["Potential","Moondial+1","Defy+1"],"picked":"Sabotage","floor":46},{"not_picked":["Orbit","SoulSculpture","Replace+1"],"picked":"BottledTime+1","floor":47},{"not_picked":["Ricochet","TimeWarp+1","Defy","Alleviate+1"],"picked":"SKIP","floor":48},{"not_picked":["Spin+1","Alleviate","FastForward"],"picked":"Reset","floor":54}],"player_experience":401914,"relics_obtained":[{"floor":6,"key":"Nunchaku"},{"floor":8,"key":"Toy Ornithopter"},{"floor":9,"key":"Boot"},{"floor":10,"key":"Ginger"},{"floor":26,"key":"Matryoshka"},{"floor":28,"key":"Anchor"},{"floor":41,"key":"Kunai"},{"floor":43,"key":"War Paint"},{"floor":44,"key":"Akabeko"},{"floor":47,"key":"Dead Branch"},{"floor":54,"key":"Bottled Flame"}],"event_choices":[{"damage_healed":0,"gold_gain":0,"player_choice":"Success","damage_taken":3,"relics_obtained":["Question Card"],"max_hp_gain":0,"max_hp_loss":0,"event_name":"Scrap Ooze","floor":2,"gold_loss":0},{"damage_healed":0,"gold_gain":0,"player_choice":"Damaged","damage_taken":7,"max_hp_gain":0,"max_hp_loss":0,"event_name":"Wheel of Change","floor":22,"gold_loss":0}],"is_beta":false,"boss_relics":[{"not_picked":["Fusion Hammer","Runic Dome"],"picked":"Sozu"},{"not_picked":["Snecko Eye","Velvet Choker"],"picked":"Tiny House"}],"items_purged_floors":[4,12,39],"is_endless":false,"potions_floor_spawned":[1,3,10,14,18,19,30,37,46,47,54],"ascension_level":3}}