{"host":"d9m9v0h6vo0edadb","time":1610016416,"event":{"mods":["BaseMod","Hermit","Keyboard Shortcuts","Minty Spire (QoL Compilation)","StSLib","SuperFastMode","The Cursed"],"gold_per_floor":[109,34,34,34,109,137,137,165,165,185,185,205,205,217,217,290,290,305,324,324,142,152,193,193,212,292,292,311,311,311,346,346,346,346],"floor_reached":33,"playtime":594,"items_purged":["Strike_B","Strike_B"],"score":686,"play_id":"daab9820-c591-4bb2-a76a-89d058a1232a","local_time":"20210107194656","is_ascension_mode":true,"campfire_choices":[{"data":"Zap","floor":7,"key":"SMITH"},{"data":"Go for the Eyes","floor":13,"key":"SMITH"},{"data":"FTL","floor":15,"key":"SMITH"},{"floor":24,"key":"REST"},{"floor":27,"key":"DIG"},{"floor":29,"key":"DIG"},{"floor":32,"key":"DIG"}],"circlet_count":0,"master_deck":["AscendersBane","Defend_B+1","Defend_B+1","Defend_B+1","Zap+1","Dualcast+1","Go for the Eyes+1","Sweeping Beam","Cold Snap","Self Repair","Gash","FTL+1","Reboot","Hologram+1","Undo+1","Leap+1","Loop","Coolheaded","Capacitor","Ball Lightning","Go for the Eyes+1"],"relics":["Cracked Core","NeowsBlessing","Mercury Hourglass","Smiling Mask","Shovel","Astrolabe","CeramicFish","The Courier","PreservedInsect","Letter Opener","Bird Faced Urn"],"acts_visited":["Exordium","TheCity"],"potions_floor_usage":[16,23,23,31],"damage_taken":[{"damage":0.0,"enemies":"Jaw Worm","floor":1.0,"turns":1.0},{"damage":0,"enemies":"Gremlin Nob","floor":6,"turns":1},{"damage":0,"enemies":"Lagavulin","floor":8,"turns":1},{"damage":3,"enemies":"2 Louse","floor":10,"turns":2},{"damage":0,"enemies":"Small Slimes","floor":12,"turns":2},{"damage":4,"enemies":"Exordium Wildlife","floor":14,"turns":3},{"damage":23,"enemies":"The Guardian","floor":16,"turns":11},{"damage":11,"enemies":"Spheric Guardian","floor":18,"turns":4},{"damage":0,"enemies":"3 Byrds","floor":19,"turns":4},{"damage":8,"enemies":"Snecko","floor":22,"turns":7},{"damage":28,"enemies":"Slavers","floor":23,"turns":7},{"damage":11,"enemies":"Centurion and Healer","floor":25,"turns":12},{"damage":24,"enemies":"Snake Plant","floor":28,"turns":6},{"damage":12,"enemies":"Book of Stabbing","floor":31,"turns":5},{"damage":36,"enemies":"Champ","floor":33,"turns":15}],"seed_played":"2394482702273803748","potions_obtained":[{"floor":12,"key":"Swift Potion"},{"floor":14,"key":"Block Potion"},{"floor":16,"key":"EssenceOfSteel"},{"floor":25,"key":"ColorlessPotion"},{"floor":31,"key":"FearPotion"}],"is_trial":false,"path_per_floor":["M","$","?","?","?","E","R","E","T","M","?","M","R","M","R","B",null,"M","M","?","$","M","E","R","M","T","R","M","R","?","E","R","B"],"character_chosen":"DEFECT","items_purchased":["Capacitor","Ball Lightning"],"campfire_rested":1,"item_purchase_floors":[21,21],"current_hp_per_floor":[64,64,64,69,58,58,58,58,58,55,32,32,32,35,35,19,62,58,58,58,58,50,29,51,47,47,47,30,30,30,25,25,0,0],"gold":346,"neow_bonus":"THREE_ENEMY_KILL","is_daily":false,"chose_seed":false,"campfire_upgraded":3,"win_rate":0.0,"timestamp":1610016416,"path_taken":["M","$","?","?","?","E","R","E","T","M","?","M","R","M","R","BOSS","M","M","?","$","M","E","R","M","T","R","M","R","?","E","R","BOSS"],"items_purchased_type":["Card","Card"],"build_version":"2020-12-22","purchased_purges":2,"victory":false,"max_hp_per_floor":[71,71,71,76,76,76,76,76,76,76,76,76,76,76,76,76,76,76,76,76,76,76,76,76,76,76,76,76,76,76,76,76,76,76],"card_choices":[{"not_picked":["Barrage","Hologram"],"picked":"Go for the Eyes","floor":1.0},{"not_picked":["Consume","Hologram"],"picked":"Sweeping Beam","floor":6},{"not_picked":["Fission","Reinforced Body"],"picked":"Cold Snap","floor":8},{"not_picked":["Hologram","Conserve Battery"],"picked":"Self Repair","floor":10},{"not_picked":["Auto Shields","Sweeping Beam"],"picked":"Gash","floor":12},{"not_picked":["Sunder","Rebound"],"picked":"FTL","floor":14},{"not_picked":["Creative AI","Thunder Strike"],"picked":"Reboot","floor":16},{"not_picked":["Barrage","Steam"],"picked":"Loop","floor":18},{"not_picked":["Auto Shields","Barrage+1"],"picked":"Coolheaded","floor":19},{"not_picked":["Leap","Fission","Conserve Battery"],"picked":"SKIP","floor":22},{"not_picked":["Scrape","Ball Lightning"],"picked":"Go for the Eyes+1","floor":23},{"not_picked":["Redo+1","Coolheaded","Streamline"],"picked":"SKIP","floor":25},{"not_picked":["Redo+1","Auto Shields","Compile Driver"],"picked":"SKIP","floor":28},{"not_picked":["Double Energy","Conserve Battery+1","Streamline"],"picked":"SKIP","floor":31}],"player_experience":955030,"relics_obtained":[{"floor":6,"key":"Mercury Hourglass"},{"floor":8,"key":"Smiling Mask"},{"floor":9,"key":"Shovel"},{"floor":23,"key":"CeramicFish"},{"floor":26,"key":"The Courier"},{"floor":27,"key":"PreservedInsect"},{"floor":31,"key":"Letter Opener"},{"floor":32,"key":"Bird Faced Urn"}],"event_choices":[{"damage_healed":0,"gold_gain":0,"player_choice":"Fled","damage_taken":0,"max_hp_gain":0,"max_hp_loss":0,"event_name":"Scrap Ooze","floor":3,"gold_loss":0},{"damage_healed":0,"gold_gain":0,"player_choice":"Donut","damage_taken":0,"max_hp_gain":5,"max_hp_loss":0,"event_name":"Big Fish","floor":4,"gold_loss":0},{"damage_healed":0,"gold_gain":75,"player_choice":"Gather Gold","damage_taken":11,"max_hp_gain":0,"max_hp_loss":0,"event_name":"World of Goop","floor":5,"gold_loss":0},{"damage_healed":0,"gold_gain":0,"player_choice":"Entered Light","damage_taken":23,"max_hp_gain":0,"max_hp_loss":0,"event_name":"Shining Light","floor":11,"gold_loss":0,"cards_upgraded":["Dualcast","Defend_B"]},{"damage_healed":0,"gold_gain":0,"player_choice":"Ignored","damage_taken":0,"max_hp_gain":0,"max_hp_loss":0,"event_name":"The Mausoleum","floor":20,"gold_loss":0},{"damage_healed":0,"gold_gain":0,"player_choice":"Simplicity","damage_taken":0,"max_hp_gain":0,"max_hp_loss":0,"event_name":"Back to Basics","floor":30,"gold_loss":0,"cards_upgraded":["Defend_B","Defend_B"]}],"is_beta":false,"boss_relics":[{"not_picked":["Nuclear Battery","Coffee Dripper"],"picked":"Astrolabe"}],"items_purged_floors":[2,21],"is_endless":false,"potions_floor_spawned":[12,14,16,22,25,31],"killed_by":"Champ","ascension_level":20}}