{"host":"tjicewryrzew529r","time":1610040240,"event":{"mods":["AchievementEnabler","BaseMod","Block Reminder","Colored Map","Highlight Path","Minty Spire (QoL Compilation)","Remilia??????","StSLib"],"gold_per_floor":[109,125,143,143,63,90,90,121,121,147,147,167,197,197,197,321,321,336,336,336,351,54,54,92,92,168,4,18,51,51,72,72,201,201,226,240,140,140,156,197,197,236,261,279,297,172,172,188,188,188,188,188,42,81,81],"floor_reached":56,"playtime":4761,"items_purged":["Strike_RM","Defend_RM","Defend_RM"],"score":1337,"play_id":"602747b0-73a6-43e6-a1b9-7bd9ff8ecdeb","local_time":"20210108012400","is_ascension_mode":true,"campfire_choices":[{"data":"BloodySeventeenLaser","floor":7.0,"key":"SMITH"},{"data":"HeartBreak","floor":11.0,"key":"SMITH"},{"data":"HunterOfTheNight","floor":15.0,"key":"SMITH"},{"data":"ScarletDream","floor":23.0,"key":"SMITH"},{"data":"EmergencyRegeneration","floor":25.0,"key":"SMITH"},{"data":"ScarletCoffin","floor":30.0,"key":"SMITH"},{"floor":32.0,"key":"REST"},{"data":"KillingBlow","floor":41.0,"key":"SMITH"},{"data":"QueenOfMidnight","floor":47.0,"key":"SMITH"},{"floor":49.0,"key":"RECALL"},{"data":"BatForm","floor":52.0,"key":"SMITH"}],"circlet_count":0,"master_deck":["Defend_RM","Defend_RM+1","RedMoon","ScarletShoot","DiffusionOfMisfortune","HunterOfTheNight+1","VampireKiss","BloodySeventeenLaser+1","HeartBreak+1","UltimateOffering","StarOfDavid","BatForm+1","RitualDagger","ScarletDream+1","EmergencyRegeneration+1","LeisurelyOfLord","ReincarnationDial","ScarletCoffin+1","BloodAndWine+1","QueenOfMidnight+1","BombardNight+1","KillingBlow+1","BloodAndWine+1","BloodyMagicSquare+1","VampireFantasy+1","RedNightlessCastle+1","RedMagic+1"],"relics":["ScarletHat","Question Card","Darkstone Periapt","Meat on the Bone","Singing Bowl","Vajra","Golden Idol","Empty Cage","Happy Flower","Bag of Marbles","Letter Opener","Ancient Tea Set","Coffee Dripper","Prayer Wheel","Torii","Sling","War Paint"],"acts_visited":["Exordium","TheCity","TheBeyond","TheEnding"],"potions_floor_usage":[55,55],"damage_taken":[{"damage":0.0,"enemies":"2 Louse","floor":1.0,"turns":4.0},{"damage":0.0,"enemies":"Small Slimes","floor":2.0,"turns":3.0},{"damage":0.0,"enemies":"Jaw Worm","floor":3.0,"turns":5.0},{"damage":22.0,"enemies":"Lagavulin","floor":6.0,"turns":9.0},{"damage":0.0,"enemies":"Gremlin Nob","floor":8.0,"turns":2.0},{"damage":25.0,"enemies":"Lagavulin","floor":10.0,"turns":3.0},{"damage":0.0,"enemies":"2 Fungi Beasts","floor":12.0,"turns":4.0},{"damage":24.0,"enemies":"Slime Boss","floor":16.0,"turns":11.0},{"damage":12.0,"enemies":"2 Thieves","floor":18.0,"turns":4.0},{"damage":2.0,"enemies":"Shell Parasite","floor":21.0,"turns":8.0},{"damage":121.0,"enemies":"Gremlin Leader","floor":24.0,"turns":4.0},{"damage":2.0,"enemies":"Centurion and Healer","floor":28.0,"turns":4.0},{"damage":105.0,"enemies":"Slavers","floor":29.0,"turns":4.0},{"damage":87.0,"enemies":"Snake Plant","floor":31.0,"turns":3.0},{"damage":53.0,"enemies":"Automaton","floor":33.0,"turns":9.0},{"damage":47.0,"enemies":"3 Darklings","floor":35.0,"turns":4.0},{"damage":0.0,"enemies":"Orb Walker","floor":36.0,"turns":1.0},{"damage":2.0,"enemies":"Sphere and 2 Shapes","floor":39.0,"turns":3.0},{"damage":96.0,"enemies":"Nemesis","floor":40.0,"turns":7.0},{"damage":25.0,"enemies":"Reptomancer","floor":42.0,"turns":3.0},{"damage":80.0,"enemies":"Transient","floor":44.0,"turns":5.0},{"damage":128.0,"enemies":"Spire Growth","floor":45.0,"turns":2.0},{"damage":51.0,"enemies":"Writhing Mass","floor":48.0,"turns":3.0},{"damage":54.0,"enemies":"Time Eater","floor":50.0,"turns":4.0},{"damage":55.0,"enemies":"Shield and Spear","floor":54.0,"turns":2.0},{"damage":167,"enemies":"The Heart","floor":55,"turns":6}],"seed_played":"5396106600165745160","potions_obtained":[{"floor":6.0,"key":"LiquidMemories"},{"floor":10.0,"key":"Fruit Juice"},{"floor":12.0,"key":"Dexterity Potion"},{"floor":18.0,"key":"Ancient Potion"},{"floor":28.0,"key":"SkillPotion"},{"floor":31.0,"key":"SpeedPotion"},{"floor":39.0,"key":"DuplicationPotion"}],"is_trial":false,"path_per_floor":["M","M","M","?","$","E","R","E","T","E","R","M","?","?","R","B",null,"M","?","?","M","$","R","E","R","T","$","M","E","R","M","R","B",null,"M","M","$","?","M","E","R","E","T","M","M","$","R","M","R","B",null,"R","$","E","B",null],"character_chosen":"REMILIA","items_purchased":["BloodySeventeenLaser","EmergencyRegeneration","Happy Flower","LeisurelyOfLord","Good Instincts","Sling"],"campfire_rested":1,"item_purchase_floors":[5,22,22,27,27,53],"current_hp_per_floor":[82,82,82,82,82,60,60,63,63,49,49,51,51,29,29,24,89,79,79,73,73,73,73,6,6,6,6,20,4,4,19,46,51,93,95,95,95,95,95,97,97,97,97,97,101,101,101,103,103,103,103,103,103,105,105],"gold":81,"neow_bonus":"TEN_PERCENT_HP_BONUS","is_daily":false,"chose_seed":false,"campfire_upgraded":9,"win_rate":0.0,"timestamp":1610040240,"path_taken":["M","M","M","?","$","E","R","E","T","E","R","M","?","?","R","BOSS","M","?","?","M","$","R","E","R","T","?","M","E","R","M","R","BOSS","M","M","$","?","M","E","R","E","T","M","M","$","R","M","R","BOSS","R","$","E","BOSS"],"items_purchased_type":["Card","Card","Relic","Card","Card","Relic"],"build_version":"2020-12-22","purchased_purges":3,"victory":true,"max_hp_per_floor":[82,82,82,82,82,82,82,82,82,89,89,89,89,89,89,89,89,91,91,91,91,91,91,93,93,93,93,93,93,93,93,93,93,93,95,95,95,95,97,97,97,97,97,97,101,101,101,103,103,103,103,103,103,105,105],"card_choices":[{"not_picked":["StarOfDavid","BloodHunter"],"picked":"DiffusionOfMisfortune","floor":1.0},{"not_picked":["StarOfDavid","NightDance","ScarletDevilSign"],"picked":"SKIP","floor":2.0},{"not_picked":["DiffusionOfMisfortune","ScarletImprint"],"picked":"HunterOfTheNight","floor":3.0},{"not_picked":["Stigmanizer","VampireFantasy"],"picked":"HeartBreak","floor":6.0},{"not_picked":["BloodyCatastrophe","Septette","BlasphemousPunishment"],"picked":"UltimateOffering","floor":8.0},{"not_picked":["BlasphemousPunishment","UnstableMagic","MastersStateliness","ScarletDevilSign"],"picked":"Singing Bowl","floor":10.0},{"not_picked":["UnderTheZenith","ScarletImprint","VampireClaw"],"picked":"StarOfDavid","floor":12.0},{"not_picked":["BloodyCatastrophe","HeartBreak","TransientEternity"],"picked":"BatForm","floor":16.0},{"not_picked":["ScarletGensokyo","UnstableMagic+1","VampireKiss","CharismaGuard+1"],"picked":"Singing Bowl","floor":18.0},{"not_picked":["UnderTheZenith","BloodyTrap","DevilSight+1"],"picked":"ScarletDream","floor":21.0},{"not_picked":["ScarletNetherworld","ScarletDevilSign","StarOfDavid","BlasphemousPunishment"],"picked":"Singing Bowl","floor":24.0},{"not_picked":["ScarletGensokyo","ScarletSymphony+1","TwelveNightmare"],"picked":"ReincarnationDial","floor":28.0},{"not_picked":["MiserableFate","VampireKiss","StarOfDavid"],"picked":"ScarletCoffin","floor":29.0},{"not_picked":["EndlessAdversity","NightLord","ReincarnationDial"],"picked":"BloodAndWine","floor":31.0},{"not_picked":["ScarletMeister","ForecastOfChange","BloodySeventeenLaser"],"picked":"QueenOfMidnight","floor":33.0},{"not_picked":["NightDance+1","Stigmanizer","ScarletDevilSign+1","UnstableMagic"],"picked":"Singing Bowl","floor":35.0},{"not_picked":["VampireClaw","CharismaGuard","NightDance+1"],"picked":"BombardNight+1","floor":36.0},{"not_picked":["VampireKiss+1","StarOfDavid+1","FavorOfDestiny+1","CharismaGuard"],"picked":"Singing Bowl","floor":39.0},{"not_picked":["BlasphemousPunishment","ScarletDevil","BombardNight"],"picked":"KillingBlow","floor":40.0},{"not_picked":["BombardNight+1","DiffusionOfMisfortune","Septette+1"],"picked":"BloodAndWine+1","floor":40.0},{"not_picked":["UnstableMagic","ScarletDevil+1","FavorOfDestiny"],"picked":"BloodyMagicSquare+1","floor":42.0},{"not_picked":["ScarletSymphony+1","VampireSweep+1","ScarletImprint+1"],"picked":"VampireFantasy+1","floor":44.0},{"not_picked":["BloodHunter+1","ChainGang+1","ScarletGensokyo","RedNightlessCastle+1"],"picked":"SKIP","floor":44.0},{"not_picked":["BloodHunter+1","ChainGang+1","ScarletGensokyo"],"picked":"RedNightlessCastle+1","floor":44.0},{"not_picked":["LeisurelyOfLord","VampireKiss","StarOfDavid","DiffusionOfMisfortune+1"],"picked":"Singing Bowl","floor":45.0},{"not_picked":["VampirishNight","TricksterDevil","FavorOfDestiny+1","BloodHunter+1"],"picked":"Singing Bowl","floor":45.0},{"not_picked":["DiffusionOfMisfortune","ScarletImprint","MastersStateliness+1"],"picked":"RedMagic+1","floor":48.0},{"not_picked":["StarOfDavid","UltimateOffering","BloodHunter+1","ScarletDevil"],"picked":"Singing Bowl","floor":48.0},{"not_picked":["StarOfDavid+1","NightDance+1","Stigmanizer","MastersStateliness+1"],"picked":"Singing Bowl","floor":54.0}],"player_experience":375217,"relics_obtained":[{"floor":6.0,"key":"Question Card"},{"floor":8.0,"key":"Darkstone Periapt"},{"floor":9.0,"key":"Meat on the Bone"},{"floor":10.0,"key":"Singing Bowl"},{"floor":24.0,"key":"Bag of Marbles"},{"floor":26.0,"key":"Letter Opener"},{"floor":29.0,"key":"Ancient Tea Set"},{"floor":40.0,"key":"Prayer Wheel"},{"floor":42.0,"key":"Torii"},{"floor":54.0,"key":"War Paint"}],"event_choices":[{"damage_healed":0.0,"max_hp_gain":0.0,"max_hp_loss":0.0,"gold_gain":0.0,"cards_transformed":["Strike_RM"],"event_name":"Living Wall","player_choice":"Change","floor":4.0,"gold_loss":0.0,"damage_taken":0.0,"cards_obtained":["VampireKiss"]},{"damage_healed":0.0,"max_hp_gain":0.0,"max_hp_loss":0.0,"gold_gain":30.0,"event_name":"Dead Adventurer","player_choice":"Searched \u00272\u0027 times","floor":13.0,"gold_loss":0.0,"damage_taken":0.0,"relics_obtained":["Vajra"]},{"damage_healed":0.0,"max_hp_gain":0.0,"max_hp_loss":0.0,"gold_gain":0.0,"event_name":"Golden Idol","player_choice":"Take Damage","floor":14.0,"gold_loss":0.0,"damage_taken":22.0,"relics_obtained":["Golden Idol"]},{"damage_healed":0.0,"max_hp_gain":0.0,"max_hp_loss":0.0,"gold_gain":0.0,"event_name":"Cursed Tome","player_choice":"Ignored","floor":19.0,"gold_loss":0.0,"damage_taken":0.0},{"damage_healed":0.0,"max_hp_gain":0.0,"max_hp_loss":0.0,"gold_gain":0.0,"event_name":"Nest","player_choice":"Joined the Cult","floor":20.0,"gold_loss":0.0,"damage_taken":6.0,"cards_obtained":["RitualDagger"]},{"cards_removed":["Good Instincts"],"damage_healed":0.0,"max_hp_gain":0.0,"max_hp_loss":0.0,"gold_gain":0.0,"event_name":"Falling","player_choice":"Removed Skill","floor":38.0,"gold_loss":0.0,"damage_taken":0.0}],"is_beta":false,"boss_relics":[{"not_picked":["Snecko Eye","Tiny House"],"picked":"Empty Cage"},{"not_picked":["Busted Crown","Philosopher\u0027s Stone"],"picked":"Coffee Dripper"}],"items_purged_floors":[22,37,46],"is_endless":false,"potions_floor_spawned":[6,10,12,18,28,31,36,44],"ascension_level":1}}