{"host":"f5ezd1v29dtbwkzo","time":1610019376,"event":{"mods":["2.2 Compatiblity","BaseMod","Hermit","Hubris","Infinite Spire","Minty Spire (QoL Compilation)","Rare Cards Sparkle","Replay The Spire","StSLib"],"gold_per_floor":[112,125,138,158,169,182,182,197,271,271,271,297,273,290,290,390,390,409,427,446,460,472,500,198,224,293,293,293,293,304,315,315,415,415,426,439,439,439,453,480,480,492,492,509,528,541,560,580,580,580,580],"floor_reached":50,"playtime":1908,"items_purged":["Strike_R"],"score":578,"play_id":"585f9a71-48c6-45ff-9ce0-31bfa32c0b17","local_time":"20210107143616","is_ascension_mode":false,"campfire_choices":[{"data":"infinitespire:OneForAll","floor":7,"key":"SMITH"},{"data":"Dropkick","floor":10,"key":"SMITH"},{"floor":15,"key":"REST"},{"floor":27,"key":"REST"},{"floor":29,"key":"RECALL"},{"data":"Madness","floor":32,"key":"SMITH"},{"floor":41,"key":"REST"},{"floor":49,"key":"REST"}],"circlet_count":0,"master_deck":["Strike_R+1","Strike_R+1","Strike_R+1","Strike_R+1","Defend_R+1","Defend_R+1","Defend_R+1","Defend_R+1","Bash","Pommel Strike","Anger+1","Iron Wave","infinitespire:OneForAll+1","Dropkick+1","Thunderclap","Pommel Strike","Armaments+1","Anger+1","Madness+1","Replay:ManipulateFuture+1","hermit:RoundhouseKick+1","PiercingWail","hermit:Glare+1","Self Repair+1","Melter","Deadly Poison+1","Anger+1"],"relics":["Burning Blood","infinitespire:Lucky Rock","infinitespire:EmpoweringShard","Ice Cream","hubris:ScarierMask","Replay:Wax Seal","PrismaticShard","infinitespire:Joker Card","infinitespire:CheckeredPen","Fusion Hammer","Singing Bowl"],"acts_visited":["Exordium","TheCity","TheBeyond"],"potions_floor_usage":[4,16,16,25,25,33,50,50,50],"damage_taken":[{"damage":6,"enemies":"Jaw Worm","floor":1,"turns":3},{"damage":1,"enemies":"2 Louse","floor":2,"turns":3},{"damage":0,"enemies":"Small Slimes","floor":3,"turns":3},{"damage":18,"enemies":"Exordium Thugs","floor":4,"turns":4},{"damage":23,"enemies":"Large Slime","floor":5,"turns":5},{"damage":14,"enemies":"Blue Slaver","floor":6,"turns":3},{"damage":0,"enemies":"Looter","floor":8,"turns":2},{"damage":21,"enemies":"Lagavulin","floor":12,"turns":4},{"damage":6,"enemies":"Red Slaver","floor":14,"turns":3},{"damage":68,"enemies":"Hexaghost","floor":16,"turns":10},{"damage":10,"enemies":"Shell Parasite","floor":18,"turns":2},{"damage":5,"enemies":"Chosen","floor":19,"turns":3},{"damage":24,"enemies":"Snake Plant","floor":20,"turns":3},{"damage":0,"enemies":"Sentry and Sphere","floor":21,"turns":2},{"damage":2,"enemies":"Centurion and Healer","floor":22,"turns":2},{"damage":48,"enemies":"Book of Stabbing","floor":23,"turns":5},{"damage":12,"enemies":"Replay:Snechameleon","floor":25,"turns":3},{"damage":0,"enemies":"Snecko","floor":30,"turns":3},{"damage":2,"enemies":"Shelled Parasite and Fungi","floor":31,"turns":3},{"damage":55,"enemies":"Automaton","floor":33,"turns":8},{"damage":12,"enemies":"Orb Walker","floor":35,"turns":3},{"damage":1,"enemies":"3 Shapes","floor":36,"turns":2},{"damage":11,"enemies":"Transient","floor":39,"turns":5},{"damage":0,"enemies":"Giant Head","floor":40,"turns":6},{"damage":0,"enemies":"Jaw Worm Horde","floor":42,"turns":2},{"damage":0,"enemies":"Sphere and 2 Shapes","floor":44,"turns":1},{"damage":5,"enemies":"Writhing Mass","floor":45,"turns":3},{"damage":0,"enemies":"Jaw Worm Horde","floor":46,"turns":1},{"damage":10,"enemies":"4 Shapes","floor":47,"turns":2},{"damage":9,"enemies":"Writhing Mass","floor":48,"turns":5},{"damage":96,"enemies":"Replay:Hell Engine","floor":50,"turns":8}],"seed_played":"1739260885581796791","potions_obtained":[{"floor":2,"key":"BloodPotion"},{"floor":4,"key":"Fruit Juice"},{"floor":5,"key":"GamblersBrew"},{"floor":8,"key":"Adrenaline Potion"},{"floor":18,"key":"Regen Potion"},{"floor":20,"key":"CultistPotion"},{"floor":30,"key":"Fire Potion"},{"floor":39,"key":"AttackPotion"},{"floor":40,"key":"Elixir"},{"floor":46,"key":"SkillPotion"}],"is_trial":false,"path_per_floor":["M","M","M","M","M","M","R","M","T","R","?","E","?","M","R","B",null,"M","M","M","M","M","E","$","E","T","R","?","R","M","M","R","B",null,"M","M","?","?","M","E","R","M","T","M","M","M","M","M","R","B"],"character_chosen":"IRONCLAD","items_purchased":["PrismaticShard","Madness"],"campfire_rested":4,"item_purchase_floors":[24,24],"current_hp_per_floor":[80,80,80,73,56,48,48,54,54,54,54,39,39,39,64,19,85,81,82,64,70,74,32,32,35,35,60,60,60,66,70,70,21,85,79,84,84,84,79,85,85,85,85,87,87,89,91,91,91,0,0],"gold":580,"neow_bonus":"RANDOM_COMMON_RELIC","is_daily":false,"chose_seed":false,"campfire_upgraded":3,"win_rate":0.0,"timestamp":1610019376,"path_taken":["M","M","M","M","M","M","R","M","T","R","?","E","?","M","R","BOSS","M","M","M","M","M","E","$","E","T","R","?","R","M","M","R","BOSS","M","M","?","?","M","E","R","M","T","M","M","M","M","?","R","BOSS"],"items_purchased_type":["Relic","Card"],"build_version":"2020-12-22","purchased_purges":1,"victory":false,"max_hp_per_floor":[80,80,80,85,85,85,85,85,85,85,85,85,85,85,85,85,85,85,85,85,85,85,85,85,85,85,85,85,85,85,85,85,85,85,85,85,85,85,85,85,85,85,85,87,87,89,91,91,91,91,91],"card_choices":[{"not_picked":["Intimidate","Massacre"],"picked":"Pommel Strike","floor":1},{"not_picked":["ReplayTheSpireMod:Limb From Limb","Replay:Undeath\u0027s Touch"],"picked":"Anger","floor":2},{"not_picked":["Feel No Pain","Life Link"],"picked":"Iron Wave","floor":3},{"not_picked":["Ghostly Armor","Pommel Strike"],"picked":"infinitespire:OneForAll","floor":4},{"not_picked":["Rampage","Body Slam"],"picked":"Dropkick","floor":5},{"not_picked":["Twin Strike","Iron Wave"],"picked":"Thunderclap","floor":6},{"not_picked":["Wild Strike","Clash","hubris:ReadiedAction"],"picked":"SKIP","floor":8},{"not_picked":["Immolate","ReplayTheSpireMod:LeadingStrike"],"picked":"Pommel Strike","floor":12},{"not_picked":["Hemokinesis","Wild Strike","Headbutt"],"picked":"SKIP","floor":14},{"not_picked":["Thunderclap","Perfected Strike+1"],"picked":"Armaments+1","floor":18},{"not_picked":["ReplayTheSpireMod:Limb From Limb","Battle Trance","Fire Breathing"],"picked":"SKIP","floor":19},{"not_picked":["Feel No Pain","Second Wind","Abandon"],"picked":"SKIP","floor":20},{"not_picked":["Clash","Cleave+1"],"picked":"Anger+1","floor":21},{"not_picked":["Evolve","Thunderclap","True Grit"],"picked":"SKIP","floor":22},{"not_picked":["Carnage","Sword Boomerang","Body Slam"],"picked":"SKIP","floor":23},{"not_picked":["hermit:Spite","Perfected Strike","BowlingBash"],"picked":"SKIP","floor":25},{"not_picked":["Dagger Spray","Body Slam+1"],"picked":"Replay:ManipulateFuture+1","floor":30},{"not_picked":["ReplayTheSpireMod:Strike From Hell","Uppercut","hermit:GoldenBullet"],"picked":"SKIP","floor":31},{"not_picked":["SpiritShield","Poison Darts"],"picked":"hermit:RoundhouseKick","floor":33},{"not_picked":["Quick Slash","hubris:Insight+1","BasicCrystalCard"],"picked":"SKIP","floor":35},{"not_picked":["hermit:Headshot","Warcry"],"picked":"PiercingWail","floor":36},{"not_picked":["JustLucky+1","hermit:Vantage+1"],"picked":"hermit:Glare+1","floor":39},{"not_picked":["Replay:Parry+1","Redo+1"],"picked":"Self Repair+1","floor":40},{"not_picked":["hermit:Gambit","Leap+1"],"picked":"Melter","floor":42},{"not_picked":["Coolheaded+1","Rebound+1","Eviscerate"],"picked":"Singing Bowl","floor":44},{"not_picked":["Armaments","Worship+1"],"picked":"Deadly Poison+1","floor":45},{"not_picked":["Sword Boomerang+1","Leg Sweep","Deflect+1"],"picked":"Singing Bowl","floor":46},{"not_picked":["Slice","Pommel Strike+1","Compile Driver"],"picked":"Singing Bowl","floor":47},{"not_picked":["ClearTheMind","Trip+1"],"picked":"Anger+1","floor":48}],"player_experience":357131,"relics_obtained":[{"floor":9,"key":"infinitespire:EmpoweringShard"},{"floor":12,"key":"Ice Cream"},{"floor":23,"key":"Replay:Wax Seal"},{"floor":25,"key":"infinitespire:Joker Card"},{"floor":26,"key":"infinitespire:CheckeredPen"},{"floor":40,"key":"Singing Bowl"}],"event_choices":[{"damage_healed":0,"gold_gain":0,"player_choice":"Grow","damage_taken":0,"max_hp_gain":0,"max_hp_loss":0,"event_name":"Living Wall","floor":11,"gold_loss":0,"cards_upgraded":["Anger"]},{"damage_healed":0,"gold_gain":0,"player_choice":"Left Gold","damage_taken":0,"max_hp_gain":0,"max_hp_loss":0,"event_name":"World of Goop","floor":13,"gold_loss":24},{"damage_healed":0,"gold_gain":0,"player_choice":"Simplicity","damage_taken":0,"max_hp_gain":0,"max_hp_loss":0,"event_name":"Back to Basics","floor":28,"gold_loss":0,"cards_upgraded":["Strike_R","Strike_R","Strike_R","Strike_R","Defend_R","Defend_R","Defend_R","Defend_R"]},{"damage_healed":0,"gold_gain":0,"player_choice":"Ignored","damage_taken":0,"max_hp_gain":0,"max_hp_loss":0,"event_name":"Tomb of Lord Red Mask","floor":37,"gold_loss":0},{"damage_healed":0,"gold_gain":0,"player_choice":"Forge","damage_taken":0,"max_hp_gain":0,"max_hp_loss":0,"event_name":"Accursed Blacksmith","floor":38,"gold_loss":0,"cards_upgraded":["hermit:RoundhouseKick"]}],"is_beta":false,"boss_relics":[{"not_picked":["hubris:TerracottaHorce","Mark of Pain"],"picked":"hubris:ScarierMask"},{"not_picked":["Velvet Choker","ChewingGum"],"picked":"Fusion Hammer"}],"items_purged_floors":[24],"is_endless":false,"potions_floor_spawned":[2,4,5,8,18,20,22,30,39,40,46,47],"killed_by":"Replay:Hell Engine","ascension_level":0}}