{"host":"7sy3dyg71hje4mzx","time":1610019247,"event":{"mods":["BaseMod","Downfall","Minty Spire (QoL Compilation)","StSLib"],"gold_per_floor":[99,113,124,140,154,254,254,254,254,274,306,318,318,331,347,443,443,368,384,384,403,422,422,422,422,432,449,449,212,212,21,35,135,135,60,78,93,107,126,126,126,141,441,459,472,522,446,456,472,472],"floor_reached":51,"playtime":3643,"items_purged":[],"score":744,"play_id":"03fc5c51-33ac-4e29-a024-ad60a726e055","local_time":"20210107223407","is_ascension_mode":true,"campfire_choices":[{"data":"Slimebound:CorrosiveSpit","floor":1,"key":"SMITH"},{"data":"Slimebound:LeadByExample","floor":8,"key":"SMITH"},{"floor":13,"key":"REST"},{"data":"Slimebound:RallyTheTroops","floor":18,"key":"SMITH"},{"floor":23,"key":"RECALL"},{"floor":30,"key":"REST"},{"data":"Slimebound:LevelUp","floor":35,"key":"SMITH"},{"floor":40,"key":"REST"}],"circlet_count":0,"master_deck":["Slimebound:Strike_Slimebound","Slimebound:Strike_Slimebound","Slimebound:Strike_Slimebound","Slimebound:Tackle","Slimebound:Defend_Slimebound","Slimebound:Defend_Slimebound+1","Slimebound:Defend_Slimebound","Slimebound:Defend_Slimebound","Slimebound:Split","Slimebound:CorrosiveSpit+1","Slimebound:LeadByExample+1","Slimebound:LeadByExample","Slimebound:SplitLeeching+1","Slimebound:ItLooksTasty","Slimebound:GrowthPunch","Slimebound:SplitAcid","Slimebound:SlimeTap","Slimebound:SplitMire","Slimebound:Overexert","Slimebound:RallyTheTroops+1","Slimebound:LeechEnergy+1","Slimebound:ViciousTackle","Slimebound:SplitLeeching","Slimebound:LeechingTouch","Slimebound:Recollect","Slimebound:SplitSpecialist","Slimebound:LevelUp+1","Slimebound:Recycling","Slimebound:SlimeSpikes","Slimebound:FlameTackle+1","Slimebound:Overexert","Slimebound:SlimeSpikes","Slimebound:LeechLife","Slimebound:Schlurp+1","Slimebound:LeechingTouch+1","Slimebound:Replication","Slimebound:SplitSpecialist","Slimebound:FinishingTackle","Slimebound:LeechLife","Slimebound:MegaLick","Slimebound:ProtectTheBoss","Slimebound:SplitBruiser+1","Slimebound:Replication+1","Parasite","Slimebound:SlimeSpikes+1","Slimebound:HungryTackle+1"],"relics":["Slimebound:AbsorbEndCombatUpgraded","Art of War","Bottled Tornado","WarpedTongs","Ice Cream","Slimebound:TarBlob","downfall:HeartBlessingGreen","downfall:RedIOU","Slimebound:SelfDamagePreventRelic","Dream Catcher","downfall:HeartBlessingRed","Prayer Wheel","Membership Card","Pantograph","War Paint"],"acts_visited":["Exordium","TheCity","TheBeyond"],"potions_floor_usage":[16,16,16,16,38,39],"damage_taken":[{"damage":5,"enemies":"Cultist","floor":2,"turns":3},{"damage":15,"enemies":"Small Slimes","floor":3,"turns":3},{"damage":11,"enemies":"2 Louse","floor":4,"turns":3},{"damage":15,"enemies":"Large Slime","floor":5,"turns":7},{"damage":16,"enemies":"Blue Slaver","floor":10,"turns":3},{"damage":29,"enemies":"Gremlin Nob","floor":11,"turns":4},{"damage":25,"enemies":"Lots of Slimes","floor":12,"turns":2},{"damage":27,"enemies":"Exordium Thugs","floor":14,"turns":4},{"damage":10,"enemies":"Blue Slaver","floor":15,"turns":3},{"damage":42,"enemies":"downfall:Silent","floor":16,"turns":5},{"damage":42,"enemies":"Spheric Guardian","floor":19,"turns":4},{"damage":22,"enemies":"Chosen","floor":21,"turns":4},{"damage":26,"enemies":"Snecko","floor":22,"turns":4},{"damage":48,"enemies":"Shelled Parasite and Fungi","floor":26,"turns":5},{"damage":31,"enemies":"Centurion and Healer","floor":27,"turns":5},{"damage":36,"enemies":"downfall:FleeingMerchant","floor":29,"turns":4},{"damage":45,"enemies":"downfall:FleeingMerchant","floor":31,"turns":4},{"damage":26,"enemies":"Cultist and Chosen","floor":32,"turns":5},{"damage":48,"enemies":"downfall:Defect","floor":33,"turns":6},{"damage":57,"enemies":"3 Darklings","floor":36,"turns":4},{"damage":23,"enemies":"Orb Walker","floor":37,"turns":3},{"damage":41,"enemies":"Transient","floor":38,"turns":5},{"damage":60,"enemies":"Writhing Mass","floor":39,"turns":4},{"damage":43,"enemies":"3 Darklings","floor":42,"turns":4},{"damage":48,"enemies":"Spire Growth","floor":44,"turns":4},{"damage":36,"enemies":"Sphere and 2 Shapes","floor":45,"turns":6},{"damage":12,"enemies":"Mind Bloom Boss Battle","floor":46,"turns":4},{"damage":30,"enemies":"downfall:FleeingMerchant","floor":47,"turns":4},{"damage":42,"enemies":"4 Shapes","floor":48,"turns":6},{"damage":37,"enemies":"Writhing Mass","floor":49,"turns":5},{"damage":53,"enemies":"downfall:Ironclad","floor":50,"turns":6}],"seed_played":"-1364697876852011954","potions_obtained":[{"floor":3,"key":"Fire Potion"},{"floor":10,"key":"EntropicBrew"},{"floor":11,"key":"champ:CounterPotion"},{"floor":15,"key":"Regen Potion"},{"floor":27,"key":"Dexterity Potion"},{"floor":32,"key":"Block Potion"},{"floor":33,"key":"SkillPotion"},{"floor":45,"key":"Regen Potion"},{"floor":46,"key":"FearPotion"}],"is_trial":false,"path_per_floor":["R","M","M","M","M","?","T","R","?","M","E","M","R","M","M","B",null,"R","M","?","M","M","R","T","?","M","M","?","$","R","$","M","B",null,"R","M","M","M","M","R","T","M","?","M","M","?","$","M","M","B",null],"character_chosen":"SLIMEBOUND","items_purchased":["Slimebound:SelfDamagePreventRelic","Slimebound:LevelUp","Slimebound:SlimeSpikes","Dream Catcher","Membership Card","Pantograph","War Paint","Slimebound:MegaLick","Slimebound:ProtectTheBoss"],"campfire_rested":3,"item_purchase_floors":[29,29,31,31,47,47,47,47,47],"current_hp_per_floor":[60,60,55,52,51,51,51,51,51,47,34,21,39,30,34,20,60,60,44,44,44,44,44,44,44,30,31,31,37,55,50,48,60,60,60,37,34,47,29,47,47,50,50,46,56,60,56,56,59,56],"gold":472,"neow_bonus":"RANDOM_COMMON_RELIC","is_daily":false,"chose_seed":false,"campfire_upgraded":4,"win_rate":0.0,"timestamp":1610019247,"path_taken":["R","M","M","M","?","?","T","R","?","?","E","M","R","M","M","BOSS","R","M","?","M","M","R","T","?","M","M","?","?","R","$","M","BOSS","R","M","M","M","M","R","T","M","?","?","M","?","$","M","M","BOSS"],"items_purchased_type":["Relic","Card","Card","Relic","Relic","Relic","Relic","Card","Card"],"build_version":"2020-12-22","purchased_purges":0,"victory":true,"max_hp_per_floor":[60,60,60,60,60,60,60,60,60,60,60,60,60,60,60,60,60,60,60,60,60,60,60,60,60,60,60,60,60,60,60,60,60,60,60,60,60,60,60,60,60,60,60,60,60,60,60,60,60,60],"card_choices":[{"not_picked":["Slimebound:LeechEnergy","Slimebound:Grow"],"picked":"Slimebound:LeadByExample","floor":2},{"not_picked":["Slimebound:SplitMire","Slimebound:RollThrough"],"picked":"Slimebound:LeadByExample","floor":3},{"not_picked":["Slimebound:SlimeSpikes","Slimebound:SlimeBarrage"],"picked":"Slimebound:SplitLeeching","floor":4},{"not_picked":["Slimebound:ComboTackle","Slimebound:GoopSpray"],"picked":"Slimebound:ItLooksTasty","floor":5},{"not_picked":["Slimebound:ForwardTackle","Slimebound:SplitMire"],"picked":"Slimebound:GrowthPunch","floor":10},{"not_picked":["Slimebound:MegaLick","Slimebound:SamplingLick"],"picked":"Slimebound:SplitAcid","floor":11},{"not_picked":["Slimebound:FinishingTackle","Slimebound:SlimeBarrage"],"picked":"Slimebound:SlimeTap","floor":12},{"not_picked":["Slimebound:RollThrough","Slimebound:Grow"],"picked":"Slimebound:SplitMire","floor":14},{"not_picked":["Slimebound:LeechingTouch","Slimebound:TongueLash"],"picked":"Slimebound:Overexert","floor":15},{"not_picked":["Slimebound:CheckThePlaybook","Slimebound:MassRepurpose"],"picked":"Slimebound:RallyTheTroops","floor":16},{"not_picked":["Slimebound:RollThrough","Slimebound:ComboTackle"],"picked":"Slimebound:LeechEnergy+1","floor":19},{"not_picked":["Slimebound:GrowthPunch","Slimebound:FinishingTackle"],"picked":"Slimebound:ViciousTackle","floor":21},{"not_picked":["Slimebound:Dissolve+1","Slimebound:LeechEnergy+1"],"picked":"Slimebound:SplitLeeching","floor":22},{"not_picked":["Slimebound:FlameTackle","Slimebound:DouseInSlime"],"picked":"Slimebound:LeechingTouch","floor":26},{"not_picked":["Slimebound:LeechEnergy","Slimebound:PressTheAttack"],"picked":"Slimebound:Recollect","floor":27},{"not_picked":["Slimebound:ViciousTackle","Slimebound:TagTeam"],"picked":"Slimebound:SplitSpecialist","floor":29},{"not_picked":["Slimebound:SamplingLick","Slimebound:PressTheAttack+1"],"picked":"Slimebound:Recycling","floor":31},{"not_picked":["Slimebound:ViciousTackle","Slimebound:Schlurp+1"],"picked":"Slimebound:FlameTackle+1","floor":32},{"not_picked":["Slimebound:WasteNot","Slimebound:Darklings"],"picked":"Slimebound:Overexert","floor":33},{"not_picked":["Slimebound:GrowthPunch+1","Slimebound:RollThrough"],"picked":"Slimebound:SlimeSpikes","floor":36},{"not_picked":["Slimebound:Recollect","Slimebound:LeechingTouch"],"picked":"Slimebound:LeechLife","floor":37},{"not_picked":["Slimebound:DisruptingSlam","Slimebound:LeechEnergy+1"],"picked":"Slimebound:Schlurp+1","floor":38},{"not_picked":["Slimebound:HauntingLick+1","Slimebound:SlimeTap"],"picked":"Slimebound:LeechingTouch+1","floor":39},{"not_picked":["Slimebound:Equalize","Slimebound:FormOfPuddle"],"picked":"Slimebound:Replication","floor":42},{"not_picked":["Slimebound:LeadByExample","Slimebound:SamplingLick"],"picked":"Slimebound:SplitSpecialist","floor":44},{"not_picked":["Slimebound:FirmFortitude","Slimebound:SlimeSpikes","Slimebound:LeechingTouch"],"picked":"SKIP","floor":45},{"not_picked":["Slimebound:HauntingLick","Slimebound:ViciousTackle"],"picked":"Slimebound:FinishingTackle","floor":46},{"not_picked":["Slimebound:Chomp","Slimebound:ViciousTackle+1"],"picked":"Slimebound:LeechLife","floor":47},{"not_picked":["Slimebound:ComboTackle+1","Slimebound:SlimeSpikes"],"picked":"Slimebound:SplitBruiser+1","floor":48},{"not_picked":["Slimebound:FinishingTackle+1","Slimebound:PressTheAttack"],"picked":"Slimebound:Replication+1","floor":48},{"not_picked":["Slimebound:RollThrough+1","Slimebound:Recollect"],"picked":"Slimebound:SlimeSpikes+1","floor":49},{"not_picked":["Slimebound:SlimeSpikes","Slimebound:SplitAcid+1"],"picked":"Slimebound:HungryTackle+1","floor":49}],"player_experience":177696,"relics_obtained":[{"floor":7,"key":"Bottled Tornado"},{"floor":11,"key":"Ice Cream"},{"floor":24,"key":"PreservedInsect"},{"floor":46,"key":"Prayer Wheel"}],"event_choices":[{"damage_healed":0,"gold_gain":0,"player_choice":"Rummage","damage_taken":0,"relics_obtained":["WarpedTongs"],"max_hp_gain":0,"max_hp_loss":0,"event_name":"Accursed Blacksmith","floor":9,"gold_loss":0,"cards_obtained":["Pain"]},{"damage_healed":0,"gold_gain":0,"player_choice":"Ignored","damage_taken":0,"max_hp_gain":0,"max_hp_loss":0,"event_name":"Ghosts","floor":25,"gold_loss":0},{"damage_healed":0,"gold_gain":300,"player_choice":"Gold","damage_taken":0,"max_hp_gain":0,"max_hp_loss":0,"event_name":"Wheel of Change","floor":43,"gold_loss":0}],"is_beta":false,"boss_relics":[{"not_picked":["Runic Pyramid","Cursed Key"],"picked":"Slimebound:TarBlob"},{"not_picked":["Snecko Eye","Tiny House"],"picked":"Slimebound:AbsorbEndCombatUpgraded"}],"items_purged_floors":[],"is_endless":false,"potions_floor_spawned":[3,10,11,15,27,32,33,37,45,46,48,49],"ascension_level":1}}