{"host":"hfxp6ue4pvwo3fit","time":1610061814,"event":{"mods":["AchievementEnabler","BaseMod","Colored Map","Colored Powertips","Highlight Path","Minty Spire (QoL Compilation)","Relic Stats","StSLib","SuperFastMode"],"gold_per_floor":[119,134,134,134,134,134,166,166,236,268,1,1,29,59,59,134,134,144,159,159,179,190,216,216,251,276,276,296,322,366,416,416,499,499,519,542,542,542,210,210,253,253,253,275,293,321,346,368,368,368,368],"floor_reached":52,"playtime":3472,"items_purged":["Strike_B"],"score":2070,"play_id":"7108e85c-e18e-4e11-8913-d1ff33cd2b1b","local_time":"20210107172334","is_ascension_mode":true,"campfire_choices":[{"data":"Gash","floor":6,"key":"SMITH"},{"floor":8,"key":"REST"},{"floor":12,"key":"REST"},{"data":"Creative AI","floor":15,"key":"SMITH"},{"data":"Fission","floor":24,"key":"SMITH"},{"floor":27,"key":"REST"},{"floor":32,"key":"REST"},{"data":"Fission","floor":40,"key":"SMITH"},{"data":"Blizzard","floor":49,"key":"SMITH"}],"circlet_count":0,"master_deck":["AscendersBane","Strike_B","Strike_B","Defend_B","Defend_B","Defend_B","Defend_B+1","Zap+1","Dualcast+1","Gash+1","Cold Snap","Electrodynamics","Creative AI+1","Glacier","Self Repair","Chill","Glacier","FTL","Fission+1","Capacitor+1","Compile Driver","Biased Cognition","Recycle","Fission+1","Blizzard+1","Coolheaded","Fission","Core Surge","Darkness+1","Glacier","Turbo+1","Leap+1","Skim+1","Hologram+1","Defragment+1"],"relics":["SacredBark","War Paint","Question Card","Happy Flower","Potion Belt","Odd Mushroom","Inserter","Bronze Scales","Nunchaku","CeramicFish","Anchor","Centennial Puzzle","Coffee Dripper","OrangePellets","Toxic Egg 2","HornCleat"],"acts_visited":["Exordium","TheCity","TheBeyond"],"potions_floor_usage":[16,16,23,23,23,25,30,33,36,41,47,48,48,51,51],"damage_taken":[{"damage":2,"enemies":"Jaw Worm","floor":1,"turns":5},{"damage":15,"enemies":"Small Slimes","floor":2,"turns":5},{"damage":37,"enemies":"Lagavulin","floor":7,"turns":8},{"damage":23,"enemies":"3 Sentries","floor":10,"turns":5},{"damage":2,"enemies":"Lagavulin","floor":13,"turns":7},{"damage":6,"enemies":"The Mushroom Lair","floor":14,"turns":5},{"damage":20,"enemies":"Hexaghost","floor":16,"turns":14},{"damage":1,"enemies":"Spheric Guardian","floor":18,"turns":10},{"damage":21,"enemies":"Shell Parasite","floor":19,"turns":11},{"damage":10,"enemies":"Shelled Parasite and Fungi","floor":21,"turns":9},{"damage":16,"enemies":"Sentry and Sphere","floor":22,"turns":8},{"damage":68,"enemies":"Book of Stabbing","floor":23,"turns":10},{"damage":7,"enemies":"Gremlin Leader","floor":25,"turns":8},{"damage":15,"enemies":"Cultist and Chosen","floor":28,"turns":7},{"damage":13,"enemies":"Centurion and Healer","floor":29,"turns":9},{"damage":29,"enemies":"Book of Stabbing","floor":30,"turns":4},{"damage":16,"enemies":"Champ","floor":33,"turns":22},{"damage":0,"enemies":"3 Shapes","floor":35,"turns":7},{"damage":3,"enemies":"Orb Walker","floor":36,"turns":6},{"damage":39,"enemies":"Reptomancer","floor":41,"turns":10},{"damage":4,"enemies":"3 Darklings","floor":44,"turns":4},{"damage":0,"enemies":"4 Shapes","floor":45,"turns":5},{"damage":0,"enemies":"Maw","floor":46,"turns":9},{"damage":8,"enemies":"3 Darklings","floor":47,"turns":5},{"damage":0,"enemies":"4 Shapes","floor":48,"turns":7},{"damage":13,"enemies":"Awakened One","floor":50,"turns":17},{"damage":0,"enemies":"Time Eater","floor":51,"turns":13}],"seed_played":"8915932118770299098","potions_obtained":[{"floor":13,"key":"ColorlessPotion"},{"floor":14,"key":"LiquidMemories"},{"floor":16,"key":"Fruit Juice"},{"floor":18,"key":"Regen Potion"},{"floor":23,"key":"FocusPotion"},{"floor":25,"key":"EssenceOfDarkness"},{"floor":30,"key":"Block Potion"},{"floor":35,"key":"LiquidMemories"},{"floor":46,"key":"EssenceOfDarkness"},{"floor":47,"key":"EntropicBrew"}],"is_trial":false,"path_per_floor":["M","M","?","?","?","R","E","R","T","E","$","R","E","?","R","B",null,"M","M","?","M","M","E","R","E","T","R","M","M","E","T","R","B",null,"M","M","?","?","$","R","E","?","T","M","M","M","M","M","R","B","B",null],"character_chosen":"DEFECT","items_purchased":["Glacier","Self Repair","AttackPotion","Chill","OrangePellets","DistilledChaos"],"campfire_rested":4,"item_purchase_floors":[11,11,11,11,39,39],"current_hp_per_floor":[62,47,47,52,52,52,15,37,37,14,14,36,41,42,42,32,65,71,57,57,54,45,34,34,27,27,52,37,31,2,2,27,18,69,76,80,80,80,80,80,48,48,48,51,58,65,64,71,71,65,72],"gold":368,"neow_bonus":"BOSS_RELIC","is_daily":false,"chose_seed":false,"campfire_upgraded":5,"win_rate":0.0,"timestamp":1610061814,"path_taken":["M","M","?","?","?","R","E","R","T","E","$","R","E","?","R","BOSS","M","M","?","M","?","E","R","E","T","R","M","M","E","?","R","BOSS","M","M","?","?","$","R","E","?","T","M","M","M","M","?","R","BOSS","BOSS"],"items_purchased_type":["Card","Card","Potion","Card","Relic","Potion"],"build_version":"2020-12-22","purchased_purges":1,"victory":true,"max_hp_per_floor":[71,71,71,76,76,76,76,76,76,76,76,76,76,76,76,76,76,76,76,76,76,76,86,86,86,86,86,86,86,86,86,86,86,86,86,86,86,82,82,82,82,82,82,82,82,82,82,82,82,82,82],"relic_stats":{"OrangePellets":[13],"Nunchaku":[17],"Centennial Puzzle":[18],"Inserter":[70],"Happy Flower":[69],"counters":[27,230],"Bronze Scales":[417],"CeramicFish":99,"War Paint":["Defend_B","Dualcast"],"Question Card":23,"obtain_stats":[{"Potion Belt":13,"Inserter":17,"Happy Flower":10,"SacredBark":0,"CeramicFish":26,"War Paint":7,"Odd Mushroom":14,"Question Card":9,"OrangePellets":39,"Nunchaku":25,"Anchor":30,"Centennial Puzzle":31,"HornCleat":43,"Bronze Scales":23,"Coffee Dripper":34,"Toxic Egg 2":41,"Cracked Core":0},{"Potion Belt":5,"Inserter":7,"Happy Flower":4,"SacredBark":0,"CeramicFish":13,"War Paint":3,"Odd Mushroom":6,"Question Card":3,"OrangePellets":19,"Nunchaku":13,"Anchor":16,"Centennial Puzzle":16,"HornCleat":20,"Bronze Scales":12,"Coffee Dripper":17,"Toxic Egg 2":20,"Cracked Core":0},{"Potion Belt":30,"Inserter":49,"Happy Flower":23,"SacredBark":0,"CeramicFish":105,"War Paint":18,"Odd Mushroom":35,"Question Card":18,"OrangePellets":160,"Nunchaku":105,"Anchor":125,"Centennial Puzzle":125,"HornCleat":170,"Bronze Scales":97,"Coffee Dripper":147,"Toxic Egg 2":170,"Cracked Core":0}]},"card_choices":[{"not_picked":["Hologram","BootSequence"],"picked":"Gash","floor":1},{"not_picked":["Scrape","Hologram"],"picked":"Cold Snap","floor":2},{"not_picked":["Heatsinks","Ball Lightning"],"picked":"Electrodynamics","floor":7},{"not_picked":["Force Field","Steam","Lockon"],"picked":"Creative AI","floor":10},{"not_picked":["Reinforced Body","Machine Learning","Coolheaded"],"picked":"Glacier","floor":13},{"not_picked":["Chill","Skim","Darkness"],"picked":"FTL","floor":14},{"not_picked":["Hyperbeam","Buffer","Rainbow"],"picked":"Fission","floor":16},{"not_picked":["Cold Snap","Turbo","Scrape"],"picked":"Capacitor+1","floor":18},{"not_picked":["Chill","Sweeping Beam","Conserve Battery"],"picked":"Compile Driver","floor":19},{"not_picked":["Sunder","Beam Cell","Compile Driver","Creative AI"],"picked":"SKIP","floor":21},{"not_picked":["BootSequence","Steam Power+1","Tempest","White Noise"],"picked":"SKIP","floor":22},{"not_picked":["Conserve Battery","Capacitor","Turbo"],"picked":"Recycle","floor":23},{"not_picked":["Redo","Leap","Capacitor"],"picked":"Fission","floor":25},{"not_picked":["Leap","Beam Cell+1","Turbo"],"picked":"Blizzard","floor":28},{"not_picked":["Leap","Hologram","Go for the Eyes+1"],"picked":"Coolheaded","floor":29},{"not_picked":["Go for the Eyes","Reinforced Body","Skim"],"picked":"Fission","floor":30},{"not_picked":["Rainbow","Machine Learning","Seek"],"picked":"Core Surge","floor":33},{"not_picked":["Sweeping Beam+1","Reinforced Body","Reprogram+1"],"picked":"Darkness+1","floor":35},{"not_picked":["Redo","Cold Snap+1","Sweeping Beam+1"],"picked":"Glacier","floor":36},{"not_picked":["Auto Shields+1","Steam+1","Rebound+1"],"picked":"Turbo+1","floor":41},{"not_picked":["Compile Driver","Rip and Tear","Redo+1"],"picked":"Leap+1","floor":44},{"not_picked":["Genetic Algorithm+1","Turbo+1","Doom and Gloom","Multi-Cast+1"],"picked":"SKIP","floor":45},{"not_picked":["Self Repair","Redo+1","Double Energy+1"],"picked":"Skim+1","floor":46},{"not_picked":["Rebound","Self Repair","Steam Power+1"],"picked":"Hologram+1","floor":47},{"not_picked":["Beam Cell","Coolheaded+1","Auto Shields+1"],"picked":"Defragment+1","floor":48}],"player_experience":479966,"relics_obtained":[{"floor":7,"key":"War Paint"},{"floor":9,"key":"Question Card"},{"floor":10,"key":"Happy Flower"},{"floor":13,"key":"Potion Belt"},{"floor":14,"key":"Odd Mushroom"},{"floor":23,"key":"Bronze Scales"},{"floor":25,"key":"Nunchaku"},{"floor":26,"key":"CeramicFish"},{"floor":30,"key":"Anchor"},{"floor":31,"key":"Centennial Puzzle"},{"floor":41,"key":"Toxic Egg 2"},{"floor":43,"key":"HornCleat"}],"event_choices":[{"damage_healed":0,"gold_gain":0,"player_choice":"Grow","damage_taken":0,"max_hp_gain":0,"max_hp_loss":0,"event_name":"Living Wall","floor":3,"gold_loss":0,"cards_upgraded":["Zap"]},{"damage_healed":0,"gold_gain":0,"player_choice":"Donut","damage_taken":0,"max_hp_gain":5,"max_hp_loss":0,"event_name":"Big Fish","floor":4,"gold_loss":0},{"damage_healed":0,"gold_gain":0,"player_choice":"Ignored","damage_taken":0,"max_hp_gain":0,"max_hp_loss":0,"event_name":"Liars Game","floor":5,"gold_loss":0},{"damage_healed":0,"gold_gain":0,"player_choice":"Fought Mushrooms","damage_taken":0,"max_hp_gain":0,"max_hp_loss":0,"event_name":"Mushrooms","floor":14,"gold_loss":0},{"damage_healed":0,"gold_gain":0,"player_choice":"1 cards matched","damage_taken":0,"max_hp_gain":0,"max_hp_loss":0,"event_name":"Match and Keep!","floor":20,"gold_loss":0,"cards_obtained":["Biased Cognition"]},{"damage_healed":0,"gold_gain":0,"player_choice":"Memory 1","damage_taken":0,"max_hp_gain":0,"max_hp_loss":0,"event_name":"SensoryStone","floor":37,"gold_loss":0},{"damage_healed":0,"gold_gain":0,"player_choice":"Max HP","damage_taken":0,"max_hp_gain":0,"max_hp_loss":4,"event_name":"Winding Halls","floor":38,"gold_loss":0},{"cards_removed":["Strike_B"],"damage_healed":0,"gold_gain":0,"player_choice":"Removed Attack","damage_taken":0,"max_hp_gain":0,"max_hp_loss":0,"event_name":"Falling","floor":42,"gold_loss":0}],"is_beta":false,"boss_relics":[{"not_picked":["Black Star","Pandora\u0027s Box"],"picked":"Inserter"},{"not_picked":["Snecko Eye","SlaversCollar"],"picked":"Coffee Dripper"}],"items_purged_floors":[39],"is_endless":false,"potions_floor_spawned":[13,14,16,18,23,25,30,35,46,47],"ascension_level":20}}