{"host":"l4am8ae7vj09bp0g","time":1610025062,"event":{"mods":["Act Like it!","BaseMod","Colored Powertips","Conspire","LagranYue(拉格朗・月)","Minty Spire (QoL Compilation)","Quick Restart","Relic Filter","Replay The Spire","Shop Mod","StSLib","SuperFastMode","TestMod","vexMod"],"gold_per_floor":[109,109,127,127,127,152,186,220,272,302,328,356,385,410,410,410,410],"floor_reached":16,"playtime":9092,"items_purged":[],"score":277,"play_id":"254d9f82-a566-4aaf-8a8e-b760fee9bb12","local_time":"20210107211102","daily_mods":["Heirloom","Time Dilation","Flight","DeadlyEvents","Cursed Run","Elite Swarm"],"is_ascension_mode":true,"campfire_choices":[{"data":"Feed","floor":15,"key":"SMITH"}],"circlet_count":0,"master_deck":["Defend_R","Defend_R","Defend_R","Bash","Headbutt","Barricade","conspire:Purge","Reaper","Feed+1","Berserk","Offering"],"relics":["Cursed Key","Darkstone Periapt","Du-Vu Doll","testmod-TestBox","LagranYue:RandomDrawCardRelic","testmod-CrystalShield","Bird Faced Urn","Nunchaku","Bag of Preparation","vexMod:ScavengeHelm","LagranYue:MagicReflectiveArmorRelic","Orichalcum","Darkstone Periapt","Happy Flower","Prayer Wheel"],"acts_visited":["Exordium"],"potions_floor_usage":[6,6,11],"damage_taken":[{"damage":0,"enemies":"2 Louse","floor":1,"turns":3},{"damage":5,"enemies":"Small Slimes","floor":3,"turns":2},{"damage":10,"enemies":"Gremlin Nob","floor":6,"turns":3},{"damage":34,"enemies":"3 Sentries","floor":7,"turns":10},{"damage":29,"enemies":"Lagavulin","floor":8,"turns":8},{"damage":14,"enemies":"Replay:BlueRogue","floor":10,"turns":6},{"damage":15,"enemies":"3 Sentries","floor":11,"turns":11},{"damage":0,"enemies":"Gremlin Nob","floor":12,"turns":3},{"damage":16,"enemies":"3 Sentries","floor":13,"turns":13},{"damage":0,"enemies":"Lagavulin","floor":14,"turns":9},{"damage":11,"enemies":"Fading Forest","floor":16,"turns":2}],"seed_played":"6086671172306536480","potions_obtained":[{"floor":1,"key":"Weak Potion"},{"floor":3,"key":"PowerPotion"},{"floor":7,"key":"Swift Potion"},{"floor":11,"key":"Ancient Potion"},{"floor":14,"key":"DuplicationPotion"}],"is_trial":true,"path_per_floor":["M","?","M","?","?","E","E","E","T","E","E","E","E","E","R","B"],"character_chosen":"IRONCLAD","items_purchased":[],"campfire_rested":0,"item_purchase_floors":[],"current_hp_per_floor":[80,80,75,81,81,71,39,18,24,12,14,21,19,30,30,21,21],"gold":410,"neow_bonus":"","is_daily":false,"chose_seed":false,"campfire_upgraded":1,"win_rate":0.0,"timestamp":1610025062,"path_taken":["M","?","M","?","?","E","E","E","T","E","E","E","E","E","R","BOSS"],"items_purchased_type":[],"build_version":"2020-12-22","purchased_purges":0,"victory":false,"max_hp_per_floor":[80,80,80,86,86,86,86,86,92,92,92,92,92,92,92,92,92],"card_choices":[{"not_picked":["Uppercut","Warcry"],"picked":"Headbutt","floor":1},{"not_picked":["Disarm","conspire:Charge","Intimidate"],"picked":"SKIP","floor":3},{"not_picked":["Juggernaut","Limit Break"],"picked":"conspire:Purge","floor":6},{"not_picked":["Hemogenesis","conspire:Purge"],"picked":"Reaper","floor":7},{"not_picked":["Brutality","Demon Form","Hemogenesis"],"picked":"SKIP","floor":8},{"not_picked":["Corruption","Immolate","Hemogenesis"],"picked":"SKIP","floor":10},{"not_picked":["Brutality","conspire:HitWhereItHurts"],"picked":"Feed","floor":11},{"not_picked":["Brutality","Fiend Fire","Reaper"],"picked":"SKIP","floor":12},{"not_picked":["Juggernaut","Replay:Many Hands"],"picked":"Berserk","floor":13},{"not_picked":["Limit Break","Hemogenesis"],"picked":"Offering","floor":14}],"player_experience":59483,"relics_obtained":[{"floor":6,"key":"Nunchaku"},{"floor":7,"key":"Bag of Preparation"},{"floor":8,"key":"vexMod:ScavengeHelm"},{"floor":9,"key":"LagranYue:MagicReflectiveArmorRelic"},{"floor":10,"key":"Orichalcum"},{"floor":11,"key":"Darkstone Periapt"},{"floor":13,"key":"Happy Flower"},{"floor":14,"key":"Prayer Wheel"}],"event_choices":[{"damage_healed":0,"gold_gain":0,"cards_transformed":["Strike_R"],"player_choice":"Change","damage_taken":0,"max_hp_gain":0,"max_hp_loss":0,"event_name":"Living Wall","floor":2,"gold_loss":0,"cards_obtained":["Barricade"]},{"damage_healed":0,"gold_gain":0,"player_choice":"Swap Relic","damage_taken":0,"relics_obtained":["testmod-TestBox"],"max_hp_gain":0,"max_hp_loss":0,"event_name":"给自己的盒子","floor":5,"relics_lost":["testmod-TestBox"],"gold_loss":0}],"is_beta":false,"boss_relics":[],"items_purged_floors":[],"is_endless":true,"potions_floor_spawned":[1,3,7,11,14],"killed_by":"Fading Forest","ascension_level":1}}