{"host":"qxeepl7ydvsgmfdb","time":1610014301,"event":{"mods":["AchievementEnabler","BaseMod","Colored Powertips","Minty Spire (QoL Compilation)","Quick Restart","slay the spire mod where everything is the same but ironclad has a cowboy hat"],"gold_per_floor":[116,116,116,135,57,57,83,83,83,83,33,49,63,63,63,168,168,156,171,72,72,91,124,124,149,149,180,190,190,215,226,226,321,321,340,356,62,62,62],"floor_reached":38,"playtime":1140,"items_purged":[],"score":464,"play_id":"3cee7e2b-a06c-40d5-9da6-a0d316064a59","local_time":"20210107051141","is_ascension_mode":true,"campfire_choices":[{"data":"Metallicize","floor":6.0,"key":"SMITH"},{"data":"Strike_R","floor":8.0,"key":"SMITH"},{"data":"Perfected Strike","floor":15.0,"key":"SMITH"},{"data":"Impervious","floor":24,"key":"SMITH"},{"data":"Cleave","floor":29,"key":"SMITH"},{"floor":32,"key":"REST"}],"circlet_count":0,"master_deck":["Strike_R","Strike_R","Strike_R","Strike_R+1","Defend_R","Defend_R","Defend_R","Inflame+1","Metallicize+1","Armaments","Perfected Strike+1","Impervious+1","Hemokinesis+1","Whirlwind","Wild Strike","Cleave+1","Iron Wave+1","Rage+1","Fire Breathing","Offering","Flex"],"relics":["Burning Blood","NeowsBlessing","Bronze Scales","Meat on the Bone","Potion Belt","Mango","Lantern","Mark of Pain","Regal Pillow","Red Mask","Red Skull","Bottled Lightning","Paper Frog","Empty Cage","PreservedInsect","Ancient Tea Set"],"acts_visited":["Exordium","TheCity","TheBeyond"],"potions_floor_usage":[23,23,23,23,23,25,27,30,33,33,33,33,38],"damage_taken":[{"damage":0.0,"enemies":"Small Slimes","floor":1.0,"turns":1.0},{"damage":0.0,"enemies":"Jaw Worm","floor":4.0,"turns":1.0},{"damage":0.0,"enemies":"2 Louse","floor":12.0,"turns":1.0},{"damage":27.0,"enemies":"Red Slaver","floor":13.0,"turns":4.0},{"damage":51.0,"enemies":"Hexaghost","floor":16.0,"turns":10.0},{"damage":14.0,"enemies":"2 Thieves","floor":18.0,"turns":4.0},{"damage":17.0,"enemies":"3 Byrds","floor":19.0,"turns":4.0},{"damage":25.0,"enemies":"Snake Plant","floor":22.0,"turns":4.0},{"damage":18,"enemies":"Gremlin Leader","floor":23,"turns":4},{"damage":15,"enemies":"Masked Bandits","floor":25,"turns":3},{"damage":17,"enemies":"Book of Stabbing","floor":27,"turns":3},{"damage":16,"enemies":"Cultist and Chosen","floor":28,"turns":5},{"damage":31,"enemies":"Gremlin Leader","floor":30,"turns":5},{"damage":18,"enemies":"Snecko","floor":31,"turns":4},{"damage":80,"enemies":"Champ","floor":33,"turns":11},{"damage":15,"enemies":"Orb Walker","floor":35,"turns":3},{"damage":36,"enemies":"3 Shapes","floor":36,"turns":3},{"damage":70,"enemies":"2 Orb Walkers","floor":38,"turns":3}],"seed_played":"-2508711132562930752","potions_obtained":[{"floor":4.0,"key":"Block Potion"},{"floor":16.0,"key":"ColorlessPotion"},{"floor":18.0,"key":"PowerPotion"},{"floor":22.0,"key":"SkillPotion"},{"floor":23,"key":"Dexterity Potion"},{"floor":25,"key":"FearPotion"},{"floor":30,"key":"FearPotion"},{"floor":33,"key":"SkillPotion"},{"floor":36,"key":"Dexterity Potion"}],"is_trial":false,"path_per_floor":["M","?","?","M","$","R","T","R","T","?","?","M","M","?","R","B",null,"M","M","$","?","M","E","R","?","T","E","M","R","E","M","R","B",null,"M","M","$","?"],"character_chosen":"IRONCLAD","items_purchased":["Metallicize","EntropicBrew","PreservedInsect","Ancient Tea Set"],"campfire_rested":1,"item_purchase_floors":[5,20,37,37],"current_hp_per_floor":[80,73,73,79,79,79,79,79,79,79,93,94,73,66,66,33,94,86,75,75,75,56,56,56,59,59,60,62,62,49,49,92,30,94,85,55,55,0,0],"gold":62,"neow_bonus":"THREE_ENEMY_KILL","is_daily":false,"chose_seed":false,"campfire_upgraded":5,"win_rate":0.0,"timestamp":1610014301,"path_taken":["M","?","?","M","$","R","?","R","T","?","?","?","M","?","R","BOSS","M","M","$","?","?","E","R","?","T","E","M","R","E","M","R","BOSS","M","M","$","?"],"items_purchased_type":["Card","Potion","Relic","Relic"],"build_version":"2020-12-22","purchased_purges":0,"victory":false,"max_hp_per_floor":[80,80,80,80,80,80,80,80,80,80,94,94,94,94,94,94,94,94,94,94,94,94,94,94,94,94,94,94,94,94,94,94,94,94,94,94,94,94,94],"card_choices":[{"not_picked":["Anger","Twin Strike"],"picked":"Inflame","floor":1.0},{"not_picked":["Havoc","Clothesline","Sever Soul"],"picked":"SKIP","floor":4.0},{"not_picked":["True Grit","Second Wind"],"picked":"Armaments","floor":12.0},{"not_picked":["Reaper","Evolve"],"picked":"Perfected Strike","floor":13.0},{"not_picked":["Brutality","Corruption"],"picked":"Impervious","floor":16.0},{"not_picked":["Disarm","Clothesline+1"],"picked":"Hemokinesis+1","floor":18.0},{"not_picked":["Dual Wield","Armaments+1","Flame Barrier"],"picked":"SKIP","floor":19.0},{"not_picked":["Searing Blow","Flame Barrier"],"picked":"Wild Strike","floor":22.0},{"not_picked":["Bloodletting+1","Thunderclap"],"picked":"Cleave","floor":23},{"not_picked":["Shrug It Off","Cleave"],"picked":"Iron Wave+1","floor":25},{"not_picked":["Headbutt","Reaper","Clash+1"],"picked":"SKIP","floor":27},{"not_picked":["Rupture","Armaments"],"picked":"Rage+1","floor":28},{"not_picked":["Heavy Blade","Havoc","Rage"],"picked":"SKIP","floor":30},{"not_picked":["Shrug It Off+1","Warcry"],"picked":"Fire Breathing","floor":31},{"not_picked":["Limit Break","Berserk"],"picked":"Offering","floor":33},{"not_picked":["Headbutt+1","Battle Trance+1"],"picked":"Flex","floor":35},{"not_picked":["Pommel Strike","Entrench","Clothesline"],"picked":"SKIP","floor":36}],"player_experience":390029,"relics_obtained":[{"floor":7.0,"key":"Bronze Scales"},{"floor":9.0,"key":"Meat on the Bone"},{"floor":23,"key":"Regal Pillow"},{"floor":25,"key":"Red Mask"},{"floor":26,"key":"Red Skull"},{"floor":27,"key":"Bottled Lightning"},{"floor":30,"key":"Paper Frog"}],"event_choices":[{"cards_removed":["Bash"],"damage_healed":0.0,"max_hp_gain":0.0,"max_hp_loss":0.0,"gold_gain":0.0,"event_name":"Golden Wing","player_choice":"Card Removal","floor":2.0,"gold_loss":0.0,"damage_taken":7.0},{"damage_healed":0.0,"max_hp_gain":0.0,"max_hp_loss":0.0,"gold_gain":0.0,"event_name":"Living Wall","player_choice":"Grow","floor":3.0,"gold_loss":0.0,"damage_taken":0.0,"cards_upgraded":["Inflame"]},{"damage_healed":0.0,"max_hp_gain":0.0,"max_hp_loss":0.0,"gold_gain":0.0,"event_name":"Big Fish","player_choice":"Box","floor":10.0,"gold_loss":0.0,"damage_taken":0.0,"relics_obtained":["Potion Belt"],"cards_obtained":["Regret"]},{"damage_healed":0.0,"max_hp_gain":0.0,"max_hp_loss":0.0,"gold_gain":0.0,"event_name":"WeMeetAgain","player_choice":"Paid Gold","floor":11.0,"gold_loss":50.0,"damage_taken":0.0,"relics_obtained":["Mango"]},{"damage_healed":0.0,"max_hp_gain":0.0,"max_hp_loss":0.0,"gold_gain":0.0,"event_name":"Scrap Ooze","player_choice":"Success","floor":14.0,"gold_loss":0.0,"damage_taken":7.0,"relics_obtained":["Lantern"]},{"damage_healed":0.0,"max_hp_gain":0.0,"max_hp_loss":0.0,"gold_gain":0.0,"cards_transformed":["Defend_R"],"event_name":"Transmorgrifier","player_choice":"Transformed","floor":21.0,"gold_loss":0.0,"damage_taken":0.0,"cards_obtained":["Whirlwind"]},{"damage_healed":0,"gold_gain":0,"player_choice":"Fought Bandits","damage_taken":0,"max_hp_gain":0,"max_hp_loss":0,"event_name":"Masked Bandits","floor":25,"gold_loss":0},{"damage_healed":0,"gold_gain":0,"player_choice":"Fight","damage_taken":0,"max_hp_gain":0,"max_hp_loss":0,"event_name":"Mysterious Sphere","floor":38,"gold_loss":0}],"is_beta":false,"boss_relics":[{"not_picked":["Runic Cube","Busted Crown"],"picked":"Mark of Pain"},{"not_picked":["Sozu","Snecko Eye"],"picked":"Empty Cage"}],"items_purged_floors":[],"is_endless":false,"potions_floor_spawned":[4,16,18,22,23,25,30,33,36],"killed_by":"2 Orb Walkers","ascension_level":2}}