{"host":"yn1175etg9ni8l0q","time":1610033588,"event":{"mods":["AchievementEnabler","BaseMod","Colored Map","Colored Powertips","DeckTracker","Minty Spire (QoL Compilation)","Rare Cards Sparkle","Relic Stats","SuperFastMode","everything is the same but u backflip on backflip"],"gold_per_floor":[114,127,143,154,79,79,105,105,178,31,44,44,57,75,75,170,170,187,205,205,205,56,56,72,72,97,97,108,119,132,162,162,258,258,278,295,295,295,315,345,365,376,376,376,19,37,67,67,67,67,67,67,67,99,99],"floor_reached":56,"playtime":1596,"items_purged":["Strike_G","Strike_G+1"],"score":1308,"play_id":"b675acbd-2efe-4d04-be25-8d78fb482ba1","local_time":"20210108003308","is_ascension_mode":false,"campfire_choices":[{"data":"Deflect","floor":6.0,"key":"SMITH"},{"floor":8.0,"key":"REST"},{"data":"Neutralize","floor":15.0,"key":"SMITH"},{"data":"Blade Dance","floor":23.0,"key":"SMITH"},{"data":"Calculated Gamble","floor":25.0,"key":"SMITH"},{"data":"Flechettes","floor":27.0,"key":"SMITH"},{"data":"Prepared","floor":32.0,"key":"SMITH"},{"data":"Choke","floor":44.0,"key":"SMITH"},{"floor":49.0,"key":"RECALL"},{"data":"After Image","floor":52.0,"key":"SMITH"}],"circlet_count":0,"master_deck":["Strike_G+1","Strike_G+1","Defend_G+1","Defend_G+1","Defend_G+1","Survivor","Neutralize+1","Glass Knife","Acrobatics","Calculated Gamble+1","Deflect+1","Blade Dance","Flechettes+1","Blade Dance+1","Adrenaline","Escape Plan","Cloak And Dagger","Backflip","Prepared+1","After Image+1","Accuracy+1","Reprogram+1","Tactician+1","Blade Dance+1","Choke+1","Terror+1"],"relics":["Ring of the Snake","Du-Vu Doll","Vajra","StrikeDummy","WristBlade","MutagenicStrength","PreservedInsect","Bag of Preparation","Pen Nib","Empty Cage","Happy Flower","Meat on the Bone","Pantograph","Dream Catcher","Kunai"],"acts_visited":["Exordium","TheCity","TheBeyond","TheEnding"],"potions_floor_usage":[55,55,55],"damage_taken":[{"damage":0.0,"enemies":"Cultist","floor":1.0,"turns":4.0},{"damage":0.0,"enemies":"2 Louse","floor":2.0,"turns":2.0},{"damage":2.0,"enemies":"Small Slimes","floor":3.0,"turns":3.0},{"damage":9.0,"enemies":"Exordium Wildlife","floor":4.0,"turns":8.0},{"damage":39.0,"enemies":"Lagavulin","floor":7.0,"turns":13.0},{"damage":0.0,"enemies":"2 Fungi Beasts","floor":11.0,"turns":3.0},{"damage":3.0,"enemies":"Red Slaver","floor":13.0,"turns":4.0},{"damage":0.0,"enemies":"Exordium Thugs","floor":14.0,"turns":2.0},{"damage":25.0,"enemies":"Hexaghost","floor":16.0,"turns":11.0},{"damage":5.0,"enemies":"2 Thieves","floor":18.0,"turns":3.0},{"damage":0.0,"enemies":"Shell Parasite","floor":19.0,"turns":3.0},{"damage":0.0,"enemies":"Shelled Parasite and Fungi","floor":24.0,"turns":2.0},{"damage":0.0,"enemies":"Snecko","floor":28.0,"turns":1.0},{"damage":0.0,"enemies":"Snake Plant","floor":29.0,"turns":2.0},{"damage":0.0,"enemies":"Cultist and Chosen","floor":30.0,"turns":2.0},{"damage":6.0,"enemies":"Slavers","floor":31.0,"turns":2.0},{"damage":0.0,"enemies":"Collector","floor":33.0,"turns":2.0},{"damage":0.0,"enemies":"Orb Walker","floor":35.0,"turns":1.0},{"damage":0.0,"enemies":"3 Darklings","floor":36.0,"turns":3.0},{"damage":2.0,"enemies":"4 Shapes","floor":39.0,"turns":6.0},{"damage":17.0,"enemies":"Reptomancer","floor":40.0,"turns":4.0},{"damage":0.0,"enemies":"Jaw Worm Horde","floor":41.0,"turns":3.0},{"damage":0.0,"enemies":"Maw","floor":42.0,"turns":4.0},{"damage":0.0,"enemies":"3 Darklings","floor":46.0,"turns":1.0},{"damage":0.0,"enemies":"Nemesis","floor":47.0,"turns":1.0},{"damage":51.0,"enemies":"Time Eater","floor":50.0,"turns":12.0},{"damage":0.0,"enemies":"Shield and Spear","floor":54.0,"turns":1.0},{"damage":79,"enemies":"The Heart","floor":55,"turns":7}],"seed_played":"3726074255507461554","potions_obtained":[{"floor":2.0,"key":"AttackPotion"},{"floor":4.0,"key":"PowerPotion"},{"floor":7.0,"key":"AttackPotion"},{"floor":13.0,"key":"EssenceOfSteel"},{"floor":18.0,"key":"FearPotion"},{"floor":19.0,"key":"Regen Potion"},{"floor":29.0,"key":"Dexterity Potion"},{"floor":33.0,"key":"CultistPotion"},{"floor":46.0,"key":"Weak Potion"}],"is_trial":false,"path_per_floor":["M","M","M","M","$","R","E","R","T","$","M","T","M","M","R","B",null,"M","M","?","?","$","R","M","R","T","R","M","M","M","E","R","B",null,"M","M","?","?","M","E","M","M","T","R","$","M","E","$","R","B",null,"R","$","E","B",null],"character_chosen":"THE_SILENT","items_purchased":["Vajra","PreservedInsect","Pantograph"],"campfire_rested":1,"item_purchase_floors":[10,22,45],"current_hp_per_floor":[70,70,68,59,59,59,20,41,41,41,41,41,38,38,38,13,70,65,65,65,65,65,65,65,65,65,65,65,65,65,59,59,59,70,70,70,70,70,68,51,51,51,51,51,51,51,51,51,51,31,70,70,70,70,17],"gold":99,"neow_bonus":"ONE_RANDOM_RARE_CARD","is_daily":false,"chose_seed":false,"campfire_upgraded":8,"win_rate":0.0,"timestamp":1610033588,"path_taken":["M","M","M","?","$","R","E","R","T","?","M","?","?","?","R","BOSS","M","M","?","?","?","R","M","R","T","R","M","M","M","E","R","BOSS","M","M","?","?","M","E","M","?","T","R","$","M","E","?","R","BOSS","R","$","E","BOSS"],"items_purchased_type":["Relic","Relic","Relic"],"build_version":"2020-12-22","purchased_purges":2,"victory":true,"max_hp_per_floor":[70,70,70,70,70,70,70,70,70,70,70,70,70,70,70,70,70,70,70,70,70,70,70,70,70,70,70,70,70,70,70,70,70,70,70,70,70,70,70,70,70,70,70,70,70,70,70,70,70,70,70,70,70,70,70],"relic_stats":{"Dream Catcher":0,"Happy Flower":[9],"counters":[28,110],"Pantograph":19,"PreservedInsect":213,"Pen Nib":[14],"Bag of Preparation":[32],"Kunai":[6],"obtain_stats":[{"Happy Flower":40,"Vajra":10,"PreservedInsect":22,"Pen Nib":31,"Bag of Preparation":26,"Empty Cage":34,"Du-Vu Doll":7,"Dream Catcher":47,"WristBlade":17,"MutagenicStrength":21,"Pantograph":45,"Kunai":54,"StrikeDummy":12,"Ring of the Snake":0,"Meat on the Bone":43},{"Happy Flower":21,"Vajra":5,"PreservedInsect":11,"Pen Nib":16,"Bag of Preparation":12,"Empty Cage":17,"Du-Vu Doll":5,"Dream Catcher":25,"WristBlade":9,"MutagenicStrength":11,"Pantograph":23,"Kunai":27,"StrikeDummy":6,"Ring of the Snake":0,"Meat on the Bone":23},{"Happy Flower":81,"Vajra":30,"PreservedInsect":56,"Pen Nib":65,"Bag of Preparation":58,"Empty Cage":67,"Du-Vu Doll":30,"Dream Catcher":90,"WristBlade":50,"MutagenicStrength":56,"Pantograph":88,"Kunai":103,"StrikeDummy":33,"Ring of the Snake":0,"Meat on the Bone":88}],"Ring of the Snake":[56],"Meat on the Bone":24},"card_choices":[{"not_picked":["Leg Sweep","Deadly Poison"],"picked":"Acrobatics","floor":1.0},{"not_picked":["Outmaneuver","Distraction","Bane"],"picked":"SKIP","floor":2.0},{"not_picked":["Quick Slash","Predator"],"picked":"Calculated Gamble","floor":3.0},{"not_picked":["Bane","Masterful Stab"],"picked":"Deflect","floor":4.0},{"not_picked":["Flying Knee","Bane"],"picked":"Blade Dance","floor":7.0},{"not_picked":["Dagger Spray","Heel Hook","Deadly Poison"],"picked":"SKIP","floor":11.0},{"not_picked":["Outmaneuver","Dagger Spray"],"picked":"Flechettes","floor":13.0},{"not_picked":["Acrobatics","Prepared"],"picked":"Blade Dance","floor":14.0},{"not_picked":["Envenom","Unload"],"picked":"Adrenaline","floor":16.0},{"not_picked":["Choke","Deadly Poison"],"picked":"Escape Plan","floor":18.0},{"not_picked":["Dagger Spray","Slice"],"picked":"Cloak And Dagger","floor":19.0},{"not_picked":["Flying Knee+1","Underhanded Strike+1"],"picked":"Backflip","floor":24.0},{"not_picked":["Envenom","Dodge and Roll","Blade Dance"],"picked":"SKIP","floor":28.0},{"not_picked":["Masterful Stab","Poisoned Stab","Outmaneuver"],"picked":"SKIP","floor":29.0},{"not_picked":["Deadly Poison","Dagger Spray","Bane"],"picked":"SKIP","floor":30.0},{"not_picked":["Bane+1","A Thousand Cuts"],"picked":"Prepared","floor":31.0},{"not_picked":["Adrenaline","Doppelganger"],"picked":"After Image","floor":33.0},{"not_picked":["Deadly Poison+1","Slice"],"picked":"Accuracy+1","floor":35.0},{"not_picked":["Dagger Spray+1","Prepared+1","Setup+1"],"picked":"SKIP","floor":36.0},{"not_picked":["Backstab","Quick Slash","Cloak And Dagger"],"picked":"SKIP","floor":39.0},{"not_picked":["Flechettes","PiercingWail+1"],"picked":"Tactician+1","floor":40.0},{"not_picked":["Dodge and Roll+1","Tactician+1"],"picked":"Blade Dance+1","floor":41.0},{"not_picked":["Backflip+1","Eviscerate"],"picked":"Choke","floor":42.0},{"not_picked":["Finisher","Skewer+1","Underhanded Strike"],"picked":"SKIP","floor":46.0},{"not_picked":["All Out Attack+1","Night Terror","Finisher"],"picked":"SKIP","floor":47.0},{"not_picked":["Bouncing Flask+1","Prepared"],"picked":"Terror+1","floor":54.0}],"player_experience":311562,"relics_obtained":[{"floor":7.0,"key":"Du-Vu Doll"},{"floor":12.0,"key":"StrikeDummy"},{"floor":26.0,"key":"Bag of Preparation"},{"floor":31.0,"key":"Pen Nib"},{"floor":40.0,"key":"Happy Flower"},{"floor":43.0,"key":"Meat on the Bone"},{"floor":47.0,"key":"Dream Catcher"},{"floor":54.0,"key":"Kunai"}],"event_choices":[{"damage_healed":0.0,"max_hp_gain":0.0,"max_hp_loss":0.0,"gold_gain":0.0,"event_name":"Back to Basics","player_choice":"Simplicity","floor":20.0,"gold_loss":0.0,"damage_taken":0.0,"cards_upgraded":["Strike_G","Strike_G","Strike_G","Strike_G","Defend_G","Defend_G","Defend_G","Defend_G","Defend_G"]},{"damage_healed":0.0,"max_hp_gain":0.0,"max_hp_loss":0.0,"gold_gain":0.0,"event_name":"Drug Dealer","player_choice":"Inject Mutagens","floor":21.0,"gold_loss":0.0,"damage_taken":0.0,"relics_obtained":["MutagenicStrength"]},{"damage_healed":0.0,"max_hp_gain":0.0,"max_hp_loss":0.0,"gold_gain":0.0,"event_name":"Tomb of Lord Red Mask","player_choice":"Ignored","floor":37.0,"gold_loss":0.0,"damage_taken":0.0},{"cards_removed":["Defend_G"],"damage_healed":0.0,"max_hp_gain":0.0,"max_hp_loss":0.0,"gold_gain":0.0,"event_name":"NoteForYourself","player_choice":"Took Card","floor":38.0,"gold_loss":0.0,"damage_taken":0.0,"cards_obtained":["Reprogram"]}],"is_beta":false,"boss_relics":[{"not_picked":["Calling Bell","Pandora\u0027s Box"],"picked":"WristBlade"},{"not_picked":["SacredBark","Ring of the Serpent"],"picked":"Empty Cage"}],"items_purged_floors":[5,45],"is_endless":false,"potions_floor_spawned":[2,4,7,13,18,19,29,30,33,39,42,46,47],"ascension_level":0}}