{"host":"b995t17pt6d05w8c","time":1610045286,"event":{"mods":["AchievementEnabler","BaseMod","Colored Map","Minty Spire (QoL Compilation)","SuperFastMode"],"gold_per_floor":[113,38,3,3,18,44,58,78,78,78,90,90,125,136,136,232,232,243,261,261,261,273,308,308,308,308,208,208,228,237,261,261,368,368,394,413,413,429,439,439,454,454,454,239,239,257,274,13,13,13],"floor_reached":51,"playtime":1202,"items_purged":["Strike_G","Strike_G+1","Strike_G+1"],"score":995,"play_id":"151483e2-e037-462a-9a8a-5206395965c8","local_time":"20210108034806","is_ascension_mode":true,"campfire_choices":[{"data":"Catalyst","floor":10.0,"key":"SMITH"},{"data":"Deadly Poison","floor":12.0,"key":"SMITH"},{"data":"Burst","floor":15.0,"key":"SMITH"},{"data":"Bouncing Flask","floor":24.0,"key":"SMITH"},{"data":"Corpse Explosion","floor":28.0,"key":"SMITH"},{"data":"Enlightenment","floor":32.0,"key":"SMITH"},{"floor":40.0,"key":"REST"},{"data":"Prepared","floor":45,"key":"SMITH"},{"data":"Calculated Gamble","floor":49,"key":"SMITH"}],"circlet_count":0,"master_deck":["Strike_G+1","Strike_G+1","Defend_G+1","Defend_G+1","Defend_G+1","Defend_G+1","Defend_G+1","Survivor","Neutralize+1","Dagger Throw","Catalyst+1","Reflex+1","Burst+1","Backstab","Deadly Poison+1","Bouncing Flask+1","Corpse Explosion+1","Well Laid Plans+1","Prepared+1","Enlightenment+1","Crippling Poison+1","Adrenaline+1","Calculated Gamble+1","Calculated Gamble+1","Blur","Blur"],"relics":["Ring of the Serpent","NeowsBlessing","Art of War","Mercury Hourglass","Du-Vu Doll","CeramicFish","Paper Crane","Cursed Key","Anchor"],"acts_visited":["Exordium","TheCity","TheBeyond"],"potions_floor_usage":[],"damage_taken":[{"damage":0.0,"enemies":"Small Slimes","floor":1.0,"turns":1.0},{"damage":0.0,"enemies":"Cultist","floor":5.0,"turns":1.0},{"damage":0.0,"enemies":"3 Sentries","floor":6.0,"turns":1.0},{"damage":3.0,"enemies":"2 Louse","floor":7.0,"turns":3.0},{"damage":0.0,"enemies":"Blue Slaver","floor":8.0,"turns":5.0},{"damage":1.0,"enemies":"3 Louse","floor":11.0,"turns":4.0},{"damage":0.0,"enemies":"Lagavulin","floor":13.0,"turns":3.0},{"damage":5.0,"enemies":"Red Slaver","floor":14.0,"turns":2.0},{"damage":0.0,"enemies":"The Guardian","floor":16.0,"turns":5.0},{"damage":0.0,"enemies":"Chosen","floor":18.0,"turns":4.0},{"damage":1.0,"enemies":"3 Byrds","floor":19.0,"turns":2.0},{"damage":0.0,"enemies":"Snecko","floor":22.0,"turns":3.0},{"damage":23.0,"enemies":"Slavers","floor":23.0,"turns":5.0},{"damage":0.0,"enemies":"Snake Plant","floor":29.0,"turns":3.0},{"damage":4.0,"enemies":"Shelled Parasite and Fungi","floor":31.0,"turns":5.0},{"damage":11.0,"enemies":"Collector","floor":33.0,"turns":5.0},{"damage":4.0,"enemies":"3 Shapes","floor":35.0,"turns":4.0},{"damage":0.0,"enemies":"Orb Walker","floor":36.0,"turns":3.0},{"damage":11.0,"enemies":"Writhing Mass","floor":38.0,"turns":4.0},{"damage":4.0,"enemies":"Sphere and 2 Shapes","floor":39.0,"turns":3.0},{"damage":0.0,"enemies":"Maw","floor":41.0,"turns":4.0},{"damage":6,"enemies":"3 Darklings","floor":46,"turns":3},{"damage":0,"enemies":"Sphere and 2 Shapes","floor":47,"turns":3},{"damage":10,"enemies":"Time Eater","floor":50,"turns":4}],"seed_played":"3236447179473559004","potions_obtained":[{"floor":6.0,"key":"Energy Potion"},{"floor":8.0,"key":"Explosive Potion"},{"floor":13.0,"key":"Swift Potion"},{"floor":14.0,"key":"GhostInAJar"},{"floor":23.0,"key":"Swift Potion"},{"floor":31.0,"key":"Block Potion"},{"floor":33.0,"key":"SkillPotion"},{"floor":47,"key":"SpeedPotion"}],"is_trial":false,"path_per_floor":["M","$","?","?","M","E","M","M","T","R","M","R","E","M","R","B",null,"M","M","?","?","M","E","R","?","T","$","R","M","?","M","R","B",null,"M","M","?","M","M","R","M","?","T","$","R","M","M","$","R","B",null],"character_chosen":"THE_SILENT","items_purchased":["Blur","Anchor","Blur","GamblersBrew"],"campfire_rested":1,"item_purchase_floors":[44,44,48,48],"current_hp_per_floor":[70,70,70,70,70,70,67,67,67,67,66,66,66,61,61,61,68,68,67,67,67,67,44,44,44,44,44,44,44,44,40,40,29,60,56,56,56,45,41,62,62,62,62,62,62,56,56,56,56,46],"gold":13,"neow_bonus":"THREE_ENEMY_KILL","is_daily":false,"chose_seed":false,"campfire_upgraded":8,"win_rate":0.0,"timestamp":1610045286,"path_taken":["M","$","?","?","?","E","M","M","T","R","M","R","E","M","R","BOSS","M","?","?","?","M","E","R","?","T","$","R","?","?","M","R","BOSS","M","M","?","M","M","R","?","?","T","$","R","M","M","$","R","BOSS"],"items_purchased_type":["Card","Relic","Card","Potion"],"build_version":"2020-12-22","purchased_purges":3,"victory":true,"max_hp_per_floor":[70,70,70,70,70,70,70,70,70,70,70,70,70,70,70,70,70,70,70,70,70,70,70,70,70,70,70,70,70,70,70,70,70,70,70,70,70,70,70,70,70,70,70,70,70,70,70,70,70,70],"card_choices":[{"not_picked":["Outmaneuver","Backflip"],"picked":"Dagger Throw","floor":1.0},{"not_picked":["Poisoned Stab","Distraction"],"picked":"Catalyst","floor":5.0},{"not_picked":["Dagger Throw","Backflip"],"picked":"Reflex","floor":6.0},{"not_picked":["Quick Slash","Dagger Throw"],"picked":"Burst","floor":7.0},{"not_picked":["Quick Slash","Dagger Throw"],"picked":"Backstab","floor":8.0},{"not_picked":["Backstab","Dash"],"picked":"Deadly Poison","floor":11.0},{"not_picked":["Sucker Punch","Backflip"],"picked":"Bouncing Flask","floor":13.0},{"not_picked":["Dagger Spray","Reflex","PiercingWail"],"picked":"SKIP","floor":14.0},{"not_picked":["Wraith Form v2","Night Terror"],"picked":"Corpse Explosion","floor":16.0},{"not_picked":["Acrobatics","Noxious Fumes"],"picked":"Well Laid Plans+1","floor":18.0},{"not_picked":["Choke","All Out Attack+1","Cloak And Dagger"],"picked":"SKIP","floor":19.0},{"not_picked":["Heel Hook","Deflect+1","Deadly Poison"],"picked":"SKIP","floor":22.0},{"not_picked":["Burst","Outmaneuver","Deflect"],"picked":"SKIP","floor":23.0},{"not_picked":["Distraction","Deadly Poison"],"picked":"Prepared","floor":29.0},{"not_picked":["Underhanded Strike","Finisher+1"],"picked":"Crippling Poison+1","floor":31.0},{"not_picked":["After Image","Doppelganger"],"picked":"Adrenaline","floor":33.0},{"not_picked":["Poisoned Stab","Heel Hook+1"],"picked":"Calculated Gamble","floor":35.0},{"not_picked":["Dagger Throw+1","PiercingWail+1"],"picked":"Calculated Gamble+1","floor":36.0},{"not_picked":["Deflect","Dodge and Roll","Dagger Spray"],"picked":"SKIP","floor":38.0},{"not_picked":["Dash","Dagger Spray","Quick Slash"],"picked":"SKIP","floor":39.0},{"not_picked":["Outmaneuver+1","Blade Dance","Deflect"],"picked":"SKIP","floor":41.0},{"not_picked":["Bane+1","Quick Slash","Underhanded Strike"],"picked":"SKIP","floor":46},{"not_picked":["Dodge and Roll+1","Reflex","Doppelganger"],"picked":"SKIP","floor":47}],"player_experience":45933,"relics_obtained":[{"floor":6.0,"key":"Art of War"},{"floor":9.0,"key":"Mercury Hourglass"},{"floor":13.0,"key":"Du-Vu Doll"},{"floor":23.0,"key":"CeramicFish"},{"floor":26.0,"key":"Paper Crane"}],"event_choices":[{"damage_healed":17.0,"max_hp_gain":0.0,"max_hp_loss":0.0,"gold_gain":0.0,"event_name":"The Cleric","player_choice":"Healed","floor":3.0,"gold_loss":35.0,"damage_taken":0.0},{"damage_healed":0.0,"max_hp_gain":0.0,"max_hp_loss":0.0,"gold_gain":0.0,"event_name":"Upgrade Shrine","player_choice":"Upgraded","floor":4.0,"gold_loss":0.0,"damage_taken":0.0,"cards_upgraded":["Neutralize"]},{"damage_healed":0.0,"max_hp_gain":0.0,"max_hp_loss":0.0,"gold_gain":0.0,"event_name":"Back to Basics","player_choice":"Simplicity","floor":20.0,"gold_loss":0.0,"damage_taken":0.0,"cards_upgraded":["Strike_G","Strike_G","Strike_G","Strike_G","Defend_G","Defend_G","Defend_G","Defend_G","Defend_G"]},{"damage_healed":0.0,"max_hp_gain":0.0,"max_hp_loss":0.0,"gold_gain":0.0,"event_name":"Cursed Tome","player_choice":"Ignored","floor":21.0,"gold_loss":0.0,"damage_taken":0.0},{"damage_healed":0.0,"max_hp_gain":0.0,"max_hp_loss":0.0,"gold_gain":0.0,"event_name":"Upgrade Shrine","player_choice":"Upgraded","floor":25.0,"gold_loss":0.0,"damage_taken":0.0,"cards_upgraded":["Reflex"]},{"damage_healed":0.0,"max_hp_gain":0.0,"max_hp_loss":0.0,"gold_gain":0.0,"event_name":"Match and Keep!","player_choice":"1 cards matched","floor":30.0,"gold_loss":0.0,"damage_taken":0.0,"cards_obtained":["Enlightenment"]},{"damage_healed":0.0,"max_hp_gain":0.0,"max_hp_loss":0.0,"gold_gain":0.0,"event_name":"Upgrade Shrine","player_choice":"Upgraded","floor":37.0,"gold_loss":0.0,"damage_taken":0.0,"cards_upgraded":["Adrenaline"]},{"damage_healed":0.0,"max_hp_gain":0.0,"max_hp_loss":0.0,"gold_gain":0.0,"event_name":"Tomb of Lord Red Mask","player_choice":"Ignored","floor":42.0,"gold_loss":0.0,"damage_taken":0.0}],"is_beta":false,"boss_relics":[{"not_picked":["Tiny House","WristBlade"],"picked":"Ring of the Serpent"},{"not_picked":["Sozu","Snecko Eye"],"picked":"Cursed Key"}],"items_purged_floors":[2,27,48],"is_endless":false,"potions_floor_spawned":[6,8,13,14,16,23,31,33,35,36,47],"ascension_level":5}}