{"host":"ga4s3hj9m6nkn6gp","time":1610048745,"event":{"mods":["AchievementEnabler","BaseMod","Bestiary","Colored Powertips","Highlight Path","Minty Spire (QoL Compilation)","Relic Stats","everything is the same but u backflip on backflip"],"gold_per_floor":[117,42,53,53,53,82,82,82,127,137,166,166,166,186,186,262,262,275,275,275,27,77,108,108,108,108],"floor_reached":25,"playtime":877,"items_purged":["Strike_G"],"score":500,"play_id":"ae94fb61-b92e-4118-a1b6-ea91cdc79e0d","local_time":"20210107204545","is_ascension_mode":true,"campfire_choices":[{"data":"Caltrops","floor":7,"key":"SMITH"},{"floor":13,"key":"DIG"},{"data":"Dash","floor":15,"key":"SMITH"},{"floor":24,"key":"REST"}],"circlet_count":0,"master_deck":["AscendersBane","Strike_G","Strike_G","Defend_G","Defend_G","Defend_G","Defend_G","Defend_G","Survivor","Neutralize","Caltrops","Caltrops+1","Sucker Punch","Dash+1","Decay","Caltrops","Wraith Form v2","Deflect+1"],"relics":["Ring of the Snake","NeowsBlessing","Bottled Tornado","Ancient Tea Set","Shovel","Mummified Hand","Dream Catcher","Velvet Choker","Nilry\u0027s Codex","ClockworkSouvenir","Molten Egg 2"],"acts_visited":["Exordium","TheCity"],"potions_floor_usage":[11,16,23],"damage_taken":[{"damage":0,"enemies":"Small Slimes","floor":1,"turns":1},{"damage":0,"enemies":"Jaw Worm","floor":3,"turns":1},{"damage":0,"enemies":"3 Sentries","floor":6,"turns":2},{"damage":0,"enemies":"Cultist","floor":10,"turns":4},{"damage":35,"enemies":"Lagavulin","floor":11,"turns":10},{"damage":0,"enemies":"Exordium Wildlife","floor":14,"turns":4},{"damage":18,"enemies":"The Guardian","floor":16,"turns":11},{"damage":13,"enemies":"Spheric Guardian","floor":18,"turns":7},{"damage":10,"enemies":"Slavers","floor":23,"turns":6},{"damage":44,"enemies":"Gremlin Leader","floor":25,"turns":6}],"seed_played":"4882753737265287560","potions_obtained":[{"floor":3,"key":"Poison Potion"},{"floor":10,"key":"LiquidBronze"},{"floor":16,"key":"SpeedPotion"},{"floor":23,"key":"Fruit Juice"}],"is_trial":false,"path_per_floor":["M","$","M","?","?","E","R","?","T","M","E","?","R","M","R","B",null,"M","?","?","$","?","E","R","E"],"character_chosen":"THE_SILENT","items_purchased":["Caltrops","ClockworkSouvenir"],"campfire_rested":1,"item_purchase_floors":[21,21],"current_hp_per_floor":[59,59,59,59,52,52,52,57,57,57,22,22,22,22,22,4,54,41,41,20,20,20,10,31,0,0],"gold":108,"neow_bonus":"THREE_ENEMY_KILL","is_daily":false,"chose_seed":false,"campfire_upgraded":2,"win_rate":0.0,"timestamp":1610048745,"path_taken":["M","$","M","?","?","E","R","?","T","?","E","?","R","?","R","BOSS","M","?","?","$","?","E","R","E"],"items_purchased_type":["Card","Relic"],"build_version":"2020-12-22","purchased_purges":1,"victory":false,"max_hp_per_floor":[66,66,66,66,66,66,66,71,71,71,71,71,71,71,71,71,71,71,71,71,71,71,71,71,71,71],"relic_stats":{"Dream Catcher":1,"Shovel":1,"counters":[10,52],"Mummified Hand":[13],"obtain_stats":[{"Dream Catcher":13,"Shovel":11,"NeowsBlessing":0,"Mummified Hand":12,"Nilry\u0027s Codex":20,"Velvet Choker":17,"Molten Egg 2":23,"Bottled Tornado":6,"Ancient Tea Set":9,"Ring of the Snake":0,"ClockworkSouvenir":21},{"Dream Catcher":5,"Shovel":5,"NeowsBlessing":0,"Mummified Hand":5,"Nilry\u0027s Codex":8,"Velvet Choker":7,"Molten Egg 2":9,"Bottled Tornado":3,"Ancient Tea Set":3,"Ring of the Snake":0,"ClockworkSouvenir":8},{"Dream Catcher":18,"Shovel":18,"NeowsBlessing":0,"Mummified Hand":18,"Nilry\u0027s Codex":40,"Velvet Choker":33,"Molten Egg 2":46,"Bottled Tornado":4,"Ancient Tea Set":4,"Ring of the Snake":0,"ClockworkSouvenir":40}],"Ring of the Snake":[20]},"card_choices":[{"not_picked":["Acrobatics","Tactician"],"picked":"Caltrops","floor":1},{"not_picked":["Endless Agony","Backstab"],"picked":"Caltrops","floor":3},{"not_picked":["Endless Agony","Dagger Spray","Acrobatics"],"picked":"SKIP","floor":6},{"not_picked":["Flechettes","Dagger Throw"],"picked":"Dash","floor":10},{"not_picked":["All Out Attack","Sucker Punch","Distraction"],"picked":"SKIP","floor":11},{"not_picked":["Predator","Dagger Throw","Flying Knee"],"picked":"SKIP","floor":14},{"not_picked":["Prepared","Poisoned Stab","Cloak And Dagger+1"],"picked":"SKIP","floor":18},{"not_picked":["Dagger Spray+1","Riddle With Holes+1"],"picked":"Wraith Form v2","floor":23},{"not_picked":["Prepared","Expertise"],"picked":"Deflect+1","floor":24}],"player_experience":596586,"relics_obtained":[{"floor":6,"key":"Bottled Tornado"},{"floor":9,"key":"Ancient Tea Set"},{"floor":11,"key":"Shovel"},{"floor":12,"key":"Mummified Hand"},{"floor":13,"key":"Dream Catcher"},{"floor":20,"key":"Nilry\u0027s Codex"},{"floor":23,"key":"Molten Egg 2"}],"event_choices":[{"damage_healed":0,"gold_gain":0,"cards_transformed":["Strike_G"],"player_choice":"Change","damage_taken":0,"max_hp_gain":0,"max_hp_loss":0,"event_name":"Living Wall","floor":4,"gold_loss":0,"cards_obtained":["Sucker Punch"]},{"cards_removed":["Strike_G"],"damage_healed":0,"gold_gain":0,"player_choice":"Card Removal","damage_taken":7,"max_hp_gain":0,"max_hp_loss":0,"event_name":"Golden Wing","floor":5,"gold_loss":0},{"damage_healed":0,"gold_gain":0,"player_choice":"Donut","damage_taken":0,"max_hp_gain":5,"max_hp_loss":0,"event_name":"Big Fish","floor":8,"gold_loss":0},{"damage_healed":0,"gold_gain":0,"player_choice":"Relic","damage_taken":0,"max_hp_gain":0,"max_hp_loss":0,"event_name":"Wheel of Change","floor":12,"gold_loss":0},{"damage_healed":0,"gold_gain":0,"player_choice":"Smashed Altar","damage_taken":0,"max_hp_gain":0,"max_hp_loss":0,"event_name":"Forgotten Altar","floor":19,"gold_loss":0,"cards_obtained":["Decay"]},{"damage_healed":0,"gold_gain":0,"player_choice":"Obtained Book","damage_taken":21,"max_hp_gain":0,"max_hp_loss":0,"event_name":"Cursed Tome","floor":20,"gold_loss":0},{"damage_healed":0,"gold_gain":50,"player_choice":"Pray","damage_taken":0,"max_hp_gain":0,"max_hp_loss":0,"event_name":"Golden Shrine","floor":22,"gold_loss":0}],"is_beta":false,"boss_relics":[{"not_picked":["Empty Cage","Tiny House"],"picked":"Velvet Choker"}],"items_purged_floors":[2],"is_endless":false,"potions_floor_spawned":[3,10,16,23],"killed_by":"Gremlin Leader","ascension_level":20}}