{"host":"mruvby243fwgm3bp","time":1610061109,"event":{"mods":["AchievementEnabler","BaseMod","Colored Map","Colored Powertips","Minty Spire (QoL Compilation)","Permanent Neow","Random Character Button","StSLib"],"gold_per_floor":[11,11,30,106,125,125,141,182,233,257,257,282,282,302,302,432,432,456,188,207,132,158,192,192,210,210,210,250,271,307,323,323,451,451,469,532,552,552,552,583,583,250,250,285,285,285,160,176,176,176],"floor_reached":51,"playtime":4374,"items_purged":["Strike_G","Strike_G","Strike_G"],"score":1067,"play_id":"e08667d3-6abf-4ca1-9f99-d045787bae64","local_time":"20210107151149","is_ascension_mode":true,"campfire_choices":[{"data":"Bullet Time","floor":6,"key":"SMITH"},{"data":"Acrobatics","floor":11,"key":"SMITH"},{"data":"Backflip","floor":15,"key":"SMITH"},{"data":"Apotheosis","floor":24,"key":"SMITH"},{"data":"Bullet Time","floor":27,"key":"SMITH"},{"data":"Acrobatics","floor":32,"key":"SMITH"},{"data":"Envenom","floor":41,"key":"SMITH"},{"data":"Well Laid Plans","floor":46,"key":"SMITH"},{"floor":49,"key":"REST"}],"circlet_count":0,"master_deck":["Strike_G+1","Defend_G","Defend_G","Defend_G","Defend_G","Defend_G","Survivor","Neutralize","Bullet Time+1","Masterful Stab+1","Backstab","Backflip+1","Dagger Spray","PiercingWail","Acrobatics+1","Backflip+1","Unload","Calculated Gamble","Apotheosis+1","Dagger Spray","Terror","Bullet Time+1","Acrobatics+1","Envenom+1","Purity","Well Laid Plans+1"],"relics":["Ring of the Snake","Golden Idol","White Beast Statue","Anchor","HoveringKite","Happy Flower","Strawberry","Meat on the Bone","Pen Nib","Whetstone","SacredBark","Tough Bandages","Letter Opener","Lee\u0027s Waffle","Bag of Marbles","InkBottle"],"acts_visited":["Exordium","TheCity","TheBeyond"],"potions_floor_usage":[8,8,16,16,16,20,23,25,28,30,31,33,35,40,50,50],"damage_taken":[{"damage":14,"enemies":"Small Slimes","floor":1,"turns":6},{"damage":0,"enemies":"Jaw Worm","floor":3,"turns":3},{"damage":0,"enemies":"Cultist","floor":5,"turns":3},{"damage":14,"enemies":"Exordium Wildlife","floor":7,"turns":5},{"damage":0,"enemies":"3 Sentries","floor":8,"turns":2},{"damage":0,"enemies":"Red Slaver","floor":10,"turns":3},{"damage":0,"enemies":"Large Slime","floor":12,"turns":5},{"damage":0,"enemies":"3 Louse","floor":14,"turns":2},{"damage":12,"enemies":"Hexaghost","floor":16,"turns":13},{"damage":4,"enemies":"Shell Parasite","floor":18,"turns":5},{"damage":0,"enemies":"3 Byrds","floor":20,"turns":4},{"damage":23,"enemies":"Slavers","floor":23,"turns":6},{"damage":5,"enemies":"Centurion and Healer","floor":25,"turns":7},{"damage":10,"enemies":"Gremlin Leader","floor":28,"turns":8},{"damage":0,"enemies":"3 Cultists","floor":29,"turns":4},{"damage":0,"enemies":"Book of Stabbing","floor":30,"turns":3},{"damage":21,"enemies":"Shelled Parasite and Fungi","floor":31,"turns":4},{"damage":25,"enemies":"Champ","floor":33,"turns":11},{"damage":0,"enemies":"3 Darklings","floor":35,"turns":2},{"damage":0,"enemies":"Mind Bloom Boss Battle","floor":36,"turns":5},{"damage":0,"enemies":"Orb Walker","floor":37,"turns":3},{"damage":14,"enemies":"Nemesis","floor":40,"turns":9},{"damage":0,"enemies":"Giant Head","floor":44,"turns":5},{"damage":22,"enemies":"Writhing Mass","floor":48,"turns":5},{"damage":80,"enemies":"Time Eater","floor":50,"turns":15}],"seed_played":"-7824215396731586484","potions_obtained":[{"floor":1,"key":"Energy Potion"},{"floor":3,"key":"ColorlessPotion"},{"floor":7,"key":"Explosive Potion"},{"floor":10,"key":"ColorlessPotion"},{"floor":12,"key":"Fire Potion"},{"floor":14,"key":"SpeedPotion"},{"floor":16,"key":"PowerPotion"},{"floor":18,"key":"FearPotion"},{"floor":20,"key":"PowerPotion"},{"floor":23,"key":"CunningPotion"},{"floor":25,"key":"CunningPotion"},{"floor":28,"key":"LiquidBronze"},{"floor":29,"key":"BlessingOfTheForge"},{"floor":30,"key":"Dexterity Potion"},{"floor":31,"key":"Strength Potion"},{"floor":33,"key":"ColorlessPotion"},{"floor":35,"key":"Dexterity Potion"},{"floor":37,"key":"Block Potion"},{"floor":40,"key":"CultistPotion"},{"floor":48,"key":"FairyPotion"}],"is_trial":false,"path_per_floor":["M","?","M","?","M","R","M","E","T","M","R","M","?","M","R","B",null,"M","$","M","?","T","E","R","M","T","R","E","M","E","M","R","B",null,"M","?","M","?","?","E","R","$","T","E","?","R","$","M","R","B",null],"character_chosen":"THE_SILENT","items_purchased":["Apotheosis","Dagger Spray","Well Laid Plans","Lee\u0027s Waffle"],"campfire_rested":1,"item_purchase_floors":[19,19,42,42],"current_hp_per_floor":[49,49,49,49,49,49,35,35,35,35,35,35,35,35,35,23,55,51,51,51,51,51,35,35,30,30,30,32,44,44,35,35,22,60,60,60,60,60,60,46,46,75,75,75,75,75,75,53,75,45],"gold":176,"neow_bonus":"THREE_RARE_CARDS","is_daily":false,"chose_seed":false,"campfire_upgraded":8,"win_rate":0.0,"timestamp":1610061109,"path_taken":["M","?","M","?","M","R","M","E","T","M","R","M","?","M","R","BOSS","M","$","?","?","?","E","R","M","T","R","E","?","E","M","R","BOSS","M","?","M","?","?","E","R","$","T","E","?","R","$","M","R","BOSS"],"items_purchased_type":["Card","Card","Card","Relic"],"build_version":"2020-12-22","purchased_purges":3,"victory":true,"max_hp_per_floor":[70,65,65,65,65,65,65,65,65,65,65,65,65,65,65,65,65,65,65,65,65,65,72,72,72,72,72,72,72,72,72,72,72,72,72,72,72,72,68,68,68,75,75,75,75,75,75,75,75,75],"card_choices":[{"not_picked":["Grand Finale","Burst"],"picked":"Bullet Time","floor":0},{"not_picked":["Tactician","Dagger Throw"],"picked":"Masterful Stab","floor":1},{"not_picked":["Bane","Quick Slash"],"picked":"Backstab","floor":3},{"not_picked":["Flying Knee","Concentrate"],"picked":"Backflip","floor":5},{"not_picked":["Underhanded Strike","Storm of Steel"],"picked":"Dagger Spray","floor":7},{"not_picked":["Distraction","Predator"],"picked":"PiercingWail","floor":8},{"not_picked":["Concentrate","Finisher"],"picked":"Acrobatics","floor":10},{"not_picked":["Slice","Distraction"],"picked":"Backflip","floor":12},{"not_picked":["Finisher","Underhanded Strike","Outmaneuver"],"picked":"SKIP","floor":14},{"not_picked":["Malaise","Night Terror"],"picked":"Unload","floor":16},{"not_picked":["Skewer","Underhanded Strike+1"],"picked":"Calculated Gamble","floor":18},{"not_picked":["Flying Knee+1","Crippling Poison"],"picked":"Terror","floor":20},{"not_picked":["Bouncing Flask","Setup"],"picked":"Bullet Time","floor":23},{"not_picked":["Skewer+1","Underhanded Strike","Prepared"],"picked":"SKIP","floor":25},{"not_picked":["Quick Slash","Outmaneuver+1","Dodge and Roll"],"picked":"SKIP","floor":28},{"not_picked":["Underhanded Strike","Quick Slash","Deadly Poison+1"],"picked":"SKIP","floor":29},{"not_picked":["Skewer+1","Underhanded Strike","Poisoned Stab"],"picked":"SKIP","floor":30},{"not_picked":["Prepared+1","Backstab"],"picked":"Acrobatics","floor":31},{"not_picked":["Glass Knife","Unload"],"picked":"Envenom","floor":33},{"not_picked":["Dagger Spray","Outmaneuver","Sucker Punch"],"picked":"SKIP","floor":35},{"not_picked":["Blade Dance","Dagger Spray+1","Crippling Poison+1"],"picked":"SKIP","floor":37},{"not_picked":["Bandage Up","Panacea"],"picked":"Purity","floor":38},{"not_picked":["Masterful Stab","Bullet Time","Deadly Poison"],"picked":"SKIP","floor":40},{"not_picked":["Accuracy+1","Slice+1","Dagger Spray"],"picked":"SKIP","floor":44},{"not_picked":["PiercingWail","Deadly Poison+1","Reflex+1"],"picked":"SKIP","floor":48}],"player_experience":387029,"relics_obtained":[{"floor":8,"key":"White Beast Statue"},{"floor":9,"key":"Anchor"},{"floor":22,"key":"Happy Flower"},{"floor":23,"key":"Strawberry"},{"floor":26,"key":"Meat on the Bone"},{"floor":28,"key":"Pen Nib"},{"floor":30,"key":"Whetstone"},{"floor":36,"key":"Tough Bandages"},{"floor":40,"key":"Letter Opener"},{"floor":43,"key":"Bag of Marbles"},{"floor":44,"key":"InkBottle"}],"event_choices":[{"damage_healed":0,"gold_gain":0,"player_choice":"Lose Max HP","damage_taken":0,"relics_obtained":["Golden Idol"],"max_hp_gain":0,"max_hp_loss":5,"event_name":"Golden Idol","floor":2,"gold_loss":0},{"damage_healed":0,"gold_gain":76,"player_choice":"Gained Gold","damage_taken":0,"max_hp_gain":0,"max_hp_loss":0,"event_name":"Golden Wing","floor":4,"gold_loss":0},{"damage_healed":0,"gold_gain":0,"player_choice":"Forge","damage_taken":0,"max_hp_gain":0,"max_hp_loss":0,"event_name":"Accursed Blacksmith","floor":13,"gold_loss":0,"cards_upgraded":["Backflip"]},{"cards_removed":["Strike_G"],"damage_healed":0,"gold_gain":0,"player_choice":"Gave Gold","damage_taken":0,"max_hp_gain":0,"max_hp_loss":0,"event_name":"Beggar","floor":21,"gold_loss":75},{"damage_healed":0,"gold_gain":0,"player_choice":"Fight","damage_taken":0,"max_hp_gain":0,"max_hp_loss":0,"event_name":"MindBloom","floor":36,"gold_loss":0},{"damage_healed":0,"gold_gain":0,"player_choice":"Memory 1","damage_taken":0,"max_hp_gain":0,"max_hp_loss":0,"event_name":"SensoryStone","floor":38,"gold_loss":0},{"damage_healed":0,"gold_gain":0,"player_choice":"Max HP","damage_taken":0,"max_hp_gain":0,"max_hp_loss":4,"event_name":"Winding Halls","floor":39,"gold_loss":0},{"damage_healed":0,"gold_gain":0,"player_choice":"Ignored","damage_taken":0,"max_hp_gain":0,"max_hp_loss":0,"event_name":"Tomb of Lord Red Mask","floor":45,"gold_loss":0}],"is_beta":false,"boss_relics":[{"not_picked":["Philosopher\u0027s Stone","Snecko Eye"],"picked":"HoveringKite"},{"not_picked":["Sozu","Runic Dome"],"picked":"SacredBark"}],"items_purged_floors":[19,42,47],"is_endless":false,"potions_floor_spawned":[1,3,7,10,12,14,16,18,20,23,25,28,29,30,31,33,35,36,37,40,44,48],"ascension_level":7}}