{"host":"wonp23fsqqcu31ie","time":1610019952,"event":{"mods":["2.2 Compatiblity","AchievementEnabler","Aspiration","BaseMod","Bestiary","Better Altar","Better Match","Better Sensory Stone","Better Skull","Better Third Choice","BetterRewards","Block Reminder","Colored Map","Colored Powertips","Conspire","Curses Come First","DeckTracker","Displayed Cursed Tome","Downfall","Evolution","Hermit","Highlight Path","Hubris","Marisa????????","Minty Spire (QoL Compilation)","Permanent Neow","Prisma Mod","Quick Restart","Rare Cards Sparkle","Relic Stats","Replay The Spire","Robot Space Explorer","Shade Mod","Shop Mod","StSLib","SuperFastMode","The Animator","The Bug Knight","The Construct","The Cursed","The Dragon Tamer","The Gatherer","The Marked","The Necromancer","The Runesmith","The Servant 0.9.4"],"gold_per_floor":[117,128,128,23,23,53,53,87,114,130,160,160,160,192,192,287,287,297,376,73,86,36,65,78,90,161,161,176,204,204,53,53,156,156,171,195,210,229,242,242,277,327,382,400,400,418,418,453,453,453,453,453,111,140,140],"floor_reached":56,"playtime":1909,"items_purged":[],"score":2373,"play_id":"f73ca19c-28f5-4f7c-9f87-837e0c390e31","local_time":"20210107224552","is_ascension_mode":true,"campfire_choices":[{"floor":7,"key":"RECALL"},{"floor":15,"key":"REST"},{"data":"Perfected Strike","floor":27,"key":"SMITH"},{"data":"1","floor":32,"key":"LIFT"},{"data":"2","floor":40,"key":"LIFT"},{"data":"3","floor":49,"key":"LIFT"},{"data":"Replay:SS_hec_2","floor":52,"key":"SMITH"}],"circlet_count":0,"master_deck":["Strike_R","Strike_R","Strike_R","Strike_R","Strike_R","Defend_R+1","Defend_R","Defend_R","Defend_R","Bash","Replay:SS_hec_2+1","conspire:Charge","Thunderclap+1","Inflame","ReplayTheSpireMod:Strike From Hell","Metallicize+1","hubris:StunningStrike+1","Carnage","Perfected Strike+1","Defy Death","Reaper","Anger+1","Perfected Strike","Blood for Blood","Rage+1","Heavy Blade","Thunderclap+1","Iron Wave","Feed+1","Dropkick","Cleave+1","Shockwave+1","Carnage","Armaments","Flex+1","Clash+1","Metallicize","ReplayTheSpireMod:Stacked+1","hubris:ReadiedAction+1","Thunderclap+1","expansioncontent:DashGenerateEvil","expansioncontent:Chronoboost"],"relics":["Burning Blood","EVO:Axolotl","MerchantsRug","conspire:TreasureMap","CaptainsWheel","Toy Ornithopter","Champion Belt","Bag of Marbles","HollowMod:PaleOreRelic","Nunchaku","Tiny Chest","Another Sword","hubris:ToyBattleship","Replay:Bronze Core","Bottled Lightning","ClockworkSouvenir","Oddly Smooth Stone","Replay:WaspNest","ReplayTheSpireMod:Spearhead","Girya","Membership Card","Painkiller Herb","Vajra","Akabeko","Bronze Scales","hubris:Icosahedron","hubris:Towel","Guardian:PocketSentry","ReplayTheSpireMod:Shallot","Guide Book","Gambling Chip","aspiration:Lifesprig"],"acts_visited":["TheCity","TheBeyond","TheEnding"],"potions_floor_usage":[6,8,16,16,16,21,25,33,38,46,50,50,50,54,55,55],"damage_taken":[{"damage":0,"enemies":"Small Slimes","floor":1,"turns":4},{"damage":0,"enemies":"Cultist","floor":2,"turns":4},{"damage":1,"enemies":"Gremlin Nob","floor":6,"turns":4},{"damage":7,"enemies":"3 Sentries","floor":8,"turns":8},{"damage":0,"enemies":"2 Louse","floor":10,"turns":4},{"damage":0,"enemies":"Lagavulin","floor":11,"turns":5},{"damage":0,"enemies":"Gremlin Nob","floor":14,"turns":2},{"damage":0,"enemies":"Slime Boss","floor":16,"turns":3},{"damage":3,"enemies":"Chosen","floor":18,"turns":4},{"damage":0,"enemies":"conspire:FuzzyDice","floor":21,"turns":6},{"damage":24,"enemies":"Book of Stabbing","floor":23,"turns":7},{"damage":12,"enemies":"Snecko","floor":24,"turns":6},{"damage":0,"enemies":"Snake Plant","floor":25,"turns":5},{"damage":0,"enemies":"Chosen and Byrds","floor":28,"turns":6},{"damage":7,"enemies":"Gremlin Leader","floor":29,"turns":4},{"damage":20,"enemies":"Pondfish","floor":33,"turns":6},{"damage":2,"enemies":"3 Darklings","floor":35,"turns":5},{"damage":9,"enemies":"3 Shapes","floor":37,"turns":3},{"damage":17,"enemies":"Sphere and 2 Shapes","floor":38,"turns":4},{"damage":0,"enemies":"Writhing Mass","floor":39,"turns":5},{"damage":0,"enemies":"Giant Head","floor":41,"turns":6},{"damage":30,"enemies":"Mind Bloom Boss Battle","floor":42,"turns":5},{"damage":16,"enemies":"Maw","floor":44,"turns":6},{"damage":0,"enemies":"Transient","floor":46,"turns":5},{"damage":17,"enemies":"Reptomancer","floor":48,"turns":3},{"damage":30,"enemies":"conspire:OrnateMirror","floor":50,"turns":6},{"damage":5,"enemies":"Shield and Spear","floor":54,"turns":4},{"damage":24,"enemies":"The Heart","floor":55,"turns":7}],"seed_played":"2539522602400901825","potions_obtained":[{"floor":2,"key":"Ancient Potion"},{"floor":6,"key":"EntropicBrew"},{"floor":10,"key":"Weak Potion"},{"floor":16,"key":"Explosive Potion"},{"floor":23,"key":"Strength Potion"},{"floor":24,"key":"Flashbang"},{"floor":33,"key":"SkillPotion"},{"floor":39,"key":"FearPotion"},{"floor":42,"key":"Dexterity Potion"},{"floor":44,"key":"Energy Potion"},{"floor":48,"key":"Fire Potion"}],"is_trial":false,"path_per_floor":["M","M","?","$","?","E","R","E","T","M","E","?","?","E","R","B",null,"M","T","$","M","$","E","M","M","T","R","M","E","T","$","R","B",null,"?","T","?","?","?","T","E","?","T","?","?","?","?","E","T","B",null,"T","T","E","B",null],"character_chosen":"IRONCLAD","items_purchased":["MerchantsRug","conspire:TreasureMap","CaptainsWheel","Toy Ornithopter","Replay:SS_hec_2","Inflame","ReplayTheSpireMod:Strike From Hell","ClockworkSouvenir","Oddly Smooth Stone","Perfected Strike","Membership Card","ReplayTheSpireMod:Shallot","Guide Book","construct:ShiftPotion","sneckomod:MuddlingPotion","Weak Potion","expansioncontent:DashGenerateEvil","Gambling Chip","expansioncontent:Chronoboost"],"campfire_rested":1,"item_purchase_floors":[0,0,0,0,0,4,4,20,20,22,31,53,53,53,53,53,53,53,53],"current_hp_per_floor":[46,52,60,60,25,35,35,39,39,45,51,51,35,41,65,80,80,80,80,80,80,80,68,62,80,80,80,80,79,79,79,80,78,80,80,87,84,84,90,90,93,69,69,66,66,93,93,82,93,72,96,96,96,96,81],"gold":140,"neow_bonus":"","is_daily":false,"chose_seed":false,"campfire_upgraded":2,"win_rate":0.0,"timestamp":1610019952,"path_taken":["M","M","?","$","?","E","R","E","T","?","E","?","?","E","R","BOSS","M","?","$","?","$","E","M","M","T","R","M","E","?","?","R","BOSS","?","?","?","?","?","T","E","?","T","?","?","?","?","E","T","BOSS","T","T","E","BOSS"],"items_purchased_type":["Relic","Relic","Relic","Relic","Card","Card","Card","Relic","Relic","Card","Relic","Relic","Relic","Potion","Potion","Potion","Card","Relic","Card"],"build_version":"2020-12-22","purchased_purges":0,"victory":true,"max_hp_per_floor":[80,80,80,80,80,80,80,80,80,80,80,80,80,80,80,80,80,80,80,80,80,80,80,80,80,80,80,80,80,80,80,80,80,80,80,87,87,90,90,90,93,93,93,93,93,93,93,93,93,96,96,96,96,96,96],"relic_stats":{"Nunchaku":[30],"counters":[94,397],"Bronze Scales":[97],"Gambling Chip":[2],"Tiny Chest":2,"Champion Belt":[145],"obtain_stats":[{"CeramicFish":0,"Vajra":26,"EVO:Axolotl":0,"hubris:MysteriousPyramids":8,"Sling":0,"DollysMirror":11,"Replay:Bronze Core":17,"Strawberry":36,"Prayer Wheel":28,"Philosopher\u0027s Stone":17,"Kunai":24,"HollowMod:PaleOreRelic":5,"MerchantsRug":36,"Girya":30,"conspire:TreasureMap":0,"construct:RocketBooster":20,"Pear":43,"ReplayTheSpireMod:CursedCoin":42,"Counterbalance":37,"ReplayTheSpireMod:Ring of Addiction":43,"Replay:Grab Bag":17,"Oddly Smooth Stone":20,"Eternal Feather":30,"conspire:Boomerang":0,"Guardian:PocketSentry":48,"Letter Opener":9,"aspiration:HiddenCompartment":8,"Akabeko":30,"ReplayTheSpireMod:Spearhead":29,"ReplayTheSpireMod:Shallot":53,"ReplayTheSpireMod:Ring of Collecting":19,"Bronze Scales":43,"Onion Ring":2,"Simple Rune":9,"hubris:PeanutButter":8,"hubris:TenFootPole":31,"ReplayTheSpireMod:TigerMarble":46,"hubris:ToyBattleship":14,"CatCart":45,"Darkstone Periapt":17,"Regal Pillow":25,"aspiration:Lifesprig":54,"SacredBark":34,"Black Blood":34,"Painkiller Herb":34,"hubris:SlimyHat":3,"Incense Burner":42,"Cursed Key":17,"Burning Blood":0,"aspiration:StickyExplosives_weak":44,"ClockworkSouvenir":20,"Nunchaku":6,"hubris:Icosahedron":39,"hubris:Backtick":17,"Matryoshka":26,"aspiration:DefectSkillbook":17,"Ring of Peace":46,"Gambling Chip":53,"hubris:ScarierMask":34,"Tiny Chest":8,"Ring of Panic":19,"hubris:ChampionShield":13,"Lee\u0027s Waffle":0,"construct:WeddingRing":17,"Self Forming Clay":43,"Guide Book":53,"Replay:WaspNest":23,"hubris:Towel":21,"Orichalcum":25,"MawBank":6,"White Beast Statue":43,"CaptainsWheel":0,"hubris:Spice":0,"Ring of Misfortune":26,"Ring of Fury":46,"Another Sword":11,"Durian":0,"Bag of Marbles":23,"Art of War":41,"Champion Belt":0,"Bottled Lightning":19,"Membership Card":31,"Toy Ornithopter":43},{"CeramicFish":22,"Vajra":31,"EVO:Axolotl":0,"hubris:MysteriousPyramids":5,"Sling":39,"DollysMirror":5,"Replay:Bronze Core":74,"Strawberry":83,"Prayer Wheel":33,"Philosopher\u0027s Stone":48,"Kunai":10,"HollowMod:PaleOreRelic":68,"MerchantsRug":16,"Girya":81,"conspire:TreasureMap":66,"construct:RocketBooster":8,"Pear":18,"ReplayTheSpireMod:CursedCoin":61,"Counterbalance":17,"ReplayTheSpireMod:Ring of Addiction":18,"Replay:Grab Bag":48,"Oddly Smooth Stone":75,"Eternal Feather":81,"conspire:Boomerang":22,"Guardian:PocketSentry":91,"Letter Opener":27,"aspiration:HiddenCompartment":44,"Akabeko":34,"ReplayTheSpireMod:Spearhead":81,"ReplayTheSpireMod:Shallot":92,"ReplayTheSpireMod:Ring of Collecting":8,"Bronze Scales":88,"Onion Ring":2,"Simple Rune":5,"hubris:PeanutButter":27,"hubris:TenFootPole":14,"ReplayTheSpireMod:TigerMarble":20,"hubris:ToyBattleship":73,"CatCart":63,"Darkstone Periapt":48,"Regal Pillow":52,"aspiration:Lifesprig":93,"SacredBark":15,"Black Blood":35,"Painkiller Herb":82,"hubris:SlimyHat":2,"Incense Burner":61,"Cursed Key":48,"Burning Blood":0,"aspiration:StickyExplosives_weak":19,"ClockworkSouvenir":75,"Nunchaku":69,"hubris:Icosahedron":17,"hubris:Backtick":48,"Matryoshka":79,"aspiration:DefectSkillbook":28,"Ring of Peace":63,"Gambling Chip":92,"hubris:ScarierMask":56,"Tiny Chest":70,"Ring of Panic":8,"hubris:ChampionShield":27,"Lee\u0027s Waffle":22,"construct:WeddingRing":7,"Self Forming Clay":61,"Guide Book":92,"Replay:WaspNest":77,"hubris:Towel":8,"Orichalcum":52,"MawBank":25,"White Beast Statue":18,"CaptainsWheel":66,"hubris:Spice":39,"Ring of Misfortune":10,"Ring of Fury":63,"Another Sword":72,"Durian":0,"Bag of Marbles":31,"Art of War":61,"Champion Belt":66,"Bottled Lightning":75,"Membership Card":81,"Toy Ornithopter":18},{"CeramicFish":79,"Vajra":113,"EVO:Axolotl":0,"hubris:MysteriousPyramids":17,"Sling":158,"DollysMirror":17,"Replay:Bronze Core":294,"Strawberry":343,"Prayer Wheel":123,"Philosopher\u0027s Stone":187,"Kunai":38,"HollowMod:PaleOreRelic":268,"MerchantsRug":60,"Girya":332,"conspire:TreasureMap":260,"construct:RocketBooster":29,"Pear":63,"ReplayTheSpireMod:CursedCoin":231,"Counterbalance":62,"ReplayTheSpireMod:Ring of Addiction":63,"Replay:Grab Bag":187,"Oddly Smooth Stone":298,"Eternal Feather":332,"conspire:Boomerang":79,"Guardian:PocketSentry":380,"Letter Opener":94,"aspiration:HiddenCompartment":171,"Akabeko":126,"ReplayTheSpireMod:Spearhead":332,"ReplayTheSpireMod:Shallot":386,"ReplayTheSpireMod:Ring of Collecting":29,"Bronze Scales":366,"Onion Ring":8,"Simple Rune":17,"hubris:PeanutButter":94,"hubris:TenFootPole":49,"ReplayTheSpireMod:TigerMarble":72,"hubris:ToyBattleship":291,"CatCart":241,"Darkstone Periapt":187,"Regal Pillow":201,"aspiration:Lifesprig":390,"SacredBark":57,"Black Blood":137,"Painkiller Herb":338,"hubris:SlimyHat":8,"Incense Burner":231,"Cursed Key":187,"Burning Blood":0,"aspiration:StickyExplosives_weak":69,"ClockworkSouvenir":298,"Nunchaku":272,"hubris:Icosahedron":62,"hubris:Backtick":187,"Matryoshka":322,"aspiration:DefectSkillbook":101,"Ring of Peace":241,"Gambling Chip":386,"hubris:ScarierMask":215,"Tiny Chest":280,"Ring of Panic":29,"hubris:ChampionShield":94,"Lee\u0027s Waffle":79,"construct:WeddingRing":28,"Self Forming Clay":231,"Guide Book":386,"Replay:WaspNest":311,"hubris:Towel":29,"Orichalcum":201,"MawBank":88,"White Beast Statue":63,"CaptainsWheel":260,"hubris:Spice":158,"Ring of Misfortune":38,"Ring of Fury":241,"Another Sword":289,"Durian":0,"Bag of Marbles":113,"Art of War":231,"Champion Belt":260,"Bottled Lightning":298,"Membership Card":332,"Toy Ornithopter":63}],"Burning Blood":487,"Toy Ornithopter":40},"card_choices":[{"not_picked":["Pommel Strike","ReplayTheSpireMod:LeadingStrike"],"picked":"conspire:Charge","floor":1},{"not_picked":["Run Through","hubris:ReadiedAction"],"picked":"Thunderclap","floor":2},{"not_picked":["Shrug It Off","Sword Boomerang"],"picked":"Metallicize","floor":6},{"not_picked":["Replay:Undeath\u0027s Touch","Burning Pact"],"picked":"hubris:StunningStrike","floor":8},{"not_picked":["Clash","hubris:ReadiedAction"],"picked":"Carnage","floor":10},{"not_picked":["Replay:Undeath\u0027s Touch","Flex"],"picked":"Perfected Strike","floor":11},{"not_picked":["Cleave","Pommel Strike"],"picked":"Defy Death","floor":14},{"not_picked":["Corruption","Fiend Fire"],"picked":"Reaper","floor":16},{"not_picked":["Shrug It Off+1","Sentinel"],"picked":"Anger+1","floor":18},{"not_picked":["True Grit","Evolve","Dark Embrace+1"],"picked":"SKIP","floor":21},{"not_picked":["Anger","Shrug It Off"],"picked":"Blood for Blood","floor":23},{"not_picked":["Reckless Charge","Burning Pact"],"picked":"Rage+1","floor":24},{"not_picked":["Entrench","Bludgeon"],"picked":"Heavy Blade","floor":25},{"not_picked":["ReplayTheSpireMod:Strike From Hell","Cleave"],"picked":"Thunderclap+1","floor":28},{"not_picked":["Havoc+1","Burning Pact"],"picked":"Iron Wave","floor":29},{"not_picked":["Replay:Many Hands","Juggernaut"],"picked":"Feed","floor":33},{"not_picked":["Clothesline","Sword Boomerang"],"picked":"Dropkick","floor":35},{"not_picked":["Infernal Blade","Iron Wave+1"],"picked":"Cleave+1","floor":37},{"not_picked":["Power Through","Abandon"],"picked":"Shockwave+1","floor":38},{"not_picked":["Dual Wield","Hemokinesis"],"picked":"Carnage","floor":39},{"not_picked":["Cleave+1","Dark Embrace+1"],"picked":"Armaments","floor":41},{"not_picked":["Twin Strike","Dark Embrace"],"picked":"Flex+1","floor":42},{"not_picked":["Cleave","Whirlwind"],"picked":"Clash+1","floor":44},{"not_picked":["Clash","Iron Wave+1"],"picked":"Metallicize","floor":44},{"not_picked":["Iron Wave","Immolate"],"picked":"ReplayTheSpireMod:Stacked+1","floor":46},{"not_picked":["Defy Death","Anger"],"picked":"hubris:ReadiedAction+1","floor":46},{"not_picked":["Impervious","Warcry+1"],"picked":"Thunderclap+1","floor":48},{"not_picked":["Clash","Havoc","Brutality"],"picked":"SKIP","floor":54}],"player_experience":479583,"relics_obtained":[{"floor":6,"key":"Nunchaku"},{"floor":8,"key":"Tiny Chest"},{"floor":11,"key":"Another Sword"},{"floor":14,"key":"hubris:ToyBattleship"},{"floor":19,"key":"Bottled Lightning"},{"floor":23,"key":"Replay:WaspNest"},{"floor":26,"key":"Matryoshka"},{"floor":29,"key":"ReplayTheSpireMod:Spearhead"},{"floor":30,"key":"Eternal Feather"},{"floor":30,"key":"Girya"},{"floor":36,"key":"Strawberry"},{"floor":36,"key":"Vajra"},{"floor":41,"key":"Akabeko"},{"floor":42,"key":"Prayer Wheel"},{"floor":43,"key":"Bronze Scales"},{"floor":48,"key":"Guardian:PocketSentry"},{"floor":54,"key":"aspiration:Lifesprig"}],"event_choices":[{"damage_healed":0,"gold_gain":0,"player_choice":"RE RE ","damage_taken":39,"relics_obtained":["Bag of Marbles","HollowMod:PaleOreRelic"],"max_hp_gain":0,"max_hp_loss":0,"event_name":"betterSkull:BetterSkull","floor":5,"gold_loss":0,"cards_upgraded":[]},{"damage_healed":51,"gold_gain":0,"player_choice":"Upgrade","damage_taken":16,"max_hp_gain":0,"max_hp_loss":80,"event_name":"betterThird:BetterShining","floor":13,"gold_loss":0,"cards_upgraded":["Metallicize","Thunderclap"]},{"damage_healed":0,"gold_gain":0,"player_choice":"Fight","damage_taken":0,"max_hp_gain":0,"max_hp_loss":0,"event_name":"MindBloom","floor":42,"gold_loss":0}],"is_beta":false,"boss_relics":[{"not_picked":["Ectoplasm","Honey Jar"],"picked":"Replay:Bronze Core"},{"not_picked":["hubris:GrandSneckoEye","Runesmith:UraniumAnvil"],"picked":"Painkiller Herb"}],"items_purged_floors":[],"is_endless":false,"potions_floor_spawned":[2,6,10,16,23,24,33,39,42,44,48],"ascension_level":4}}