{"host":"ga4s3hj9m6nkn6gp","time":1610047860,"event":{"mods":["AchievementEnabler","BaseMod","Bestiary","Colored Powertips","Highlight Path","Minty Spire (QoL Compilation)","Relic Stats","everything is the same but u backflip on backflip"],"gold_per_floor":[109,109,109,133,147,147,161,186,209,226,226,226],"floor_reached":11,"playtime":367,"items_purged":[],"score":146,"play_id":"f49a5285-0700-477e-a6bd-b475a9b5b25a","local_time":"20210107203100","is_ascension_mode":true,"campfire_choices":[{"data":"Dagger Spray","floor":6,"key":"SMITH"}],"circlet_count":0,"master_deck":["AscendersBane","Strike_G","Strike_G","Strike_G","Strike_G","Defend_G","Defend_G","Defend_G","Defend_G","Defend_G","Survivor","Neutralize","Crippling Poison","Tools of the Trade","Dagger Spray+1","Noxious Fumes","Endless Agony"],"relics":["Ring of the Snake","NeowsBlessing","Akabeko","Ornamental Fan","Strawberry"],"acts_visited":["Exordium"],"potions_floor_usage":[10],"damage_taken":[{"damage":0,"enemies":"Cultist","floor":1,"turns":1},{"damage":0,"enemies":"Small Slimes","floor":5,"turns":1},{"damage":0,"enemies":"Jaw Worm","floor":7,"turns":1},{"damage":45,"enemies":"Gremlin Nob","floor":8,"turns":5},{"damage":6,"enemies":"Exordium Thugs","floor":10,"turns":3},{"damage":29,"enemies":"Lagavulin","floor":11,"turns":5}],"seed_played":"-7328642812305235083","potions_obtained":[{"floor":1,"key":"Energy Potion"},{"floor":5,"key":"LiquidBronze"},{"floor":10,"key":"GamblersBrew"}],"is_trial":false,"path_per_floor":["M","?","?","T","M","R","M","E","T","M","E"],"character_chosen":"THE_SILENT","items_purchased":[],"campfire_rested":0,"item_purchase_floors":[],"current_hp_per_floor":[59,64,64,64,64,64,64,19,26,20,0,0],"gold":226,"neow_bonus":"THREE_ENEMY_KILL","is_daily":false,"chose_seed":false,"campfire_upgraded":1,"win_rate":0.0,"timestamp":1610047860,"path_taken":["M","?","?","?","?","R","M","E","T","M","E"],"items_purchased_type":[],"build_version":"2020-12-22","purchased_purges":0,"victory":false,"max_hp_per_floor":[66,71,71,71,71,71,71,71,78,78,78,78],"relic_stats":{"counters":[6,16],"Ornamental Fan":[20],"obtain_stats":[{"NeowsBlessing":0,"Ornamental Fan":8,"Strawberry":9,"Akabeko":4,"Ring of the Snake":0},{"NeowsBlessing":0,"Ornamental Fan":4,"Strawberry":4,"Akabeko":1,"Ring of the Snake":0},{"NeowsBlessing":0,"Ornamental Fan":8,"Strawberry":8,"Akabeko":1,"Ring of the Snake":0}],"Ring of the Snake":[12]},"card_choices":[{"not_picked":["Flechettes","Deflect"],"picked":"Crippling Poison","floor":1},{"not_picked":["Predator","Escape Plan"],"picked":"Dagger Spray","floor":5},{"not_picked":["Prepared","Dagger Throw"],"picked":"Noxious Fumes","floor":7},{"not_picked":["Finisher","Setup"],"picked":"Endless Agony","floor":8},{"not_picked":["Prepared","Concentrate","Acrobatics"],"picked":"SKIP","floor":10}],"player_experience":596219,"relics_obtained":[{"floor":4,"key":"Akabeko"},{"floor":8,"key":"Ornamental Fan"},{"floor":9,"key":"Strawberry"}],"event_choices":[{"damage_healed":0,"gold_gain":0,"player_choice":"Donut","damage_taken":0,"max_hp_gain":5,"max_hp_loss":0,"event_name":"Big Fish","floor":2,"gold_loss":0},{"damage_healed":0,"gold_gain":0,"cards_transformed":["Strike_G"],"player_choice":"Change","damage_taken":0,"max_hp_gain":0,"max_hp_loss":0,"event_name":"Living Wall","floor":3,"gold_loss":0,"cards_obtained":["Tools of the Trade"]}],"is_beta":false,"boss_relics":[],"items_purged_floors":[],"is_endless":false,"potions_floor_spawned":[1,5,10],"killed_by":"Lagavulin","ascension_level":20}}