{"host":"684z1xpuwaoqmmh1","time":1610019900,"event":{"mods":["BaseMod","Downfall","Hermit","Jorbs\u0027s Wanderer Trilogy","Marisa????????","Minty Spire (QoL Compilation)","StSLib","The Hierophant","The Mystic"],"gold_per_floor":[109,123,143,143,143,143,172,172,224,262,262,262,295,314,314,321,321],"floor_reached":16,"playtime":721,"items_purged":[],"score":183,"play_id":"5431ef4d-074b-40f2-abcf-5206892aabff","local_time":"20210107134500","is_ascension_mode":true,"campfire_choices":[{"data":"hermit:Snapshot","floor":6,"key":"SMITH"},{"data":"hermit:Scavenge","floor":8,"key":"SMITH"},{"floor":12,"key":"REST"},{"floor":15,"key":"REST"}],"circlet_count":0,"master_deck":["AscendersBane","hermit:Strike_Hermit","hermit:Strike_Hermit","hermit:Strike_Hermit","hermit:Strike_Hermit","hermit:Defend_Hermit","hermit:Defend_Hermit","hermit:Defend_Hermit","hermit:Snapshot+1","hermit:Covet","hermit:FlashPowder+1","hermit:ShadowCloak","hermit:Ricochet","hermit:Scavenge+1","hermit:Cheat","hermit:BigShot","hermit:WideOpen"],"relics":["hermit:Momento","Juzu Bracelet","hermit:RyeStalk","PreservedInsect","Potion Belt"],"acts_visited":["Exordium"],"potions_floor_usage":[7,16],"damage_taken":[{"damage":3,"enemies":"2 Louse","floor":1,"turns":3},{"damage":3,"enemies":"Cultist","floor":2,"turns":4},{"damage":0,"enemies":"Jaw Worm","floor":3,"turns":6},{"damage":24,"enemies":"3 Sentries","floor":7,"turns":10},{"damage":31,"enemies":"Gremlin Nob","floor":10,"turns":5},{"damage":6,"enemies":"3 Sentries","floor":13,"turns":6},{"damage":8,"enemies":"Large Slime","floor":14,"turns":7},{"damage":39,"enemies":"Slime Boss","floor":16,"turns":11}],"seed_played":"326726903139785023","potions_obtained":[{"floor":2,"key":"hermit:Tonic"},{"floor":7,"key":"Dexterity Potion"},{"floor":14,"key":"ColorlessPotion"}],"is_trial":false,"path_per_floor":["M","M","M","?","?","R","E","R","T","E","?","R","E","M","R","B"],"character_chosen":"HERMIT","items_purchased":[],"campfire_rested":2,"item_purchase_floors":[],"current_hp_per_floor":[72,69,69,69,69,69,45,45,45,14,2,26,20,12,36,0,0],"gold":321,"neow_bonus":"TEN_PERCENT_HP_BONUS","is_daily":false,"chose_seed":false,"campfire_upgraded":2,"win_rate":0.0,"timestamp":1610019900,"path_taken":["M","M","M","?","?","R","E","R","T","E","?","R","E","M","R","BOSS"],"items_purchased_type":[],"build_version":"2020-12-22","purchased_purges":0,"victory":false,"max_hp_per_floor":[82,82,82,82,82,82,82,82,82,82,82,82,82,82,82,82,82],"card_choices":[{"not_picked":["hermit:ItchyTrigger","hermit:HighCaliber"],"picked":"hermit:FlashPowder","floor":1},{"not_picked":["hermit:Manifest","hermit:EyeOfTheStorm"],"picked":"hermit:ShadowCloak","floor":2},{"not_picked":["hermit:Manifest","hermit:Glare"],"picked":"hermit:Ricochet","floor":3},{"not_picked":["hermit:HoleUp","hermit:NoHoldsBarred"],"picked":"hermit:Scavenge","floor":7},{"not_picked":["hermit:Maintenance","hermit:Glare"],"picked":"hermit:Cheat","floor":10},{"not_picked":["hermit:Shortfuse","hermit:Glare"],"picked":"hermit:BigShot","floor":13},{"not_picked":["hermit:Vantage","hermit:DeadMansHand"],"picked":"hermit:WideOpen","floor":14}],"player_experience":2406995,"relics_obtained":[{"floor":7,"key":"Juzu Bracelet"},{"floor":9,"key":"hermit:RyeStalk"},{"floor":10,"key":"PreservedInsect"},{"floor":13,"key":"Potion Belt"}],"event_choices":[{"damage_healed":0,"gold_gain":0,"player_choice":"Grow","damage_taken":0,"max_hp_gain":0,"max_hp_loss":0,"event_name":"Living Wall","floor":4,"gold_loss":0,"cards_upgraded":["hermit:FlashPowder"]},{"cards_removed":["hermit:Defend_Hermit"],"damage_healed":0,"gold_gain":0,"player_choice":"Offered Basic","damage_taken":0,"max_hp_gain":0,"max_hp_loss":0,"event_name":"Bonfire Elementals","floor":5,"gold_loss":0},{"damage_healed":0,"gold_gain":0,"player_choice":"Fled","damage_taken":12,"max_hp_gain":0,"max_hp_loss":0,"event_name":"Scrap Ooze","floor":11,"gold_loss":0}],"is_beta":false,"boss_relics":[],"items_purged_floors":[],"is_endless":false,"potions_floor_spawned":[2,7,14],"killed_by":"Slime Boss","ascension_level":11}}