{"host":"w5vfr18i2ft1pzo2","time":1610047916,"event":{"mods":["Act Like it!","Aspiration","BaseMod","Better Third Choice","BetterRewards","Colored Map","Colored Powertips","Conspire","Curses Come First","DNKmod","Defuse TimeMaze Blight","Dota2Spire","Elementarium","Energized Spire","Evolution","Force Act Four","Friendly Minions","Gensokyo","GifTheSpireLib","Gold Saver","GungeonMod","Halation","Hallownest","Hubris","Hyrulean Relics","Infinite Spire","Jedi Mod","Marisa????????","Minty Spire (QoL Compilation)","MostiFishMod","Prisma Mod","Remilia??????","Replay The Spire","SacredBarkPlus","Small Relic Pack","Spicy Shops","Spikes Relics","StSLib","Stuff the Spire","SuperFastMode","Synergy Search","The Blue Laboratory","The Servant 0.9.4","Trackpad","Treasure Hunter","Uncapped","Wandering Minibosses","Yakumo Yukari mod","noobMod","vexMod","??????REMEMod"],"gold_per_floor":[113,127,147,18,32,63,63,77,77,91,119,119,169,187,187,260,260,279,279,279,147,147,184,184,817,843,865,902,902,802,819,819,892,892,908,908,908,744,757,757,786,803,827,839,851,869,869,879,879,879,879,879,879,879,879],"floor_reached":56,"playtime":1240,"items_purged":["Defend_P","hubris:Greed"],"score":2181,"play_id":"d5b5689b-fcb7-4df3-9adc-01327a0bb150","local_time":"20210108033156","is_ascension_mode":true,"campfire_choices":[{"floor":7,"key":"RECALL"},{"data":"MostiFishMod:StarHerder","floor":12,"key":"SMITH"},{"data":"Defend_P","floor":15,"key":"PURGE"},{"data":"REME_MagicPocketWatch","floor":32,"key":"SMITH"},{"data":"WheelKick","floor":40,"key":"SMITH"},{"data":"DevaForm","floor":49,"key":"SMITH"},{"data":"CutThroughFate","floor":52,"key":"SMITH"}],"circlet_count":0,"master_deck":["AscendersBane","Eruption","Vigilance","conspire:HitWhereItHurts","Consecrate","MostiFishMod:PathToVictory","CutThroughFate+1","MostiFishMod:StarHerder+1","TH:TreasureMap","MostiFishMod:Speedup","CrushJoints","TH:BikiniMail","CutThroughFate","MostiFishMod:KamiSmash","CutThroughFate","REME_PuzzleBox+1","Swift Strike","REME_MagicPocketWatch+1","WheelKick+1","CutThroughFate+1","DevaForm+1","TH:DeckOfManyThings"],"relics":["PureWater","EVO:Axolotl","DaveBox","ice","REME_ComplimentaryCards","NeowsBlessing","DianDianMeat","SynthV:TestCard","StuffTheSpire:PointBlank","ReplayTheSpireMod:TigerMarble","wanderingMiniBosses:OtherGremlinHorn","hubris:Towel","ReplayTheSpireMod:ShopPack","Blue Doll","hubris:Metronome","halation:LettersToHer","Molten Egg 2","Sling","hubris:SlimyHat","Nunchaku"],"acts_visited":["Exordium","TheCity","TheBeyond","TheEnding"],"potions_floor_usage":[6,10,10,10,25,41,45],"damage_taken":[{"damage":0,"enemies":"Cultist","floor":1,"turns":1},{"damage":0,"enemies":"Small Slimes","floor":2,"turns":1},{"damage":0,"enemies":"Jaw Worm","floor":3,"turns":1},{"damage":0,"enemies":"Looter","floor":5,"turns":1},{"damage":0,"enemies":"Gremlin Nob","floor":6,"turns":2},{"damage":0,"enemies":"Large Slime","floor":8,"turns":4},{"damage":0,"enemies":"Gremlin Gang","floor":10,"turns":4},{"damage":17,"enemies":"3 Sentries","floor":11,"turns":4},{"damage":25,"enemies":"Blue Slaver","floor":14,"turns":5},{"damage":33,"enemies":"The Guardian","floor":16,"turns":4},{"damage":0,"enemies":"2 Thieves","floor":18,"turns":1},{"damage":0,"enemies":"Gremlin Leader","floor":23,"turns":1},{"damage":156,"enemies":"Nightmare","floor":25,"turns":6},{"damage":0,"enemies":"Spheric Guardian","floor":27,"turns":1},{"damage":0,"enemies":"Gremlin Leader","floor":28,"turns":1},{"damage":0,"enemies":"Chosen and Byrds","floor":31,"turns":1},{"damage":0,"enemies":"Automaton","floor":33,"turns":2},{"damage":0,"enemies":"3 Darklings","floor":35,"turns":2},{"damage":56,"enemies":"3 Shapes","floor":39,"turns":1},{"damage":0,"enemies":"R_Hoarder","floor":41,"turns":2},{"damage":8,"enemies":"Maw","floor":42,"turns":2},{"damage":0,"enemies":"3 Darklings","floor":44,"turns":2},{"damage":0,"enemies":"Jaw Worm Horde","floor":45,"turns":1},{"damage":0,"enemies":"Spire Growth","floor":46,"turns":2},{"damage":49,"enemies":"4 Shapes","floor":48,"turns":1},{"damage":20,"enemies":"conspire:OrnateMirror","floor":50,"turns":3},{"damage":0,"enemies":"Shield and Spear","floor":54,"turns":3},{"damage":2,"enemies":"The Heart","floor":55,"turns":1}],"seed_played":"-6267455427892396016","potions_obtained":[{"floor":10,"key":"Dexterity Potion"},{"floor":11,"key":"Energy Potion"},{"floor":14,"key":"Block Potion"},{"floor":25,"key":"EssenceOfSteel"},{"floor":28,"key":"Energy Potion"},{"floor":33,"key":"blueLaboratory:FrostheartPotion"},{"floor":41,"key":"blueLaboratory:FruitPunch"},{"floor":45,"key":"blueLaboratory:LouseDecoction"}],"is_trial":false,"path_per_floor":["M","M","M","$","M","E","R","M","T","M","E","R","?","M","R_BF","B",null,"M","?","?","$","?","E","$","NM","T","M","E","?","$","M","R","B",null,"M","AVR","?","$","M","R","E","M","T","M","M","M","?","M","R","B",null,"R","$","E","B",null],"character_chosen":"WATCHER","items_purchased":["CutThroughFate+1","ReplayTheSpireMod:ShopPack","Sling"],"campfire_rested":0,"item_purchase_floors":[4,21,38],"current_hp_per_floor":[64,64,67,71,76,89,89,97,106,116,99,99,99,74,74,52,114,126,126,126,168,168,202,202,66,66,66,66,66,66,66,66,66,197,197,216,216,216,168,168,213,205,205,205,209,211,233,184,184,164,284,284,284,284,282],"gold":879,"neow_bonus":"THREE_ENEMY_KILL","is_daily":false,"chose_seed":false,"campfire_upgraded":5,"win_rate":0.0,"timestamp":1610047916,"path_taken":["M","M","M","?","M","E","R","M","T","M","E","R","?","?","R_BF","BOSS","M","?","?","$","?","E","?","NM","T","?","E","?","?","M","R","BOSS","M","AVR","?","$","M","R","E","?","T","M","?","?","?","M","R","BOSS","R","$","E","BOSS"],"items_purchased_type":["Card","Relic","Relic"],"build_version":"2020-12-22","purchased_purges":2,"victory":true,"max_hp_per_floor":[71,71,74,78,83,96,96,104,113,123,123,123,123,123,123,134,134,146,146,146,188,188,222,222,240,240,240,240,240,240,240,240,240,240,240,259,259,259,259,259,300,300,300,300,302,302,324,324,324,324,324,324,324,324,324],"card_choices":[{"not_picked":["Halt","CrushJoints"],"picked":"Consecrate","floor":1},{"not_picked":["Replay:BluntJabs","Sanctity","Protect","Replay:Battleflow","PathToVictory"],"picked":"SKIP","floor":2},{"not_picked":["MostiFishMod:StarWish","ThirdEye","FlurryOfBlows","SandsOfTime"],"picked":"MostiFishMod:PathToVictory","floor":3},{"not_picked":["REME_Repentance","EmptyBody","CutThroughFate","Replay:AtTheReady"],"picked":"MostiFishMod:StarHerder","floor":5},{"not_picked":["TH:EnergyPotion","TH:BikiniMail","TH:ElvenBoots"],"picked":"TH:TreasureMap","floor":6},{"not_picked":["Meditate","FlurryOfBlows","Collect","Replay:AtTheReady"],"picked":"MostiFishMod:Speedup","floor":6},{"not_picked":["Protect","BowlingBash","EmptyMind","Pray"],"picked":"CrushJoints","floor":8},{"not_picked":["TH:EnergyPotion","TH:ArmorSpikes","TH:TreasureMap"],"picked":"TH:BikiniMail","floor":9},{"not_picked":["MentalFortress","Replay:Vibes","Perseverance","Consecrate"],"picked":"CutThroughFate","floor":10},{"not_picked":["TH:EnergyPotion","TH:BikiniMail","TH:CopperCoins","TH:PixieDust"],"picked":"SKIP","floor":11},{"not_picked":["Evaluate","CrushJoints","BowlingBash","Crescendo","Perseverance"],"picked":"SKIP","floor":11},{"not_picked":["Halt","WindmillStrike","SignatureMove","EmptyFist","Perseverance"],"picked":"SKIP","floor":14},{"not_picked":["Establishment","Brilliance","MostiFishMod:Disappear","ConjureBlade"],"picked":"MostiFishMod:KamiSmash","floor":16},{"not_picked":["Replay:Anticipation","Sanctity","Protect","BowlingBash"],"picked":"CutThroughFate","floor":18},{"not_picked":["MostiFishMod:PerfectForm","TH:BikiniMail","Chrysalis","TH:PixieDust"],"picked":"REME_PuzzleBox","floor":21},{"not_picked":["Dramatic Entrance","Replay:Parry","DemoMod:Deposit","vexMod:EmailVexCard"],"picked":"Swift Strike","floor":21},{"not_picked":["REME_TheoryOfElimination","TH:EnergyPotion","Dark Shackles","Panache"],"picked":"REME_MagicPocketWatch","floor":21},{"not_picked":["Judgement","JustLucky","SignatureMove","ThirdEye"],"picked":"WheelKick","floor":23},{"not_picked":["TH:EnergyPotion","TH:BikiniMail","TH:ElvenBoots","TH:CopperCoins"],"picked":"SKIP","floor":23},{"not_picked":["CrushJoints","MostiFishMod:DustFall","Brilliance","FlurryOfBlows"],"picked":"CutThroughFate","floor":25},{"not_picked":["TH:TreasureMap","TH:CursedSword","TH:BikiniMail","TH:DeckOfManyThings"],"picked":"SKIP","floor":25},{"not_picked":["TH:ArmorSpikes","TH:TreasureMap","TH:Mimic","TH:PixieDust"],"picked":"SKIP","floor":26},{"not_picked":["FlyingSleeves","EmptyBody+1","Worship","ReachHeaven","Protect+1"],"picked":"SKIP","floor":27},{"not_picked":["TH:BikiniMail","TH:PixieDust","TH:ArmorSpikes","TH:EnergyPotion"],"picked":"SKIP","floor":28},{"not_picked":["Crescendo","Swivel","PathToVictory","CrushJoints","Meditate"],"picked":"SKIP","floor":28},{"not_picked":["TH:BikiniMail","TH:PixieDust","TH:ArmorSpikes","TH:EnergyPotion"],"picked":"SKIP","floor":28},{"not_picked":["Crescendo","Swivel","PathToVictory","CrushJoints+1","Meditate"],"picked":"SKIP","floor":28},{"not_picked":["SashWhip+1","ForeignInfluence","Protect","Replay:Vibes","BowlingBash+1"],"picked":"SKIP","floor":31},{"not_picked":["CrushJoints+1","Collect","Replay:BluntJabs+1","Replay:AtTheReady","Consecrate+1"],"picked":"SKIP","floor":35},{"not_picked":["SashWhip+1","Replay:Battleflow","EmptyBody","InnerPeace","Adaptation"],"picked":"SKIP","floor":39},{"not_picked":["TH:BikiniMail","TH:PixieDust","TH:EnergyPotion"],"picked":"TH:TreasureMap","floor":41},{"not_picked":["MostiFishMod:StarHerder","CrushJoints+1","Sanctity","Consecrate+1"],"picked":"DevaForm","floor":41},{"not_picked":["ThirdEye","ClearTheMind","Indignation","EmptyFist+1","EmptyBody"],"picked":"SKIP","floor":42},{"not_picked":["TH:BikiniMail","TH:CopperCoins","TH:ArmorSpikes","TH:CursedSword"],"picked":"SKIP","floor":43},{"not_picked":["Prostrate","Evaluate","MostiFishMod:Adaptation","EmptyFist+1","Nirvana"],"picked":"SKIP","floor":44},{"not_picked":["FlyingSleeves+1","MostiFishMod:StarHerder","CutThroughFate+1","Consecrate+1","FlurryOfBlows+1"],"picked":"SKIP","floor":45},{"not_picked":["FlurryOfBlows+1","Consecrate+1","Replay:AtTheReady+1","Evaluate","ReachHeaven+1"],"picked":"SKIP","floor":46},{"not_picked":["FollowUp+1","Pray","EmptyFist+1","Crescendo+1","MostiFishMod:PathToVictory"],"picked":"SKIP","floor":48},{"not_picked":["TH:PixieDust","TH:EnergyPotion","TH:CopperCoins","TH:Mimic"],"picked":"SKIP","floor":54},{"not_picked":["WindmillStrike+1","EmptyFist+1","ThirdEye","MostiFishMod:LegendTransform","BattleHymn"],"picked":"SKIP","floor":54}],"player_experience":251801,"relics_obtained":[{"floor":1,"key":"SynthV:TestCard"},{"floor":6,"key":"StuffTheSpire:PointBlank"},{"floor":11,"key":"ReplayTheSpireMod:TigerMarble"},{"floor":14,"key":"wanderingMiniBosses:OtherGremlinHorn"},{"floor":23,"key":"Blue Doll"},{"floor":25,"key":"hubris:Metronome"},{"floor":26,"key":"halation:LettersToHer"},{"floor":28,"key":"Molten Egg 2"},{"floor":41,"key":"hubris:SlimyHat"},{"floor":43,"key":"halation:LettersToHer"},{"floor":43,"key":"Nunchaku"}],"event_choices":[{"damage_healed":0,"gold_gain":50,"player_choice":"Pray","damage_taken":0,"max_hp_gain":0,"max_hp_loss":0,"event_name":"Golden Shrine","floor":13,"gold_loss":0},{"damage_healed":0,"gold_gain":0,"player_choice":"Materialism","damage_taken":0,"max_hp_gain":0,"max_hp_loss":6,"event_name":"betterThird:BetterWriting","floor":20,"gold_loss":0},{"damage_healed":0,"gold_gain":0,"player_choice":"Ignored","damage_taken":0,"max_hp_gain":0,"max_hp_loss":0,"event_name":"Ghosts","floor":22,"gold_loss":0},{"damage_healed":0,"gold_gain":0,"player_choice":"Upgraded","damage_taken":0,"max_hp_gain":0,"max_hp_loss":0,"event_name":"Upgrade Shrine","floor":37,"gold_loss":0,"cards_upgraded":["REME_PuzzleBox"]},{"damage_healed":0,"gold_gain":0,"cards_transformed":["TH:TreasureMap"],"player_choice":"Transformed","damage_taken":0,"max_hp_gain":0,"max_hp_loss":0,"event_name":"Transmorgrifier","floor":47,"gold_loss":0,"cards_obtained":["TH:DeckOfManyThings"]}],"is_beta":false,"boss_relics":[{"not_picked":["StuffTheSpire:RunicHypercube","halation:Risk","Velvet Choker"]},{"not_picked":["jedi:battlestandard","energizedSpire:BlackCloud","vexMod:TanglingVine"]}],"items_purged_floors":[4,30],"is_endless":false,"potions_floor_spawned":[1,5,10,11,14,25,28,33,35,39,41,44,45,54],"ascension_level":18}}