{"host":"7eghw93eeze7thed","time":1610028344,"event":{"mods":["Act Like it!","Aspiration","BaseMod","CapriCore","Challenge The Spire","Colored Map","Colored Powertips","Gensokyo","Koishi","Marked Mod","Minty Spire (QoL Compilation)","Quick Restart","StSLib","The Immortal","The Jungle"],"gold_per_floor":[114,131,61,61,76,76,95,95,95],"floor_reached":8,"playtime":341,"items_purged":[],"score":48,"play_id":"351acaf9-b89d-4c2d-bcc8-7d72c36e9ce3","local_time":"20210107220544","is_ascension_mode":false,"campfire_choices":[{"data":"Koishi:FreudianInstinct","floor":6.0,"key":"SMITH"}],"circlet_count":0,"master_deck":["Koishi:BasicStrike","Koishi:BasicStrike","Koishi:BasicDefend","Koishi:BasicDefend+1","Koishi:BasicDefend+1","Koishi:Provoke","Koishi:HauntingSlash","Koishi:FreudianInstinct+1","Koishi:SubconsciousSweep","Koishi:ReflexRadar"],"relics":["Koishi:ImaginaryFriend","NeowsBlessing"],"acts_visited":["Gensokyo:Gensokyo"],"potions_floor_usage":[8],"damage_taken":[{"damage":0.0,"enemies":"Gensokyo:Gryphon","floor":1.0,"turns":1.0},{"damage":0.0,"enemies":"Gensokyo:2_Kodama","floor":2.0,"turns":1.0},{"damage":0.0,"enemies":"Gensokyo:3_Fairies","floor":5.0,"turns":2.0},{"damage":0.0,"enemies":"Gensokyo:Kitsune","floor":7.0,"turns":4.0},{"damage":0,"enemies":"Gensokyo:Aya","floor":8,"turns":2}],"seed_played":"8072802000890751847","potions_obtained":[{"floor":1.0,"key":"Weak Potion"}],"is_trial":false,"path_per_floor":["M","M","?","?","M","R","M","E"],"character_chosen":"KOISHI","items_purchased":[],"campfire_rested":0,"item_purchase_floors":[],"current_hp_per_floor":[60,60,60,36,36,36,39,39,39],"gold":95,"neow_bonus":"THREE_ENEMY_KILL","is_daily":false,"chose_seed":false,"campfire_upgraded":1,"win_rate":0.0,"timestamp":1610028344,"path_taken":["M","?","?","?","M","R","?","E"],"items_purchased_type":[],"build_version":"2020-12-22","purchased_purges":0,"victory":false,"max_hp_per_floor":[60,60,60,60,60,60,60,60,60],"card_choices":[{"not_picked":["Koishi:YoukaiPolygraph","Koishi:SubconsciousSweep"],"picked":"Koishi:FreudianInstinct","floor":1.0},{"not_picked":["Koishi:StingingMind","Koishi:BloodcurdlingScream","Koishi:EmbryosDream"],"picked":"SKIP","floor":2.0},{"not_picked":["Koishi:Prune","Koishi:SubterraneanRose"],"picked":"Koishi:SubconsciousSweep","floor":5.0},{"not_picked":["Koishi:FidgetySnatcher","Koishi:ConditionedTeleport"],"picked":"Koishi:ReflexRadar","floor":7.0}],"player_experience":76612,"relics_obtained":[],"event_choices":[],"is_beta":false,"boss_relics":[],"items_purged_floors":[],"is_endless":false,"potions_floor_spawned":[1],"killed_by":"Gensokyo:Aya","ascension_level":0}}