{"host":"k4et7hlhlqy8fuoz","time":1610051310,"event":{"mods":["2.2 Compatiblity","AchievementEnabler","BaseMod","Colored Map","DeckTracker","Highlight Path","Minty Spire (QoL Compilation)","Random Character Button","Rare Cards Sparkle"],"gold_per_floor":[114,114,133,152,152,152,227,227,252,271,271,324,343,362,362,487,487,506,525,544,544,563,563,41,41,41,79,98,15,15,34,34,168,168,187,206,14,33,52,52,79,79,79,79,19,38,57,76,76,76],"floor_reached":51,"playtime":2359,"items_purged":["Doubt"],"score":738,"play_id":"54088a64-27fd-4ed8-98be-d87732d62494","local_time":"20210107212830","daily_mods":["SealedDeck","Vintage","Lethality"],"is_ascension_mode":false,"campfire_choices":[{"floor":6,"key":"REST"},{"floor":8,"key":"REST"},{"data":"Consecrate","floor":11,"key":"SMITH"},{"floor":15,"key":"REST"},{"floor":23,"key":"REST"},{"data":"WheelKick","floor":32,"key":"SMITH"},{"data":"Consecrate","floor":40,"key":"SMITH"},{"data":"Flash of Steel","floor":42,"key":"SMITH"},{"data":"EmptyFist","floor":44,"key":"SMITH"},{"data":"WindmillStrike","floor":49,"key":"SMITH"}],"circlet_count":0,"master_deck":["Adaptation","EmptyFist+1","Consecrate+1","Consecrate","Halt","BowlingBash","EmptyBody","WindmillStrike+1","WheelKick+1","Protect","Omniscience+1","Crescendo+1","DeceiveReality+1","Swift Strike","Consecrate","EmptyFist+1","PathToVictory+1","PathToVictory+1","InnerPeace+1","Prostrate+1","Necronomicurse","SpiritShield+1","Flash of Steel+1","Jack Of All Trades+1","Prostrate+1","Consecrate+1","DevaForm","BowlingBash","Halt+1"],"relics":["PureWater","TeardropLocket","Golden Idol","Shuriken","Bronze Scales","Matryoshka","Vajra","MealTicket","Potion Belt","Mercury Hourglass","Toxic Egg 2","Philosopher\u0027s Stone","Meat on the Bone","Incense Burner","Happy Flower","Mummified Hand","Eternal Feather","Anchor","Blood Vial","Smiling Mask","Question Card","Necronomicon","CeramicFish","VioletLotus","The Courier","HornCleat","Lizard Tail","Pen Nib","Ornamental Fan","Bottled Tornado","Pear","Frozen Egg 2"],"acts_visited":["Exordium","TheCity","TheBeyond"],"potions_floor_usage":[16,16,33,33,50,50,50,50],"damage_taken":[{"damage":0,"enemies":"Jaw Worm","floor":1,"turns":2},{"damage":0,"enemies":"2 Louse","floor":3,"turns":2},{"damage":0,"enemies":"Cultist","floor":4,"turns":2},{"damage":0,"enemies":"Looter","floor":10,"turns":1},{"damage":16,"enemies":"Large Slime","floor":13,"turns":2},{"damage":0,"enemies":"Gremlin Gang","floor":14,"turns":1},{"damage":41,"enemies":"Hexaghost","floor":16,"turns":4},{"damage":15,"enemies":"Chosen","floor":18,"turns":3},{"damage":0,"enemies":"Spheric Guardian","floor":19,"turns":2},{"damage":13,"enemies":"Centurion and Healer","floor":20,"turns":3},{"damage":0,"enemies":"Snecko","floor":22,"turns":2},{"damage":17,"enemies":"Gremlin Leader","floor":27,"turns":4},{"damage":0,"enemies":"Sentry and Sphere","floor":28,"turns":1},{"damage":2,"enemies":"Centurion and Healer","floor":31,"turns":3},{"damage":27,"enemies":"Automaton","floor":33,"turns":4},{"damage":0,"enemies":"Orb Walker","floor":35,"turns":1},{"damage":0,"enemies":"3 Darklings","floor":36,"turns":2},{"damage":0,"enemies":"Maw","floor":38,"turns":5},{"damage":26,"enemies":"4 Shapes","floor":39,"turns":2},{"damage":0,"enemies":"Sphere and 2 Shapes","floor":46,"turns":1},{"damage":0,"enemies":"3 Darklings","floor":47,"turns":2},{"damage":3,"enemies":"Jaw Worm Horde","floor":48,"turns":3},{"damage":141,"enemies":"Time Eater","floor":50,"turns":12}],"seed_played":"8350349167999303424","potions_obtained":[{"floor":3,"key":"BlessingOfTheForge"},{"floor":14,"key":"FearPotion"},{"floor":20,"key":"Strength Potion"},{"floor":22,"key":"DuplicationPotion"},{"floor":28,"key":"StancePotion"},{"floor":31,"key":"FairyPotion"},{"floor":33,"key":"LiquidMemories"},{"floor":35,"key":"BlessingOfTheForge"},{"floor":36,"key":"Weak Potion"}],"is_trial":false,"path_per_floor":["M","?","M","M","?","R","?","R","T","M","R","?","M","M","R","B",null,"M","M","M","?","M","R","$","?","T","E","M","$","?","M","R","B",null,"M","M","$","M","M","R","?","R","T","R","$","M","M","M","R","B",null],"character_chosen":"WATCHER","items_purchased":["DeceiveReality+1","Eternal Feather","Swift Strike","Consecrate","EmptyFist","PathToVictory+1","InnerPeace+1","Prostrate+1","Flash of Steel","Jack Of All Trades+1","Prostrate+1","Consecrate","Halt+1"],"campfire_rested":4,"item_purchase_floors":[24,24,24,24,24,24,29,29,37,37,37,37,45],"current_hp_per_floor":[72,54,54,54,29,50,39,60,60,60,60,60,44,44,65,24,72,57,57,44,44,44,65,72,72,72,55,57,72,56,56,68,43,72,72,72,72,72,46,61,61,72,72,72,72,72,82,79,82,25],"gold":76,"neow_bonus":"","is_daily":true,"chose_seed":false,"campfire_upgraded":6,"win_rate":0.0,"timestamp":1610051310,"path_taken":["M","?","M","M","?","R","?","R","T","M","R","?","M","M","R","BOSS","M","M","M","?","M","R","$","?","T","E","?","$","?","M","R","BOSS","M","M","$","M","M","R","?","R","T","R","$","M","M","M","R","BOSS"],"items_purchased_type":["Card","Relic","Card","Card","Card","Card","Card","Card","Card","Card","Card","Card","Card"],"build_version":"2020-12-22","purchased_purges":1,"victory":true,"max_hp_per_floor":[72,72,72,72,72,72,72,72,72,72,72,72,72,72,72,72,72,72,72,72,72,72,72,72,72,72,72,72,72,72,72,72,72,72,72,72,72,72,72,72,72,72,72,72,72,72,82,82,82,82],"card_choices":[{"not_picked":["LessonLearned","ConjureBlade+1"],"picked":"Omniscience+1","floor":16},{"not_picked":["Collect+1","ClearTheMind+1"],"picked":"PathToVictory+1","floor":27},{"not_picked":["DeusExMachina+1","Establishment","ConjureBlade+1"],"picked":"SpiritShield+1","floor":33}],"player_experience":96811,"relics_obtained":[{"floor":1,"key":"TeardropLocket"},{"floor":3,"key":"Shuriken"},{"floor":4,"key":"Bronze Scales"},{"floor":9,"key":"Vajra"},{"floor":9,"key":"MealTicket"},{"floor":10,"key":"Potion Belt"},{"floor":13,"key":"Mercury Hourglass"},{"floor":14,"key":"Toxic Egg 2"},{"floor":18,"key":"Meat on the Bone"},{"floor":19,"key":"Incense Burner"},{"floor":20,"key":"Happy Flower"},{"floor":22,"key":"Mummified Hand"},{"floor":26,"key":"Anchor"},{"floor":26,"key":"Blood Vial"},{"floor":27,"key":"Smiling Mask"},{"floor":28,"key":"Question Card"},{"floor":30,"key":"Necronomicon"},{"floor":31,"key":"CeramicFish"},{"floor":35,"key":"The Courier"},{"floor":36,"key":"HornCleat"},{"floor":38,"key":"Lizard Tail"},{"floor":39,"key":"Pen Nib"},{"floor":43,"key":"Ornamental Fan"},{"floor":46,"key":"Bottled Tornado"},{"floor":47,"key":"Pear"},{"floor":48,"key":"Frozen Egg 2"}],"event_choices":[{"damage_healed":0,"gold_gain":0,"player_choice":"Take Damage","damage_taken":18,"relics_obtained":["Golden Idol"],"max_hp_gain":0,"max_hp_loss":0,"event_name":"Golden Idol","floor":2,"gold_loss":0},{"damage_healed":0,"gold_gain":0,"player_choice":"Success","damage_taken":25,"relics_obtained":["Matryoshka"],"max_hp_gain":0,"max_hp_loss":0,"event_name":"Scrap Ooze","floor":5,"gold_loss":0},{"damage_healed":0,"gold_gain":75,"player_choice":"Gather Gold","damage_taken":11,"max_hp_gain":0,"max_hp_loss":0,"event_name":"World of Goop","floor":7,"gold_loss":0},{"damage_healed":0,"gold_gain":53,"player_choice":"Gained Gold","damage_taken":0,"max_hp_gain":0,"max_hp_loss":0,"event_name":"Golden Wing","floor":12,"gold_loss":0},{"damage_healed":0,"gold_gain":0,"player_choice":"Read","damage_taken":0,"max_hp_gain":0,"max_hp_loss":0,"event_name":"The Library","floor":21,"gold_loss":0,"cards_obtained":["Crescendo"]},{"damage_healed":0,"gold_gain":0,"player_choice":"Forge","damage_taken":0,"max_hp_gain":0,"max_hp_loss":0,"event_name":"Accursed Blacksmith","floor":25,"gold_loss":0,"cards_upgraded":["EmptyFist"]},{"damage_healed":0,"gold_gain":0,"player_choice":"Obtained Book","damage_taken":16,"max_hp_gain":0,"max_hp_loss":0,"event_name":"Cursed Tome","floor":30,"gold_loss":0},{"damage_healed":0,"gold_gain":0,"player_choice":"3 cards matched","damage_taken":0,"max_hp_gain":0,"max_hp_loss":0,"event_name":"Match and Keep!","floor":41,"gold_loss":0,"cards_obtained":["DevaForm","Doubt","BowlingBash"]},{"damage_healed":0,"gold_gain":0,"player_choice":"3 cards matched","damage_taken":0,"max_hp_gain":0,"max_hp_loss":0,"event_name":"Match and Keep!","floor":41,"gold_loss":0,"cards_obtained":["DevaForm","Doubt","BowlingBash"]}],"is_beta":false,"boss_relics":[{"not_picked":["Busted Crown","Sozu"],"picked":"Philosopher\u0027s Stone"},{"not_picked":["SlaversCollar","Velvet Choker"],"picked":"VioletLotus"}],"items_purged_floors":[45],"is_endless":false,"potions_floor_spawned":[3,14,20,22,28,31,33,35,36,38],"ascension_level":0}}