{"host":"254qdhpnbonm8z0p","time":1610015000,"event":{"mods":["BaseMod","Block Reminder","Colored Map","Colored Powertips","Highlight Path","Minty Spire (QoL Compilation)"],"gold_per_floor":[112,112,125,139,139,182,182,182,182,207,207,60,60,91,91,217,217,230,230,230,249,164,204,225,225,225,246,95,95,119,119,119,242,242,267,267,294,294,313,313,313,313,313],"floor_reached":42,"playtime":4706,"items_purged":["Strike_B"],"score":472,"play_id":"058ed495-5730-4352-8887-bfc2f7dd9c28","local_time":"20210107022320","is_ascension_mode":false,"campfire_choices":[{"floor":7,"key":"REST"},{"floor":11,"key":"DIG"},{"floor":13,"key":"DIG"},{"floor":15,"key":"REST"},{"floor":25,"key":"DIG"},{"floor":29,"key":"DIG"},{"floor":32,"key":"REST"},{"floor":40,"key":"DIG"}],"circlet_count":0,"master_deck":["Strike_B","Strike_B","Strike_B","Defend_B","Defend_B","Defend_B+1","Zap","Dualcast","Self Repair+1","Sweeping Beam","Coolheaded+1","Conserve Battery+1","Defragment","Capacitor","Darkness+1","Conserve Battery+1","Electrodynamics","Aggregate+1","White Noise+1","Tempest+1","Amplify+1","Self Repair+1","Defragment+1","RitualDagger","Multi-Cast+1","Lockon","Madness+1","Madness+1","Stack+1"],"relics":["Cracked Core","Golden Idol","Toxic Egg 2","War Paint","Shovel","Calipers","Mango","Bird Faced Urn","Black Star","Matryoshka","Frozen Egg 2","Vajra","Eternal Feather","Boot","Letter Opener","Bag of Marbles","Meat on the Bone","Busted Crown","Nunchaku","Happy Flower","Potion Belt"],"acts_visited":["Exordium","TheCity","TheBeyond"],"potions_floor_usage":[16,30,33],"damage_taken":[{"damage":1,"enemies":"Jaw Worm","floor":1,"turns":3},{"damage":0,"enemies":"2 Louse","floor":3,"turns":2},{"damage":1,"enemies":"Cultist","floor":4,"turns":3},{"damage":53,"enemies":"Lagavulin","floor":6,"turns":11},{"damage":9,"enemies":"Exordium Thugs","floor":10,"turns":4},{"damage":31,"enemies":"3 Sentries","floor":14,"turns":6},{"damage":33,"enemies":"Hexaghost","floor":16,"turns":9},{"damage":6,"enemies":"Chosen","floor":18,"turns":6},{"damage":11,"enemies":"3 Byrds","floor":21,"turns":5},{"damage":31,"enemies":"Slavers","floor":23,"turns":3},{"damage":57,"enemies":"Shelled Parasite and Fungi","floor":24,"turns":5},{"damage":43,"enemies":"Sentry and Sphere","floor":27,"turns":6},{"damage":47,"enemies":"Snecko","floor":30,"turns":5},{"damage":15,"enemies":"Champ","floor":33,"turns":12},{"damage":15,"enemies":"Orb Walker","floor":35,"turns":3},{"damage":41,"enemies":"3 Darklings","floor":39,"turns":4},{"damage":106,"enemies":"Reptomancer","floor":42,"turns":3}],"seed_played":"-4504154431602422335","potions_obtained":[{"floor":1,"key":"CultistPotion"},{"floor":14,"key":"SmokeBomb"},{"floor":16,"key":"Swift Potion"},{"floor":23,"key":"FocusPotion"},{"floor":24,"key":"EssenceOfDarkness"},{"floor":33,"key":"BlessingOfTheForge"},{"floor":39,"key":"AttackPotion"}],"is_trial":false,"path_per_floor":["M","?","M","M","T","E","R","?","T","M","R","$","R","E","R","B",null,"M","?","?","M","?","E","M","R","T","M","$","R","M","?","R","B",null,"M","?","T","?","M","R","?","E"],"character_chosen":"DEFECT","items_purchased":["Capacitor","Darkness+1","Self Repair+1"],"campfire_rested":3,"item_purchase_floors":[12,12,28],"current_hp_per_floor":[81,61,68,74,74,28,52,52,52,53,53,53,67,46,74,45,96,96,77,77,84,84,73,36,48,48,29,29,41,50,44,89,96,101,88,75,75,75,78,96,96,0,0],"gold":313,"neow_bonus":"TEN_PERCENT_HP_BONUS","is_daily":false,"chose_seed":false,"campfire_upgraded":0,"win_rate":0.0,"timestamp":1610015000,"path_taken":["M","?","M","M","?","E","R","?","T","?","R","?","R","E","R","BOSS","M","?","?","?","?","E","M","R","T","M","?","R","M","?","R","BOSS","M","?","?","?","M","R","?","E"],"items_purchased_type":["Card","Card","Card"],"build_version":"2020-12-22","purchased_purges":1,"victory":false,"max_hp_per_floor":[82,82,82,82,82,82,82,82,82,82,82,82,96,96,96,96,96,96,101,101,101,101,101,101,101,101,101,101,101,101,101,101,101,101,101,101,101,101,101,101,101,101,101],"card_choices":[{"not_picked":["Cold Snap","Streamline"],"picked":"Self Repair","floor":1},{"not_picked":["Stack","Hello World"],"picked":"Sweeping Beam","floor":3},{"not_picked":["Hologram","Heatsinks"],"picked":"Coolheaded","floor":4},{"not_picked":["Self Repair","Lockon"],"picked":"Conserve Battery+1","floor":6},{"not_picked":["Reprogram+1","Sweeping Beam"],"picked":"Defragment","floor":10},{"not_picked":["All For One","Cold Snap"],"picked":"Conserve Battery+1","floor":14},{"not_picked":["Buffer","Seek+1"],"picked":"Electrodynamics","floor":16},{"not_picked":["Streamline","Double Energy+1"],"picked":"Aggregate+1","floor":18},{"not_picked":["Beam Cell+1","Conserve Battery+1"],"picked":"White Noise+1","floor":21},{"not_picked":["Barrage","Sweeping Beam"],"picked":"Tempest+1","floor":23},{"not_picked":["Steam+1","Cold Snap+1"],"picked":"Amplify+1","floor":24},{"not_picked":["Compile Driver","Glacier+1"],"picked":"Coolheaded+1","floor":27},{"not_picked":["Ball Lightning","Streamline"],"picked":"Defragment+1","floor":30},{"not_picked":["All For One","Amplify+1"],"picked":"Multi-Cast+1","floor":33},{"not_picked":[],"picked":"Lockon","floor":35},{"not_picked":[],"picked":"Stack+1","floor":39}],"player_experience":24250,"relics_obtained":[{"floor":5,"key":"Toxic Egg 2"},{"floor":6,"key":"War Paint"},{"floor":9,"key":"Shovel"},{"floor":11,"key":"Calipers"},{"floor":13,"key":"Mango"},{"floor":14,"key":"Bird Faced Urn"},{"floor":20,"key":"Matryoshka"},{"floor":23,"key":"Vajra"},{"floor":23,"key":"Eternal Feather"},{"floor":25,"key":"Boot"},{"floor":26,"key":"Letter Opener"},{"floor":26,"key":"Bag of Marbles"},{"floor":29,"key":"Meat on the Bone"},{"floor":37,"key":"Nunchaku"},{"floor":37,"key":"Happy Flower"},{"floor":40,"key":"Potion Belt"}],"event_choices":[{"damage_healed":0,"gold_gain":0,"player_choice":"Take Damage","damage_taken":20,"relics_obtained":["Golden Idol"],"max_hp_gain":0,"max_hp_loss":0,"event_name":"Golden Idol","floor":2,"gold_loss":0},{"damage_healed":0,"gold_gain":0,"player_choice":"Grow","damage_taken":0,"max_hp_gain":0,"max_hp_loss":0,"event_name":"Living Wall","floor":8,"gold_loss":0,"cards_upgraded":["Self Repair"]},{"damage_healed":0,"gold_gain":0,"player_choice":"Shed Blood","damage_taken":24,"max_hp_gain":5,"max_hp_loss":0,"event_name":"Forgotten Altar","floor":19,"gold_loss":0},{"damage_healed":0,"gold_gain":0,"player_choice":"Relic","damage_taken":0,"max_hp_gain":0,"max_hp_loss":0,"event_name":"Wheel of Change","floor":20,"gold_loss":0},{"damage_healed":0,"gold_gain":0,"player_choice":"Obtained Relic","damage_taken":0,"relics_obtained":["Frozen Egg 2"],"max_hp_gain":0,"max_hp_loss":0,"event_name":"Addict","floor":22,"gold_loss":85},{"damage_healed":0,"gold_gain":0,"player_choice":"Joined the Cult","damage_taken":6,"max_hp_gain":0,"max_hp_loss":0,"event_name":"Nest","floor":31,"gold_loss":0,"cards_obtained":["RitualDagger"]},{"damage_healed":0,"gold_gain":0,"player_choice":"Embrace Madness","damage_taken":13,"max_hp_gain":0,"max_hp_loss":0,"event_name":"Winding Halls","floor":36,"gold_loss":0,"cards_obtained":["Madness","Madness"]},{"cards_removed":["Coolheaded"],"damage_healed":0,"gold_gain":0,"player_choice":"Removed Skill","damage_taken":0,"max_hp_gain":0,"max_hp_loss":0,"event_name":"Falling","floor":38,"gold_loss":0},{"cards_removed":["Defend_B"],"damage_healed":0,"gold_gain":0,"player_choice":"Offered Basic","damage_taken":0,"max_hp_gain":0,"max_hp_loss":0,"event_name":"Bonfire Elementals","floor":41,"gold_loss":0}],"is_beta":false,"boss_relics":[{"not_picked":["Calling Bell","Snecko Eye"],"picked":"Black Star"},{"not_picked":["Velvet Choker","FrozenCore"],"picked":"Busted Crown"}],"items_purged_floors":[28],"is_endless":false,"potions_floor_spawned":[1,14,16,23,24,33,39],"killed_by":"Reptomancer","ascension_level":0}}