{"host":"474oh00kq6ni8dn3","time":1610013096,"event":{"mods":["AchievementEnabler","Aspiration","BaseMod","Bestiary","Colored Map","Colored Powertips","Conspire","Custom Start","Defuse TimeMaze Blight","Downfall","Duelist Mod","GifTheSpireLib","Googly Eyes","GungeonMod","Halation","Hubris","Infinite Spire","Jedi Mod","Minty Spire (QoL Compilation)","Permanent Neow","Quick Restart","Random Character Button","Replay The Spire","Shop Mod","StSLib","Stuff the Spire","The Construct","The Factory","The Jungle","Trackpad","Unceasing Turn Reminder","vexMod"],"gold_per_floor":[136,156,156,166,166,166,196,196,196,221,371,371,389,414,414,512,512,526,526,526,231,116,146,146,177,203,216,229,229,262,279,279,400,400,445,445,645,87,87,126,126,126,126,126,126,154,195,219,219,219],"floor_reached":51,"playtime":4023,"items_purged":["Pain","theDuelist:Sparks","theDuelist:PsiCurse"],"score":1680,"play_id":"880fde2c-83c5-4696-bbc6-6c3673a24e7d","local_time":"20210107095136","is_ascension_mode":true,"campfire_choices":[{"data":"theDuelist:Yami","floor":6.0,"key":"SMITH"},{"data":"theDuelist:Polymerization","floor":8.0,"key":"SMITH"},{"floor":15.0,"key":"RECALL"},{"data":"theDuelist:DarkMagician","floor":24.0,"key":"SMITH"},{"data":"theDuelist:SilentDoom+1","floor":32.0,"key":"SMITH"},{"data":"theDuelist:LegendaryExodia","floor":49,"key":"SMITH"}],"circlet_count":0,"master_deck":["theDuelist:CastleWalls","theDuelist:DarkMagician+1","theDuelist:MysticalElf","theDuelist:MysticalElf","theDuelist:NeoMagic","theDuelist:NeoMagic","theDuelist:Sparks","theDuelist:ExodiaRA","theDuelist:Polymerization+1","theDuelist:Yami+1","theDuelist:Illusionist+1","theDuelist:ExodiaRL","StuffTheSpire:Brawn","theDuelist:ExodiaLA","theDuelist:SilentDoom+2","theDuelist:LegendaryExodia+1","theDuelist:ExodiaLL","infinitespire:Collect","theDuelist:MagiciansRod+1"],"relics":["theDuelist:MillenniumPuzzle","trackpad:PetRock","DemoMod:GlassGuonStoneRelic","WarpedTongs","Basket Of Snakes","FossilizedHelix","Gremlin Horn","MerchantsRug","Juzu Bracelet","halation:EternalFortune","theDuelist:DuelistLetterOpener","TheAbacus","StuffTheSpire:Rhapsscallions","halation:OrihimeAndHikoboshiSamaAndTears","infinitespire:PuzzleCube","infinitespire:EvilPickle","theDuelist:MillenniumKey","theDuelist:MillenniumCoin","DemoMod:ResourcefulSack","halation:Jellyphish","hubris:PeanutButter","Replay:PocketPolymizer","trackpad:Compendium","halation:PinkSoulGem","DemoMod:NanoMachines","DemoMod:Armor"],"acts_visited":["Exordium","TheCity","TheBeyond"],"potions_floor_usage":[33,50,50],"damage_taken":[{"damage":0.0,"enemies":"Jaw Worm","floor":1.0,"turns":3.0},{"damage":0.0,"enemies":"infinitespire:Voidling","floor":2.0,"turns":3.0},{"damage":2.0,"enemies":"2 Louse","floor":4.0,"turns":2.0},{"damage":6.0,"enemies":"3 Sentries","floor":7.0,"turns":8.0},{"damage":0.0,"enemies":"Lagavulin","floor":10.0,"turns":6.0},{"damage":0.0,"enemies":"Large Slime","floor":13.0,"turns":4.0},{"damage":0.0,"enemies":"Gremlin Nob","floor":14.0,"turns":3.0},{"damage":0.0,"enemies":"Fading Forest","floor":16.0,"turns":11.0},{"damage":0.0,"enemies":"3 Byrds","floor":18.0,"turns":7.0},{"damage":0.0,"enemies":"Nightmare","floor":23.0,"turns":11.0},{"damage":0.0,"enemies":"Slavers","floor":25.0,"turns":7.0},{"damage":0.0,"enemies":"Spheric Guardian","floor":27.0,"turns":3.0},{"damage":0.0,"enemies":"Snake Plant","floor":28.0,"turns":5.0},{"damage":0.0,"enemies":"Gremlin Leader","floor":30.0,"turns":4.0},{"damage":0.0,"enemies":"Cultist and Chosen","floor":31.0,"turns":4.0},{"damage":0,"enemies":"Pondfish","floor":33,"turns":15},{"damage":0,"enemies":"3 Shapes","floor":35,"turns":3},{"damage":0,"enemies":"Nightmare","floor":40,"turns":11},{"damage":0,"enemies":"3 Darklings","floor":46,"turns":3},{"damage":0,"enemies":"Nemesis","floor":47,"turns":5},{"damage":0,"enemies":"Spire Growth","floor":48,"turns":4},{"damage":0,"enemies":"conspire:OrnateMirror","floor":50,"turns":8}],"seed_played":"430362374686216953","potions_obtained":[{"floor":1.0,"key":"Elixir"},{"floor":4.0,"key":"Dexterity Potion"},{"floor":18.0,"key":"theDuelist:LavaBottle"},{"floor":23.0,"key":"Milkshake"},{"floor":27.0,"key":"Swift Potion"},{"floor":35,"key":"theDuelist:StunPotion"},{"floor":40,"key":"DemoMod:LeadSkinPotion"},{"floor":46,"key":"jedi:wingpotion"}],"is_trial":false,"path_per_floor":["M","M","?","M","?","R","E","R","T","E","$","?","M","E","R","B",null,"M","?","?","$","?","NM","R","E","T","M","M","?","E","M","R","B",null,"M","?","?","$","T","NM","$","HB","T","?","?","M","E","M","R_BF","B",null],"character_chosen":"THE_DUELIST","items_purchased":["MerchantsRug","Juzu Bracelet","theDuelist:ExodiaRL","TheAbacus","DemoMod:ResourcefulSack","halation:Jellyphish"],"campfire_rested":0,"item_purchase_floors":[11,11,21,21,38,38],"current_hp_per_floor":[80,80,80,78,78,78,72,72,72,72,72,75,75,75,75,75,83,86,86,86,86,86,90,90,90,90,90,90,90,90,90,90,90,90,90,90,90,90,90,90,90,45,45,45,45,45,45,45,45,45],"gold":219,"neow_bonus":"RANDOM_COMMON_RELIC","is_daily":false,"chose_seed":false,"campfire_upgraded":5,"win_rate":0.0,"timestamp":1610013096,"path_taken":["M","M","?","?","?","R","E","R","T","E","$","?","M","E","R","BOSS","M","?","?","$","?","NM","R","E","T","M","M","?","E","M","R","BOSS","M","?","?","$","?","NM","$","HB","T","?","?","M","E","M","R_BF","BOSS"],"items_purchased_type":["Relic","Relic","Card","Relic","Relic","Relic"],"build_version":"2020-12-22","purchased_purges":3,"victory":true,"max_hp_per_floor":[80,80,80,80,80,80,80,80,80,80,80,83,83,83,83,83,83,86,86,86,86,86,90,90,90,90,90,90,90,90,90,90,90,90,90,90,90,90,90,90,90,45,45,45,45,45,45,45,45,45],"card_choices":[{"not_picked":["theDuelist:BattleOx","theDuelist:DestroyerGolem","theDuelist:GauntletWarrior","theDuelist:WormKing","theDuelist:BigFire"],"picked":"SKIP","floor":1.0},{"not_picked":["theDuelist:InjectionFairy","theDuelist:ExodiaRL","theDuelist:BlizzardWarrior","theDuelist:CallAtlanteans"],"picked":"theDuelist:ExodiaRA","floor":2.0},{"not_picked":["theDuelist:DestroyerGolem","theDuelist:GreenGraveOni","theDuelist:RainbowKuriboh","theDuelist:GemElephant"],"picked":"theDuelist:Polymerization","floor":4.0},{"not_picked":["theDuelist:BlizzardWarrior","theDuelist:NeoMagic","theDuelist:InjectionFairy","theDuelist:DarkMagician","theDuelist:LegendaryFlameLord"],"picked":"SKIP","floor":7.0},{"not_picked":["theDuelist:SpellShatteringArrow","theDuelist:NeoMagic","theDuelist:InjectionFairy","theDuelist:DarkMagician","theDuelist:ExodiaRA"],"picked":"SKIP","floor":10.0},{"not_picked":["theDuelist:SpellShatteringArrow","theDuelist:BlizzardWarrior","theDuelist:NeoMagic","theDuelist:DarkMagician","theDuelist:SangaEarth"],"picked":"SKIP","floor":13.0},{"not_picked":["theDuelist:FogKing","theDuelist:BlizzardPrincess","theDuelist:CrystalWingDragon","theDuelist:QueenDragunDjinn","theDuelist:RainbowMagician"],"picked":"SKIP","floor":14.0},{"not_picked":["theDuelist:BlizzardWarrior","theDuelist:ThousandEyesIdol","theDuelist:AncientElf","theDuelist:DarkHorizon"],"picked":"theDuelist:Illusionist+1","floor":18.0},{"not_picked":["theDuelist:ContractExodia","theDuelist:ExodiaRA+1","theDuelist:ExodiaLL","theDuelist:ExodiaHead"],"picked":"theDuelist:ExodiaLA","floor":23.0},{"not_picked":["theDuelist:InfernoFireBlast+1","theDuelist:ClearKuriboh","theDuelist:FuryFire+1","theDuelist:MagicalStone+1"],"picked":"theDuelist:SilentDoom+1","floor":25.0},{"not_picked":["theDuelist:MythicalBeast","theDuelist:PowerKaishin","theDuelist:DarkMagicianGirl","theDuelist:Graverobber","theDuelist:GuardianAngel"],"picked":"SKIP","floor":27.0},{"not_picked":["theDuelist:MythicalBeast","theDuelist:AncientElf","theDuelist:TimeWizard","theDuelist:ExodiaRA+1"],"picked":"theDuelist:LegendaryExodia","floor":28.0},{"not_picked":["theDuelist:ExodiaRA","theDuelist:MindAir","theDuelist:InjectionFairy+1","theDuelist:BlizzardPrincess"],"picked":"theDuelist:ExodiaLL","floor":30.0},{"not_picked":["theDuelist:StatueAnguishPattern","theDuelist:DarkHorizon","theDuelist:IcyCrevasse","theDuelist:Graverobber","theDuelist:BadReaction"],"picked":"SKIP","floor":31.0},{"not_picked":["theDuelist:InjectionFairy","theDuelist:OnslaughtFireKings+1","theDuelist:FlyingSaucer+1","theDuelist:BlizzardWarrior","theDuelist:InariFire+1"],"picked":"SKIP","floor":35},{"not_picked":["infinitespire:Starlight","infinitespire:Gouge"],"picked":"infinitespire:Collect","floor":40},{"not_picked":["theDuelist:CrystalWingDragon+1","theDuelist:RainbowDarkDragon+1","theDuelist:IrisEarthMother","theDuelist:RainbowMagician","theDuelist:QueenDragunDjinn"],"picked":"SKIP","floor":40},{"not_picked":["theDuelist:InfernoFireBlast+2","theDuelist:CircleFireKings","theDuelist:ApprenticeIllusionMagician+1","theDuelist:GiantTrunade+1","theDuelist:GuardianAngel+1"],"picked":"SKIP","floor":46},{"not_picked":["theDuelist:SpellShatteringArrow","theDuelist:NeoMagic","theDuelist:LegendaryExodia","theDuelist:LegendaryFlameLord+1","theDuelist:BlizzardPrincess+1"],"picked":"SKIP","floor":47},{"not_picked":["theDuelist:InfernoFireBlast","theDuelist:DiffusionWaveMotion+1","theDuelist:MagiciansRobe","theDuelist:PowerKaishin+1"],"picked":"theDuelist:MagiciansRod+1","floor":48}],"player_experience":90161,"relics_obtained":[{"floor":7.0,"key":"Basket Of Snakes"},{"floor":9.0,"key":"FossilizedHelix"},{"floor":10.0,"key":"Gremlin Horn"},{"floor":14.0,"key":"theDuelist:DuelistLetterOpener"},{"floor":18.0,"key":"halation:EternalFortune"},{"floor":23.0,"key":"StuffTheSpire:Rhapsscallions"},{"floor":25.0,"key":"halation:OrihimeAndHikoboshiSamaAndTears"},{"floor":30.0,"key":"infinitespire:PuzzleCube"},{"floor":39,"key":"hubris:PeanutButter"},{"floor":40,"key":"Replay:PocketPolymizer"},{"floor":43,"key":"trackpad:Compendium"},{"floor":47,"key":"DemoMod:NanoMachines"}],"event_choices":[{"damage_healed":0.0,"max_hp_gain":0.0,"max_hp_loss":0.0,"gold_gain":0.0,"event_name":"Accursed Blacksmith","player_choice":"Rummage","floor":3.0,"gold_loss":0.0,"damage_taken":0.0,"relics_obtained":["WarpedTongs"],"cards_obtained":["Pain"]},{"damage_healed":0.0,"max_hp_gain":0.0,"max_hp_loss":0.0,"gold_gain":0.0,"event_name":"conspire:Investor","player_choice":"Leave","floor":19.0,"gold_loss":0.0,"damage_taken":0.0},{"damage_healed":0.0,"max_hp_gain":0.0,"max_hp_loss":0.0,"gold_gain":0.0,"event_name":"Ghosts","player_choice":"Ignored","floor":20.0,"gold_loss":0.0,"damage_taken":0.0},{"damage_healed":0.0,"max_hp_gain":0.0,"max_hp_loss":0.0,"gold_gain":0.0,"event_name":"Card Trader","player_choice":"Leave","duelist":true,"floor":29.0,"gold_loss":0.0,"damage_taken":0.0},{"cards_removed":["theDuelist:Sparks"],"damage_healed":0,"gold_gain":0,"player_choice":"Card Removal","damage_taken":0,"max_hp_gain":0,"max_hp_loss":0,"event_name":"Wheel of Change","floor":36,"gold_loss":0},{"damage_healed":0,"gold_gain":0,"player_choice":"Took item - Received: Millennium Coin","duelist":true,"damage_taken":0,"max_hp_gain":0,"max_hp_loss":0,"event_name":"Millennium Items","floor":37,"gold_loss":0},{"damage_healed":0,"gold_gain":0,"player_choice":"Leave","duelist":true,"damage_taken":0,"max_hp_gain":0,"max_hp_loss":0,"event_name":"Egyptian Village","floor":44,"gold_loss":0}],"is_beta":false,"boss_relics":[{"not_picked":["halation:SmartPhone","halation:MonkeysPaw","conspire:SeveredTorchhead"]},{"not_picked":["aspiration:IroncladSkillbook","conspire:SlowCooker"],"picked":"theDuelist:MillenniumKey"}],"items_purged_floors":[11,21,38],"is_endless":false,"potions_floor_spawned":[1,4,18,23,27,31,35,40,46],"ascension_level":3}}