{"host":"qq27suot6m8koe0b","time":1610017365,"event":{"mods":["Act Like it!","BaseMod","CapriCore","GifTheSpireLib","Lobotomy","Minty Spire (QoL Compilation)","StSLib","Waifu the Spire"],"gold_per_floor":[110,130,58,68,83,110,110,128,128,143,143,163,180,196,196,291,291,291,291],"floor_reached":18,"playtime":1180,"items_purged":[],"score":168,"play_id":"5a437969-b80b-45f9-a5ed-8da84b90eb7a","local_time":"20210107190245","is_ascension_mode":false,"campfire_choices":[{"data":"Noxious Fumes","floor":7,"key":"SMITH"},{"floor":15,"key":"RECALL"}],"circlet_count":0,"master_deck":["Strike_G","Strike_G","Strike_G","Strike_G","Strike_G","Defend_G","Defend_G","Defend_G","Defend_G","Defend_G","Survivor","Neutralize","Scorched","Dash","UniverseFragment","Tools of the Trade","Caltrops","Wellcheers","Dash","Dagger Throw","Noxious Fumes+1","Deadly Poison","OldLady","Deadly Poison","FieryBird","Footwork","Cloak And Dagger","Adrenaline","CurseOfTheBell"],"relics":["Ring of the Snake","CogitoBucket","Toy Ornithopter","BackwardClock","Calling Bell","Lantern","StrikeDummy","Peace Pipe"],"acts_visited":["Exordium","TheCity"],"potions_floor_usage":[6,6,14,16,18],"damage_taken":[{"damage":0,"enemies":"Cultist","floor":1,"turns":5},{"damage":0,"enemies":"Small Slimes","floor":2,"turns":1},{"damage":0,"enemies":"Jaw Worm","floor":4,"turns":4},{"damage":6,"enemies":"Lots of Slimes","floor":5,"turns":4},{"damage":31,"enemies":"Lagavulin","floor":6,"turns":6},{"damage":0,"enemies":"Blue Slaver","floor":8,"turns":9},{"damage":13,"enemies":"Exordium Thugs","floor":10,"turns":3},{"damage":0,"enemies":"Looter","floor":12,"turns":3},{"damage":13,"enemies":"Lots of Slimes","floor":13,"turns":3},{"damage":16,"enemies":"3 Louse","floor":14,"turns":2},{"damage":7,"enemies":"Slime Boss","floor":16,"turns":9},{"damage":82,"enemies":"Spheric Guardian","floor":18,"turns":4}],"seed_played":"-6607479810211831903","potions_obtained":[{"floor":2,"key":"CultistPotion"},{"floor":4,"key":"Poison Potion"},{"floor":5,"key":"Regen Potion"},{"floor":8,"key":"ColorlessPotion"},{"floor":10,"key":"SkillPotion"}],"is_trial":false,"path_per_floor":["M","M","$","M","M","E","R","M","T","M","?","M","M","M","R","B",null,"M"],"character_chosen":"THE_SILENT","items_purchased":["Caltrops"],"campfire_rested":0,"item_purchase_floors":[3],"current_hp_per_floor":[70,70,70,70,67,44,44,50,50,37,42,42,29,21,21,22,70,0,0],"gold":291,"neow_bonus":"","is_daily":false,"chose_seed":false,"campfire_upgraded":1,"win_rate":0.0,"timestamp":1610017365,"path_taken":["M","?","?","M","M","E","R","M","T","M","?","?","M","M","R","BOSS","M"],"items_purchased_type":["Card"],"build_version":"2020-12-22","purchased_purges":0,"victory":false,"max_hp_per_floor":[70,70,70,70,70,70,70,70,70,70,70,70,70,70,70,70,70,70,70],"card_choices":[{"not_picked":["VoidDream","Bloodbath"],"picked":"Scorched","floor":1},{"not_picked":["Reflex","Slice"],"picked":"Dash","floor":1},{"not_picked":["SpiderBud","OSAHOGD"],"picked":"UniverseFragment","floor":2},{"not_picked":["Acrobatics","Deadly Poison"],"picked":"Tools of the Trade","floor":2},{"not_picked":["CrumblingArmor","VoidDream"],"picked":"Wellcheers","floor":4},{"not_picked":["Dagger Throw","Slice"],"picked":"Dash","floor":4},{"not_picked":["Flechettes","Acrobatics"],"picked":"Dagger Throw","floor":5},{"not_picked":["Terror","Choke"],"picked":"Noxious Fumes","floor":6},{"not_picked":["Scarecrow","Mercenary"],"picked":"SingingMachine","floor":8},{"not_picked":["Dagger Throw","Burst"],"picked":"Deadly Poison","floor":8},{"not_picked":["BigBird","WhitesApple"],"picked":"OldLady","floor":10},{"not_picked":["Underhanded Strike","Acrobatics"],"picked":"Deadly Poison","floor":10},{"not_picked":["HeroicMonk","LittlePrince"],"picked":"FieryBird","floor":12},{"not_picked":["Riddle With Holes","Predator"],"picked":"Footwork","floor":12},{"not_picked":["Dodge and Roll","Slice"],"picked":"Cloak And Dagger","floor":13},{"not_picked":["Calculated Gamble","Dash","Finisher"],"picked":"SKIP","floor":14},{"not_picked":["Venomology","Grand Finale"],"picked":"Adrenaline","floor":16}],"player_experience":260250,"relics_obtained":[{"floor":6,"key":"Toy Ornithopter"},{"floor":17,"key":"Lantern"},{"floor":17,"key":"StrikeDummy"},{"floor":17,"key":"Peace Pipe"}],"event_choices":[{"cards_removed":["SingingMachine"],"damage_healed":5,"gold_gain":0,"player_choice":"Offered Special","damage_taken":0,"max_hp_gain":0,"max_hp_loss":0,"event_name":"Bonfire Elementals","floor":11,"gold_loss":0}],"is_beta":false,"boss_relics":[{"not_picked":["Velvet Choker","Fusion Hammer"],"picked":"Calling Bell"}],"items_purged_floors":[],"is_endless":false,"potions_floor_spawned":[2,4,5,8,10],"killed_by":"Spheric Guardian","ascension_level":0}}