{"host":"w05x4i13f2m9joq1","time":1610060498,"event":{"mods":["BaseMod","Colored Map","Colored Powertips","Googly Eyes","Marisa????????","Minty Spire (QoL Compilation)","The Servant 0.9.4"],"gold_per_floor":[116,76,93,111,129,129,161,161,161,192,192,37,61,61,61,160,160,175,90,110,42,62,88,88,105,105,135,135,135,145,0,0,0,0],"floor_reached":33,"playtime":2203,"items_purged":[],"score":293,"play_id":"fba1a849-ec97-4272-9b95-eec15083b50d","local_time":"20210107180138","is_ascension_mode":false,"campfire_choices":[{"data":"PulseMagic","floor":6,"key":"SMITH"},{"floor":8,"key":"REST"},{"data":"FairyDestructionRay","floor":11,"key":"SMITH"},{"data":"BinaryStars","floor":15,"key":"SMITH"},{"data":"SprinkleStarSeal","floor":24,"key":"SMITH"},{"floor":28,"key":"REST"},{"floor":32,"key":"REST"}],"circlet_count":0,"master_deck":["Strike_MRS","Strike_MRS","Strike_MRS+1","Strike_MRS","Defend_MRS","Defend_MRS","Defend_MRS","Defend_MRS","MasterSpark","UpSweep+1","PropBag","PulseMagic+1","DC+1","BinaryStars+1","StarlightTyphoon","FairyDestructionRay+1","BlazingStar","MysteriousBeam","UnstableBomb","StarBarrage","MagicChant","SprinkleStarSeal+1","ShootingEcho","LuminesStrike","Acceleration+1"],"relics":["MiniHakkero","HornCleat","Gremlin Horn","Darkstone Periapt","Vajra","Whetstone","RampagingMagicTools","Letter Opener","Pen Nib","Toxic Egg 2","Ancient Tea Set","Shuriken"],"acts_visited":["Exordium","TheCity"],"potions_floor_usage":[33,33,33],"damage_taken":[{"damage":3,"enemies":"Jaw Worm","floor":1,"turns":3},{"damage":5,"enemies":"Cultist","floor":3,"turns":4},{"damage":5,"enemies":"Small Slimes","floor":4,"turns":3},{"damage":14,"enemies":"3 Louse","floor":5,"turns":3},{"damage":28,"enemies":"Lagavulin","floor":7,"turns":6},{"damage":16,"enemies":"3 Sentries","floor":10,"turns":6},{"damage":20,"enemies":"Hexaghost","floor":16,"turns":9},{"damage":8,"enemies":"3 Byrds","floor":18,"turns":2},{"damage":6,"enemies":"Shell Parasite","floor":20,"turns":2},{"damage":9,"enemies":"Snake Plant","floor":22,"turns":3},{"damage":12,"enemies":"Gremlin Leader","floor":23,"turns":4},{"damage":5,"enemies":"Snecko","floor":25,"turns":3},{"damage":34,"enemies":"Slavers","floor":27,"turns":4},{"damage":5,"enemies":"Centurion and Healer","floor":30,"turns":3},{"damage":84,"enemies":"Automaton","floor":33,"turns":6}],"seed_played":"-253368311073468972","potions_obtained":[{"floor":2,"key":"LiquidBronze"},{"floor":2,"key":"FearPotion"},{"floor":2,"key":"BottledSpark"},{"floor":3,"key":"Ancient Potion"}],"is_trial":false,"path_per_floor":["M","?","M","M","M","R","E","R","T","E","R","$","T","?","R","B",null,"M","?","M","$","M","E","R","M","T","E","R","?","M","?","R","B"],"character_chosen":"MARISA","items_purchased":["Vajra","StarBarrage"],"campfire_rested":3,"item_purchase_floors":[12,21],"current_hp_per_floor":[79,79,74,69,55,55,27,51,51,35,35,35,35,35,35,15,82,74,74,68,68,59,47,47,42,42,8,32,32,27,27,51,0,0],"gold":0,"neow_bonus":"TEN_PERCENT_HP_BONUS","is_daily":false,"chose_seed":false,"campfire_upgraded":4,"win_rate":0.0,"timestamp":1610060498,"path_taken":["M","?","M","M","M","R","E","R","T","E","R","$","?","?","R","BOSS","M","?","M","$","M","E","R","M","T","E","R","?","M","?","R","BOSS"],"items_purchased_type":["Relic","Card"],"build_version":"2020-12-22","purchased_purges":0,"victory":false,"max_hp_per_floor":[82,82,82,82,82,82,82,82,82,82,82,82,82,82,82,82,82,82,82,82,82,82,82,82,82,82,82,82,82,82,82,82,82,82],"card_choices":[{"not_picked":["GalacticHalo","EarthLightRay"],"picked":"PropBag","floor":1},{"not_picked":["GalacticHalo","NonDirectionalLaser"],"picked":"PulseMagic","floor":3},{"not_picked":["SporeBomb","Occultation"],"picked":"DC","floor":4},{"not_picked":["MysteriousBeam","MagicAbsorber"],"picked":"BinaryStars","floor":5},{"not_picked":["6A","ShootingEcho"],"picked":"StarlightTyphoon","floor":7},{"not_picked":["GravityBeat","CollectingQuirk"],"picked":"FairyDestructionRay","floor":10},{"not_picked":["EscapeVelocity","BigCrunch"],"picked":"BlazingStar","floor":16},{"not_picked":["WitchOfGreed+1","ManaConvection"],"picked":"MysteriousBeam","floor":18},{"not_picked":["NonDirectionalLaser","MysteriousBeam"],"picked":"UnstableBomb","floor":20},{"not_picked":["DC","WitchLeyline"],"picked":"MagicChant","floor":22},{"not_picked":["GravityBeat+1","DoubleSpark"],"picked":"SprinkleStarSeal","floor":23},{"not_picked":["PulseMagic","WitchOfGreed+1"],"picked":"ShootingEcho","floor":25},{"not_picked":["EnergyFlow+1","RefractionSpark+1"],"picked":"LuminesStrike","floor":27},{"not_picked":["SprinkleStarSeal+1","WitchOfGreed+1"],"picked":"Acceleration+1","floor":30}],"player_experience":47950,"relics_obtained":[{"floor":7,"key":"HornCleat"},{"floor":9,"key":"Gremlin Horn"},{"floor":10,"key":"Darkstone Periapt"},{"floor":13,"key":"Whetstone"},{"floor":23,"key":"Pen Nib"},{"floor":26,"key":"Toxic Egg 2"},{"floor":27,"key":"Ancient Tea Set"}],"event_choices":[{"damage_healed":0,"gold_gain":0,"player_choice":"Bought 3 Potions","damage_taken":0,"max_hp_gain":0,"max_hp_loss":0,"event_name":"The Woman in Blue","floor":2,"gold_loss":0},{"damage_healed":0,"gold_gain":0,"player_choice":"Grow","damage_taken":0,"max_hp_gain":0,"max_hp_loss":0,"event_name":"Living Wall","floor":14,"gold_loss":0,"cards_upgraded":["DC"]},{"damage_healed":0,"gold_gain":0,"player_choice":"Obtained Relic","damage_taken":0,"relics_obtained":["Letter Opener"],"max_hp_gain":0,"max_hp_loss":0,"event_name":"Addict","floor":19,"gold_loss":85},{"damage_healed":0,"gold_gain":0,"player_choice":"Ignored","damage_taken":0,"max_hp_gain":0,"max_hp_loss":0,"event_name":"Ghosts","floor":29,"gold_loss":0},{"damage_healed":0,"gold_gain":0,"player_choice":"Paid Fearfully","damage_taken":0,"max_hp_gain":0,"max_hp_loss":0,"event_name":"Masked Bandits","floor":31,"gold_loss":145}],"is_beta":false,"boss_relics":[{"not_picked":["Tiny House","Coffee Dripper"],"picked":"RampagingMagicTools"}],"items_purged_floors":[],"is_endless":false,"potions_floor_spawned":[3,4,16,20,25],"killed_by":"Automaton","ascension_level":0}}