{"host":"oigynbtg272c19pw","time":1610023533,"event":{"mods":["BaseMod","Colored Map","Minty Spire (QoL Compilation)","Relic Stats","StSLib"],"gold_per_floor":[118,43,43,67,78,78,110,122,147,161,161,161,176,206,206,281,281,298,332,332,65,81,81,111,129,129,145,145,159,159,194,194,194,194],"floor_reached":33,"playtime":1523,"items_purged":["Pain"],"score":740,"play_id":"f5004ab5-8645-4563-8a17-0b477131b8a6","local_time":"20210107134533","is_ascension_mode":true,"campfire_choices":[{"data":"Conclude","floor":6.0,"key":"SMITH"},{"floor":12.0,"key":"REST"},{"data":"LikeWater","floor":15.0,"key":"SMITH"},{"data":"ThirdEye","floor":23.0,"key":"SMITH"},{"floor":28.0,"key":"REST"},{"floor":32.0,"key":"REST"}],"circlet_count":0,"master_deck":["AscendersBane","Strike_P","Strike_P+1","Defend_P","Defend_P","Defend_P","Defend_P","Eruption","Vigilance","Meditate+1","Conclude+1","InnerPeace","EmptyFist","LikeWater+1","Devotion","Prostrate","FlurryOfBlows","ConjureBlade","ThirdEye+1","WaveOfTheHand","Crescendo","CutThroughFate","WindmillStrike","Wallop"],"relics":["PureWater","NeowsBlessing","Bronze Scales","Ornamental Fan","Happy Flower","InkBottle","VioletLotus","Red Mask","WarpedTongs","Potion Belt","Orichalcum","Yang","Omamori"],"acts_visited":["Exordium","TheCity"],"potions_floor_usage":[],"damage_taken":[{"damage":0.0,"enemies":"Jaw Worm","floor":1.0,"turns":1.0},{"damage":0.0,"enemies":"Small Slimes","floor":5.0,"turns":2.0},{"damage":0.0,"enemies":"Lagavulin","floor":7.0,"turns":1.0},{"damage":7.0,"enemies":"Cultist","floor":8.0,"turns":3.0},{"damage":11.0,"enemies":"Blue Slaver","floor":10.0,"turns":4.0},{"damage":1.0,"enemies":"Exordium Thugs","floor":13.0,"turns":2.0},{"damage":25.0,"enemies":"Gremlin Nob","floor":14.0,"turns":4.0},{"damage":0.0,"enemies":"The Guardian","floor":16.0,"turns":9.0},{"damage":12.0,"enemies":"Chosen","floor":18.0,"turns":3.0},{"damage":0.0,"enemies":"Masked Bandits","floor":19.0,"turns":1.0},{"damage":0.0,"enemies":"3 Byrds","floor":22.0,"turns":2.0},{"damage":21.0,"enemies":"Book of Stabbing","floor":24.0,"turns":5.0},{"damage":8.0,"enemies":"Centurion and Healer","floor":25.0,"turns":6.0},{"damage":4.0,"enemies":"Snecko","floor":27.0,"turns":3.0},{"damage":5.0,"enemies":"Snake Plant","floor":29.0,"turns":3.0},{"damage":10.0,"enemies":"Slavers","floor":31.0,"turns":6.0},{"damage":39,"enemies":"Collector","floor":33,"turns":7}],"seed_played":"-3135822856011852907","potions_obtained":[{"floor":1.0,"key":"Dexterity Potion"},{"floor":5.0,"key":"Dexterity Potion"},{"floor":16.0,"key":"Ambrosia"},{"floor":19.0,"key":"StancePotion"},{"floor":22.0,"key":"Weak Potion"},{"floor":25.0,"key":"Swift Potion"},{"floor":29.0,"key":"BottledMiracle"}],"is_trial":false,"path_per_floor":["M","?","?","T","M","R","E","M","T","M","?","R","M","E","R","B",null,"M","?","?","$","M","R","E","M","T","M","R","M","?","E","R","B"],"character_chosen":"WATCHER","items_purchased":["Crescendo","Potion Belt"],"campfire_rested":3,"item_purchase_floors":[21,21],"current_hp_per_floor":[61,61,41,41,41,41,41,34,34,23,23,43,42,17,17,17,55,43,43,43,43,43,43,22,14,14,10,30,25,25,15,35,0,0],"gold":194,"neow_bonus":"THREE_ENEMY_KILL","is_daily":false,"chose_seed":false,"campfire_upgraded":3,"win_rate":0.0,"timestamp":1610023533,"path_taken":["M","?","?","?","?","R","E","M","T","M","?","R","M","E","R","BOSS","M","?","?","$","M","R","E","M","T","?","R","M","?","E","R","BOSS"],"items_purchased_type":["Card","Relic"],"build_version":"2020-12-13","purchased_purges":1,"victory":false,"max_hp_per_floor":[68,68,68,68,68,68,68,68,68,68,68,68,68,68,68,68,68,68,68,68,68,68,68,68,68,68,68,68,68,68,68,68,68,68],"relic_stats":{"Happy Flower":[18],"counters":[17,62],"Ornamental Fan":[64],"Bronze Scales":[165],"Yang":[39],"VioletLotus":[10],"Orichalcum":[30],"obtain_stats":[{"Potion Belt":21,"NeowsBlessing":0,"Happy Flower":9,"Yang":26,"Omamori":31,"Orichalcum":24,"WarpedTongs":20,"Ornamental Fan":7,"Bronze Scales":4,"VioletLotus":17,"Red Mask":19,"PureWater":0,"InkBottle":14},{"Potion Belt":10,"NeowsBlessing":0,"Happy Flower":4,"Yang":13,"Omamori":16,"Orichalcum":12,"WarpedTongs":10,"Ornamental Fan":3,"Bronze Scales":1,"VioletLotus":8,"Red Mask":10,"PureWater":0,"InkBottle":7},{"Potion Belt":30,"NeowsBlessing":0,"Happy Flower":7,"Yang":43,"Omamori":55,"Orichalcum":37,"WarpedTongs":30,"Ornamental Fan":4,"Bronze Scales":1,"VioletLotus":26,"Red Mask":30,"PureWater":0,"InkBottle":17}],"InkBottle":[18],"WarpedTongs":[31]},"card_choices":[{"not_picked":["BowlingBash","CrushJoints"],"picked":"Meditate","floor":1.0},{"not_picked":["FlurryOfBlows","FlyingSleeves"],"picked":"Conclude","floor":5.0},{"not_picked":["PathToVictory","ReachHeaven"],"picked":"InnerPeace","floor":7.0},{"not_picked":["EmptyBody","FollowUp"],"picked":"EmptyFist","floor":8.0},{"not_picked":["Omniscience","SashWhip"],"picked":"LikeWater","floor":10.0},{"not_picked":["ForeignInfluence","FollowUp"],"picked":"Prostrate","floor":13.0},{"not_picked":["PathToVictory","BowlingBash"],"picked":"FlurryOfBlows","floor":14.0},{"not_picked":["Blasphemy","Omniscience"],"picked":"ConjureBlade","floor":16.0},{"not_picked":["LikeWater","FollowUp"],"picked":"ThirdEye","floor":18.0},{"not_picked":["Halt","Evaluate"],"picked":"WaveOfTheHand","floor":19.0},{"not_picked":["FlyingSleeves","Fasting2"],"picked":"CutThroughFate","floor":22.0},{"not_picked":["Conclude","SashWhip","Protect"],"picked":"SKIP","floor":24.0},{"not_picked":["BowlingBash","ThirdEye","SashWhip+1"],"picked":"SKIP","floor":25.0},{"not_picked":["Study","FollowUp","BowlingBash"],"picked":"SKIP","floor":27.0},{"not_picked":["Perseverance","Pray"],"picked":"WindmillStrike","floor":29.0},{"not_picked":["FlyingSleeves","SandsOfTime"],"picked":"Wallop","floor":31.0}],"player_experience":1346406,"relics_obtained":[{"floor":4.0,"key":"Bronze Scales"},{"floor":7.0,"key":"Ornamental Fan"},{"floor":9.0,"key":"Happy Flower"},{"floor":14.0,"key":"InkBottle"},{"floor":19.0,"key":"Red Mask"},{"floor":24.0,"key":"Orichalcum"},{"floor":26.0,"key":"Yang"},{"floor":31.0,"key":"Omamori"}],"event_choices":[{"cards_removed":["Strike_P"],"damage_healed":0.0,"max_hp_gain":0.0,"max_hp_loss":0.0,"gold_gain":0.0,"event_name":"The Cleric","player_choice":"Card Removal","floor":2.0,"gold_loss":75.0,"damage_taken":0.0},{"damage_healed":0.0,"max_hp_gain":0.0,"max_hp_loss":0.0,"gold_gain":0.0,"event_name":"Shining Light","player_choice":"Entered Light","floor":3.0,"gold_loss":0.0,"damage_taken":20.0,"cards_upgraded":["Strike_P","Meditate"]},{"damage_healed":0.0,"max_hp_gain":0.0,"max_hp_loss":0.0,"gold_gain":0.0,"cards_transformed":["Strike_P"],"event_name":"Living Wall","player_choice":"Change","floor":11.0,"gold_loss":0.0,"damage_taken":0.0,"cards_obtained":["Devotion"]},{"damage_healed":0.0,"max_hp_gain":0.0,"max_hp_loss":0.0,"gold_gain":0.0,"event_name":"Masked Bandits","player_choice":"Fought Bandits","floor":19.0,"gold_loss":0.0,"damage_taken":0.0},{"damage_healed":0.0,"max_hp_gain":0.0,"max_hp_loss":0.0,"gold_gain":0.0,"event_name":"Accursed Blacksmith","player_choice":"Rummage","floor":20.0,"gold_loss":0.0,"damage_taken":0.0,"relics_obtained":["WarpedTongs"],"cards_obtained":["Pain"]},{"damage_healed":0.0,"max_hp_gain":0.0,"max_hp_loss":0.0,"gold_gain":0.0,"event_name":"Ghosts","player_choice":"Ignored","floor":30.0,"gold_loss":0.0,"damage_taken":0.0}],"is_beta":false,"boss_relics":[{"not_picked":["Snecko Eye","SacredBark"],"picked":"VioletLotus"}],"items_purged_floors":[21],"is_endless":false,"potions_floor_spawned":[1,5,7,16,19,22,25,29],"killed_by":"Collector","ascension_level":20}}