{"host":"dculp0u5sf459im8","time":1610018938,"event":{"mods":["BaseMod","Downfall","Infinite Spire","Jedi Mod","Minty Spire (QoL Compilation)","Replay The Spire","StSLib","The Bug Knight","The Construct","The Cursed","The Jungle"],"gold_per_floor":[99,115,265,79,98,98,98,124,49,61,61,76,1,21,31,133,133,133,133,151,13,31,31,85,103,122,14,27,27,41,41,53,156,156,156,174,185,185,185,212,212,232,250,263,188,203,203,203,216,216],"floor_reached":51,"playtime":9325,"items_purged":["Slimebound:Icky","Overencumbered","Guardian:Defend_Guardian","Guardian:Strike_Guardian"],"score":735,"play_id":"7285c39d-e4fa-4d41-9bff-c7784c3f488d","local_time":"20210107192858","is_ascension_mode":false,"campfire_choices":[{"floor":1,"key":"RECALL"},{"data":"Guardian:FloatingOrbs","floor":9,"key":"SMITH"},{"data":"Guardian:ShieldCharger","floor":11,"key":"SMITH"},{"data":"Guardian:ArmoredProtocol","floor":13,"key":"SMITH"},{"floor":18,"key":"DIG"},{"data":"Guardian:TemporalShield","floor":29,"key":"SMITH"},{"data":"Guardian:SentryBeam","floor":35,"key":"SMITH"},{"data":"Guardian:CurlUp","floor":45,"key":"SMITH"},{"data":"Guardian:DonusPower","floor":47,"key":"SMITH"}],"circlet_count":0,"master_deck":["Guardian:CurlUp+1","Guardian:TwinSlam","Guardian:ArmoredProtocol+1","Guardian:BronzeArmor","Guardian:TemporalShield+1","Guardian:BronzeOrb","Guardian:BronzeOrb","Guardian:FloatingOrbs+1","Guardian:ShieldCharger+1","Guardian:Clone","Guardian:Incinerate","Hallucinations","Guardian:Preprogram","Guardian:VentSteam","Guardian:SpikerProtocol+1","Guardian:Incinerate+1","Guardian:BronzeOrb","Guardian:SentryBeam+1","Guardian:TemporalStrike+1","Guardian:PiercingHide+1","Guardian:ShieldCharger+1","Guardian:SentryBeam+1","Guardian:DonusPower+1","Guardian:SphericShield","Guardian:Gem_Purple","Guardian:Emergency+1","Guardian:Gem_Fragmented"],"relics":["Guardian:ModeShifter","jedi:HeartOfTheCards","Boot","downfall:HeartBlessingGreen","downfall:HeartBlessingRed","Kintsugi","Pear","Quantum Egg","Toy Ornithopter","construct:WeddingRing","HollowMod:LifeEnderRelic","downfall:HeartBlessingBlue","Orrery"],"acts_visited":["Exordium","Exordium","TheBeyond"],"potions_floor_usage":[8,16,16,28,32,33,33,33,46,50],"damage_taken":[{"damage":0,"enemies":"Small Slimes","floor":2,"turns":3},{"damage":0,"enemies":"downfall:FleeingMerchant","floor":4,"turns":4},{"damage":1,"enemies":"Jaw Worm","floor":5,"turns":4},{"damage":26,"enemies":"HollowMod:MossKnight","floor":8,"turns":11},{"damage":0,"enemies":"Cultist","floor":10,"turns":3},{"damage":0,"enemies":"Red Slaver","floor":12,"turns":3},{"damage":0,"enemies":"Lots of Slimes","floor":14,"turns":3},{"damage":0,"enemies":"Large Slime","floor":15,"turns":4},{"damage":6,"enemies":"downfall:Defect","floor":16,"turns":6},{"damage":1,"enemies":"theJungle:5_Spyders","floor":20,"turns":5},{"damage":0,"enemies":"downfall:FleeingMerchant","floor":21,"turns":4},{"damage":0,"enemies":"theJungle:GiantWrat","floor":22,"turns":4},{"damage":0,"enemies":"Snake Plant","floor":25,"turns":4},{"damage":0,"enemies":"theJungle:JungleHuntersEncounter","floor":26,"turns":4},{"damage":0,"enemies":"downfall:FleeingMerchant","floor":27,"turns":4},{"damage":0,"enemies":"theJungle:Lyon","floor":28,"turns":3},{"damage":2,"enemies":"theJungle:2_Flameangoes","floor":30,"turns":5},{"damage":14,"enemies":"theJungle:JungleHuntersEncounter","floor":32,"turns":4},{"damage":2,"enemies":"downfall:Ironclad","floor":33,"turns":8},{"damage":3,"enemies":"3 Darklings","floor":36,"turns":4},{"damage":1,"enemies":"Orb Walker","floor":37,"turns":4},{"damage":1,"enemies":"Reptomancer","floor":40,"turns":6},{"damage":0,"enemies":"Maw","floor":42,"turns":7},{"damage":0,"enemies":"Writhing Mass","floor":43,"turns":6},{"damage":0,"enemies":"3 Darklings","floor":44,"turns":4},{"damage":0,"enemies":"Maw","floor":46,"turns":7},{"damage":0,"enemies":"4 Shapes","floor":49,"turns":5},{"damage":73,"enemies":"downfall:Silent","floor":50,"turns":8}],"seed_played":"8604153140561224271","potions_obtained":[{"floor":2,"key":"Guardian:DefensiveModePotion"},{"floor":8,"key":"SteroidPotion"},{"floor":12,"key":"Fire Potion"},{"floor":16,"key":"Flashbang"},{"floor":22,"key":"Block Potion"},{"floor":28,"key":"Regen Potion"},{"floor":31,"key":"downfall:CursedFountainPotion"},{"floor":32,"key":"Explosive Potion"},{"floor":33,"key":"Energy Potion"},{"floor":40,"key":"Elixir"},{"floor":42,"key":"ColorlessPotion"},{"floor":43,"key":"SteroidPotion"}],"is_trial":false,"path_per_floor":["R","M","?","$","M","?","T","E","R","M","R","M","R","M","M","B",null,"R","?","M","$","M","AVR","T","M","M","$","M","R","M","?","M","B",null,"R","M","M","?","?","E","T","M","M","M","R","M","R","AVR","M","B",null],"character_chosen":"GUARDIAN","items_purchased":["Guardian:TemporalShield","Guardian:BronzeOrb","Guardian:VentSteam","Guardian:BronzeOrb","Guardian:Gem_Green"],"campfire_rested":0,"item_purchase_floors":[4,4,21,27,27],"current_hp_per_floor":[72,72,72,72,71,71,71,45,45,45,45,45,45,45,45,39,96,106,106,105,105,105,105,105,105,105,105,106,106,104,104,95,104,106,106,103,102,102,102,101,101,101,101,101,111,116,116,116,116,48],"gold":216,"neow_bonus":"TWENTY_PERCENT_HP_BONUS","is_daily":false,"chose_seed":false,"campfire_upgraded":7,"win_rate":0.0,"timestamp":1610018938,"path_taken":["R","M","?","$","M","?","T","E","R","M","R","M","R","M","M","BOSS","R","?","M","?","?","AVR","T","M","?","?","?","R","M","?","M","BOSS","R","M","M","?","?","E","T","M","M","M","R","M","R","AVR","M","BOSS"],"items_purchased_type":["Card","Card","Card","Card","Card"],"build_version":"2020-12-22","purchased_purges":4,"victory":true,"max_hp_per_floor":[96,96,96,96,96,96,96,96,96,96,96,96,96,96,96,96,96,106,106,106,106,106,106,106,106,106,106,106,106,106,106,106,106,106,106,106,106,106,106,106,106,106,106,106,116,116,116,116,116,116],"card_choices":[{"not_picked":["Guardian:Gem_Green","Guardian:TimeBomb"],"picked":"Guardian:ArmoredProtocol","floor":2},{"not_picked":["Guardian:Repulse","Guardian:TimeCapacitor"],"picked":"Guardian:BronzeArmor","floor":4},{"not_picked":["Guardian:PiercingHide","Guardian:Gem_Lightblue"],"picked":"Guardian:BronzeOrb","floor":5},{"not_picked":["Guardian:MultiBeam","Guardian:Gem_Blue"],"picked":"Guardian:FloatingOrbs","floor":8},{"not_picked":["Guardian:TemporalStrike","Guardian:PrimingBeam"],"picked":"Guardian:ShieldCharger","floor":10},{"not_picked":["Guardian:Planning","Guardian:Preprogram"],"picked":"Guardian:Gem_Crimson","floor":12},{"not_picked":["Guardian:BronzeArmor","Guardian:Gem_White"],"picked":"Guardian:Clone","floor":14},{"not_picked":["Guardian:BronzeArmor","Guardian:Reroute"],"picked":"Guardian:Incinerate","floor":15},{"not_picked":["Guardian:BaubleBeam","Guardian:RevengeProtocol"],"picked":"Guardian:Gem_Orange","floor":16},{"not_picked":["Guardian:Incinerate","Guardian:PrimingBeam"],"picked":"Guardian:Gem_Lightblue","floor":20},{"not_picked":["Guardian:Clone","Guardian:Incinerate"],"picked":"Guardian:Preprogram","floor":21},{"not_picked":["Guardian:BronzeOrb","Guardian:PiercingHide+1"],"picked":"Guardian:Gem_Fragmented","floor":22},{"not_picked":["Guardian:WalkerClaw","Guardian:EvasiveProtocol"],"picked":"Guardian:SpikerProtocol+1","floor":25},{"not_picked":["Guardian:Preprogram","Guardian:Gem_Purple"],"picked":"Guardian:Gem_Cyan","floor":26},{"not_picked":["Guardian:WalkerClaw","Guardian:Repulse"],"picked":"Guardian:Incinerate+1","floor":27},{"not_picked":["Guardian:BronzeArmor","Guardian:Planning"],"picked":"Guardian:SentryBeam","floor":28},{"not_picked":["Guardian:TemporalStrike","Guardian:TimeCapacitor"],"picked":"Guardian:Gem_Orange","floor":30},{"not_picked":["Guardian:Reroute","Guardian:Planning+1","Guardian:Preprogram"],"picked":"SKIP","floor":32},{"not_picked":["Guardian:ConstructionForm","Guardian:StasisField"],"picked":"Guardian:Gem_Synthetic","floor":33},{"not_picked":["Guardian:DecasProtection+1","Guardian:GuardianWhirl"],"picked":"Guardian:TemporalStrike+1","floor":36},{"not_picked":["Guardian:Gem_Cyan","Guardian:TimeCapacitor+1"],"picked":"Guardian:PiercingHide+1","floor":37},{"not_picked":["Guardian:Gem_Purple","Guardian:Gem_Cyan"],"picked":"Guardian:Gem_Synthetic","floor":40},{"not_picked":["Guardian:Gem_Cyan","Guardian:TemporalShield+1"],"picked":"Guardian:ShieldCharger+1","floor":42},{"not_picked":["Guardian:CrystalBeam+1","Guardian:Gem_Purple"],"picked":"Guardian:SentryBeam+1","floor":43},{"not_picked":["Guardian:CrystalBeam+1","Guardian:TimeBomb"],"picked":"Guardian:Gem_Red","floor":44},{"not_picked":["Guardian:Recover+1","Guardian:Reroute+1"],"picked":"Guardian:DonusPower","floor":46},{"not_picked":["Guardian:Gem_Lightblue","Guardian:PrimingBeam"],"picked":"Guardian:SphericShield","floor":48},{"not_picked":["Guardian:CrystalBeam","Guardian:GuardianWhirl"],"picked":"Guardian:Gem_Purple","floor":48},{"not_picked":["Guardian:Incinerate+1","Guardian:Gem_Red"],"picked":"Guardian:Emergency+1","floor":48},{"not_picked":["Guardian:RollAttack+1","Guardian:CrystalBeam+1"],"picked":"Guardian:Gem_Fragmented","floor":48},{"not_picked":["Guardian:VentSteam","Guardian:PrismaticBeam","Guardian:Suspension+1"],"picked":"SKIP","floor":49}],"player_experience":289639,"relics_obtained":[{"floor":7,"key":"jedi:HeartOfTheCards"},{"floor":8,"key":"Boot"},{"floor":18,"key":"Pear"},{"floor":24,"key":"Toy Ornithopter"},{"floor":40,"key":"HollowMod:LifeEnderRelic"}],"event_choices":[{"cards_removed":["Guardian:Defend_Guardian"],"damage_healed":0,"gold_gain":0,"player_choice":"Card Removal","damage_taken":0,"max_hp_gain":0,"max_hp_loss":0,"event_name":"The Cleric","floor":6,"gold_loss":0}],"is_beta":false,"boss_relics":[{"not_picked":["Cursed Key","Guardian:StasisSlotReductionRelic"],"picked":"Kintsugi"},{"not_picked":["Replay:Wanted Poster","infinitespire:Cupcake"],"picked":"construct:WeddingRing"}],"items_purged_floors":[4,21,23,48],"is_endless":false,"potions_floor_spawned":[2,8,12,16,22,28,32,33,40,42,43],"ascension_level":0}}