{"host":"msmkw03x1o7nq45i","time":1610024735,"event":{"mods":["BaseMod","Bestiary","Colored Powertips","GifTheSpireLib","Highlight Path","Minty Spire (QoL Compilation)","Random Character Button","StSLib","The Servant 0.9.4","everything is the same but u backflip on backflip"],"gold_per_floor":[117,127,137,148,98,126,126,126,126,146,184,184,184,211,220,330,639,665,694,417,426,426,468,495,525,571,580,94,139,166,195,195,304,304,323,381,175,193,218,218,218,218],"floor_reached":41,"playtime":3158,"items_purged":["Zap"],"score":737,"play_id":"8ac7e2f5-d805-4249-b318-3cd0ade46f54","local_time":"20210107150535","is_ascension_mode":true,"campfire_choices":[{"data":"Sunder","floor":7.0,"key":"SMITH"},{"data":"Beam Cell","floor":13.0,"key":"SMITH"},{"floor":15.0,"key":"REST"},{"floor":27.0,"key":"REST"},{"data":"Apotheosis","floor":32.0,"key":"SMITH"},{"data":"Steam Power","floor":40.0,"key":"SMITH"}],"circlet_count":0,"master_deck":["AscendersBane","Strike_B","Strike_B","Strike_B","Defend_B","Defend_B","Defend_B","Defend_B","Dualcast","Gash","Sunder+1","Sunder","Chill","Beam Cell+1","Undo","Turbo","Conserve Battery","Go for the Eyes","Reprogram","Reboot","CurseOfTheBell","Steam","FTL","Echo Form","Hologram","Necronomicurse","Hologram","Steam Power+1","Beam Cell+1","Aggregate","Dark Shackles","Apotheosis+1","Ghostly","Ghostly","Ghostly","Ghostly","Ghostly","Self Repair","Leap","Hyperbeam","Reprogram","Rip and Tear","Steam","Double Energy","Madness","Madness","All For One"],"relics":["Cracked Core","Dream Catcher","WarpedTongs","CeramicFish","Question Card","Calling Bell","Boot","InkBottle","Old Coin","Necronomicon","The Courier","TungstenRod","Bottled Lightning","Centennial Puzzle","Nunchaku","Sozu","Turnip","Lantern"],"acts_visited":["Exordium","TheCity","TheBeyond"],"potions_floor_usage":[41],"damage_taken":[{"damage":0.0,"enemies":"Cultist","floor":1.0,"turns":3.0},{"damage":7.0,"enemies":"Jaw Worm","floor":2.0,"turns":3.0},{"damage":5.0,"enemies":"Small Slimes","floor":3.0,"turns":2.0},{"damage":0.0,"enemies":"Exordium Wildlife","floor":4.0,"turns":2.0},{"damage":23.0,"enemies":"Lagavulin","floor":6.0,"turns":5.0},{"damage":4.0,"enemies":"Looter","floor":10.0,"turns":3.0},{"damage":3.0,"enemies":"3 Sentries","floor":11.0,"turns":8.0},{"damage":0.0,"enemies":"3 Louse","floor":14.0,"turns":3.0},{"damage":14.0,"enemies":"The Guardian","floor":16.0,"turns":11.0},{"damage":17.0,"enemies":"2 Thieves","floor":18.0,"turns":5.0},{"damage":0.0,"enemies":"Chosen","floor":19.0,"turns":4.0},{"damage":4.0,"enemies":"Gremlin Leader","floor":23.0,"turns":6.0},{"damage":0.0,"enemies":"Snecko","floor":24.0,"turns":3.0},{"damage":20.0,"enemies":"Book of Stabbing","floor":25.0,"turns":9.0},{"damage":0.0,"enemies":"Chosen and Byrds","floor":30.0,"turns":8.0},{"damage":0.0,"enemies":"Centurion and Healer","floor":31.0,"turns":6.0},{"damage":17.0,"enemies":"Automaton","floor":33.0,"turns":9.0},{"damage":10.0,"enemies":"3 Shapes","floor":35.0,"turns":2.0},{"damage":21.0,"enemies":"2 Orb Walkers","floor":36.0,"turns":4.0},{"damage":0.0,"enemies":"3 Darklings","floor":39.0,"turns":1.0},{"damage":7,"enemies":"Reptomancer","floor":41,"turns":5}],"seed_played":"1269446727236684546","potions_obtained":[{"floor":3.0,"key":"DistilledChaos"},{"floor":14.0,"key":"SkillPotion"},{"floor":18.0,"key":"PowerPotion"},{"floor":23.0,"key":"SkillPotion"},{"floor":30.0,"key":"FearPotion"},{"floor":31.0,"key":"EssenceOfDarkness"}],"is_trial":false,"path_per_floor":["M","M","M","M","?","E","R","?","T","M","E","?","R","M","R","B",null,"M","M","$","?","T","E","M","E","T","R","$","?","M","M","R","B",null,"M","?","$","?","M","R","E"],"character_chosen":"DEFECT","items_purchased":["Echo Form","Hologram","Weak Potion","Aggregate","Nunchaku","Dark Shackles","Apotheosis","DuplicationPotion","Explosive Potion","FearPotion","Steam","Double Energy","Lantern"],"campfire_rested":2,"item_purchase_floors":[20,20,20,28,28,28,28,28,28,28,37,37,37],"current_hp_per_floor":[68,61,56,56,56,33,33,33,33,29,26,19,19,19,41,27,63,46,46,46,30,30,26,26,6,6,28,28,28,28,37,37,27,35,35,21,21,17,17,17,10,10],"gold":218,"neow_bonus":"THREE_CARDS","is_daily":false,"chose_seed":false,"campfire_upgraded":4,"win_rate":0.0,"timestamp":1610024735,"path_taken":["M","M","?","M","?","E","R","?","T","?","E","?","R","M","R","BOSS","M","M","$","?","?","E","M","E","T","R","$","?","?","M","R","BOSS","M","?","$","?","M","R","E"],"items_purchased_type":["Card","Card","Potion","Card","Relic","Card","Card","Potion","Potion","Potion","Card","Card","Relic"],"build_version":"2020-12-22","purchased_purges":1,"victory":false,"max_hp_per_floor":[75,75,75,75,75,75,75,75,75,75,75,75,75,75,75,75,75,75,75,75,75,75,75,75,75,75,75,75,37,37,37,37,37,37,37,37,37,37,37,37,37,37],"card_choices":[{"not_picked":["Stack","Steam"],"picked":"Gash","floor":0.0},{"not_picked":["Sweeping Beam","Turbo"],"picked":"Sunder","floor":1.0},{"not_picked":["Steam","Barrage"],"picked":"Sunder","floor":2.0},{"not_picked":["Skim","Redo"],"picked":"Chill","floor":3.0},{"not_picked":["Rebound","Static Discharge"],"picked":"Beam Cell","floor":4.0},{"not_picked":["Glacier","Melter"],"picked":"Undo","floor":6.0},{"not_picked":["Self Repair","Scrape"],"picked":"Turbo","floor":10.0},{"not_picked":["Redo","Glacier"],"picked":"Conserve Battery","floor":11.0},{"not_picked":["Stack","Sweeping Beam","Compile Driver"],"picked":"Go for the Eyes","floor":14.0},{"not_picked":["Chaos","Hologram","Coolheaded"],"picked":"Reprogram","floor":15.0},{"not_picked":["Meteor Strike","Biased Cognition","Creative AI"],"picked":"Reboot","floor":16.0},{"not_picked":["Barrage","Leap","Doom and Gloom"],"picked":"Steam","floor":18.0},{"not_picked":["Streamline","Redo","Rip and Tear"],"picked":"FTL","floor":19.0},{"not_picked":["Multi-Cast","Turbo","Steam"],"picked":"Hologram","floor":23.0},{"not_picked":["Leap","Rebound","Cold Snap+1"],"picked":"Steam Power","floor":24.0},{"not_picked":["Biased Cognition","Heatsinks+1","Cold Snap+1","Go for the Eyes"],"picked":"SKIP","floor":25.0},{"not_picked":["Melter","Streamline","Tempest"],"picked":"Beam Cell+1","floor":27.0},{"not_picked":["Ball Lightning","Barrage","Coolheaded"],"picked":"Self Repair","floor":30.0},{"not_picked":["Sweeping Beam","Heatsinks","Compile Driver+1"],"picked":"Leap","floor":31.0},{"not_picked":["Buffer","Rainbow","Core Surge"],"picked":"Hyperbeam","floor":33.0},{"not_picked":["Beam Cell","Rebound","Stack+1"],"picked":"Reprogram","floor":35.0},{"not_picked":["Cold Snap","Sweeping Beam","Beam Cell"],"picked":"Rip and Tear","floor":36.0},{"not_picked":["Steam+1","Static Discharge+1","Conserve Battery"],"picked":"All For One","floor":39.0}],"player_experience":364048,"relics_obtained":[{"floor":6.0,"key":"Dream Catcher"},{"floor":9.0,"key":"CeramicFish"},{"floor":11.0,"key":"Question Card"},{"floor":17.0,"key":"Boot"},{"floor":17.0,"key":"InkBottle"},{"floor":17.0,"key":"Old Coin"},{"floor":21.0,"key":"Necronomicon"},{"floor":22.0,"key":"The Courier"},{"floor":23.0,"key":"TungstenRod"},{"floor":25.0,"key":"Bottled Lightning"},{"floor":26.0,"key":"Centennial Puzzle"},{"floor":36.0,"key":"Turnip"}],"event_choices":[{"cards_removed":["Strike_B"],"damage_healed":0.0,"max_hp_gain":0.0,"max_hp_loss":0.0,"gold_gain":0.0,"event_name":"The Cleric","player_choice":"Card Removal","floor":5.0,"gold_loss":50.0,"damage_taken":0.0},{"damage_healed":0.0,"max_hp_gain":0.0,"max_hp_loss":0.0,"gold_gain":0.0,"event_name":"Accursed Blacksmith","player_choice":"Rummage","floor":8.0,"gold_loss":0.0,"damage_taken":0.0,"relics_obtained":["WarpedTongs"],"cards_obtained":["Pain"]},{"cards_removed":["Pain"],"damage_healed":0.0,"max_hp_gain":0.0,"max_hp_loss":0.0,"gold_gain":0.0,"event_name":"Golden Wing","player_choice":"Card Removal","floor":12.0,"gold_loss":0.0,"damage_taken":7.0},{"damage_healed":0.0,"max_hp_gain":0.0,"max_hp_loss":0.0,"gold_gain":0.0,"event_name":"Cursed Tome","player_choice":"Obtained Book","floor":21.0,"gold_loss":0.0,"damage_taken":16.0},{"damage_healed":0.0,"max_hp_gain":0.0,"max_hp_loss":38.0,"gold_gain":0.0,"event_name":"Ghosts","player_choice":"Became a Ghost","floor":29.0,"gold_loss":0.0,"damage_taken":0.0,"cards_obtained":["Ghostly","Ghostly","Ghostly","Ghostly","Ghostly"]},{"damage_healed":0.0,"max_hp_gain":0.0,"max_hp_loss":0.0,"gold_gain":0.0,"event_name":"Mysterious Sphere","player_choice":"Fight","floor":36.0,"gold_loss":0.0,"damage_taken":0.0},{"damage_healed":0.0,"max_hp_gain":0.0,"max_hp_loss":0.0,"gold_gain":0.0,"event_name":"Winding Halls","player_choice":"Embrace Madness","floor":38.0,"gold_loss":0.0,"damage_taken":5.0,"cards_obtained":["Madness","Madness"]}],"is_beta":false,"boss_relics":[{"not_picked":["Astrolabe","Black Star"],"picked":"Calling Bell"},{"not_picked":["Busted Crown","Tiny House"],"picked":"Sozu"}],"items_purged_floors":[20],"is_endless":false,"potions_floor_spawned":[3,14,18,23,30,31,35,36],"killed_by":"Reptomancer","ascension_level":10}}