{"host":"daa8jqyg4gqfaysm","time":1610019837,"event":{"mods":["BaseMod","Colored Powertips","Minty Spire (QoL Compilation)","StSLib"],"gold_per_floor":[112,112,131,150,21,51,51,63,63,5,15,15,49,67,67,67,67],"floor_reached":16,"playtime":627,"items_purged":["Strike_G"],"score":224,"play_id":"ec63264d-db93-4120-99dc-207fd0852f13","local_time":"20210107194357","is_ascension_mode":true,"campfire_choices":[{"floor":7,"key":"REST"},{"floor":12,"key":"REST"},{"floor":15,"key":"REST"}],"circlet_count":0,"master_deck":["AscendersBane","Strike_G","Strike_G","Strike_G","Defend_G","Defend_G","Defend_G","Defend_G","Defend_G","Survivor","Neutralize","Flying Knee","Bane","Backflip","Quick Slash","PiercingWail","Underhanded Strike","Footwork"],"relics":["Snecko Eye","Blood Vial","Bag of Preparation","Paper Crane"],"acts_visited":["Exordium"],"potions_floor_usage":[6,6,13,16],"damage_taken":[{"damage":4,"enemies":"2 Louse","floor":1,"turns":3},{"damage":4,"enemies":"Cultist","floor":3,"turns":4},{"damage":7,"enemies":"Small Slimes","floor":4,"turns":5},{"damage":34,"enemies":"Lagavulin","floor":6,"turns":8},{"damage":28,"enemies":"Exordium Thugs","floor":8,"turns":7},{"damage":0,"enemies":"3 Louse","floor":11,"turns":3},{"damage":8,"enemies":"Gremlin Nob","floor":13,"turns":3},{"damage":1,"enemies":"2 Fungi Beasts","floor":14,"turns":3},{"damage":27,"enemies":"Slime Boss","floor":16,"turns":8}],"seed_played":"960032568588425021","potions_obtained":[{"floor":1,"key":"SteroidPotion"},{"floor":11,"key":"AttackPotion"},{"floor":14,"key":"AttackPotion"}],"is_trial":false,"path_per_floor":["M","?","M","M","$","E","R","M","T","$","M","R","E","M","R","B"],"character_chosen":"THE_SILENT","items_purchased":["Explosive Potion","Underhanded Strike"],"campfire_rested":3,"item_purchase_floors":[5,10],"current_hp_per_floor":[55,55,51,44,44,10,29,3,3,3,5,24,18,19,38,13,13],"gold":67,"neow_bonus":"BOSS_RELIC","is_daily":false,"chose_seed":false,"campfire_upgraded":0,"win_rate":0.0,"timestamp":1610019837,"path_taken":["M","?","?","M","$","E","R","M","T","$","M","R","E","M","R","BOSS"],"items_purchased_type":["Potion","Card"],"build_version":"2020-12-22","purchased_purges":1,"victory":false,"max_hp_per_floor":[66,66,66,66,66,66,66,66,66,66,66,66,66,66,66,66,66],"card_choices":[{"not_picked":["Quick Slash","Outmaneuver"],"picked":"Flying Knee","floor":1},{"not_picked":["Sucker Punch","Deadly Poison"],"picked":"Backflip","floor":3},{"not_picked":["Backstab","Acrobatics"],"picked":"Quick Slash","floor":4},{"not_picked":["Calculated Gamble","Sucker Punch","Storm of Steel"],"picked":"SKIP","floor":6},{"not_picked":["Deadly Poison","Acrobatics"],"picked":"PiercingWail","floor":8},{"not_picked":["Dodge and Roll","Blade Dance"],"picked":"Footwork","floor":11},{"not_picked":["Expertise","Backflip","Bane"],"picked":"SKIP","floor":13},{"not_picked":["Well Laid Plans","Backflip","Flying Knee"],"picked":"SKIP","floor":14}],"player_experience":785416,"relics_obtained":[{"floor":6,"key":"Blood Vial"},{"floor":9,"key":"Bag of Preparation"},{"floor":13,"key":"Paper Crane"}],"event_choices":[{"damage_healed":0,"gold_gain":0,"cards_transformed":["Strike_G"],"player_choice":"Transformed","damage_taken":0,"max_hp_gain":0,"max_hp_loss":0,"event_name":"Transmorgrifier","floor":2,"gold_loss":0,"cards_obtained":["Bane"]}],"is_beta":false,"boss_relics":[],"items_purged_floors":[5],"is_endless":false,"potions_floor_spawned":[1,11,14],"killed_by":"Slime Boss","ascension_level":20}}