{"host":"9fh35csyvbzgxvf9","time":1610060176,"event":{"mods":["BaseMod","Block Reminder","Colored Map","DeckTracker","Minty Spire (QoL Compilation)"],"gold_per_floor":[116,126,45,56,156,156,187,187,187,187,90,73,88,68,68,167,167,179,129,129,141,159,193,193,193],"floor_reached":24,"playtime":1716,"items_purged":[],"score":216,"play_id":"8080d2ac-51d1-479f-a364-475af215119b","local_time":"20210107175616","is_ascension_mode":false,"campfire_choices":[{"data":"Zap","floor":6,"key":"SMITH"},{"data":"Defragment","floor":8,"key":"SMITH"},{"data":"Dualcast","floor":10,"key":"SMITH"},{"data":"Discovery","floor":15,"key":"SMITH"}],"circlet_count":0,"master_deck":["Strike_B","Strike_B","Strike_B","Defend_B","Defend_B","Defend_B","Defend_B","Zap+1","Dualcast+1","Coolheaded","Defragment+1","Barrage","Conserve Battery","Discovery+1","Fission","Chaos","Coolheaded","Barrage+1"],"relics":["Cracked Core","CaptainsWheel","Inserter","Omamori","Bottled Lightning"],"acts_visited":["Exordium","TheCity"],"potions_floor_usage":[7,16,21,22,23,23],"damage_taken":[{"damage":4,"enemies":"Cultist","floor":1,"turns":4},{"damage":5,"enemies":"Small Slimes","floor":2,"turns":3},{"damage":3,"enemies":"Jaw Worm","floor":4,"turns":3},{"damage":11,"enemies":"Lagavulin","floor":7,"turns":6},{"damage":1,"enemies":"Exordium Thugs","floor":12,"turns":4},{"damage":5,"enemies":"Blue Slaver","floor":13,"turns":4},{"damage":3,"enemies":"Slime Boss","floor":16,"turns":5},{"damage":0,"enemies":"Spheric Guardian","floor":18,"turns":4},{"damage":8,"enemies":"2 Thieves","floor":21,"turns":4},{"damage":15,"enemies":"Chosen and Byrds","floor":22,"turns":8},{"damage":61,"enemies":"Slavers","floor":23,"turns":8},{"damage":6,"enemies":"Sentry and Sphere","floor":24,"turns":2}],"seed_played":"6978032133468304100","potions_obtained":[{"floor":1,"key":"SpeedPotion"},{"floor":2,"key":"DuplicationPotion"},{"floor":7,"key":"FearPotion"},{"floor":14,"key":"EssenceOfDarkness"},{"floor":16,"key":"AttackPotion"},{"floor":21,"key":"FearPotion"},{"floor":22,"key":"Regen Potion"}],"is_trial":false,"path_per_floor":["M","M","$","M","?","R","E","R","T","R","$","M","M","?","R","B",null,"M","$","?","M","M","E","M"],"character_chosen":"DEFECT","items_purchased":["Defragment","Discovery","Coolheaded"],"campfire_rested":0,"item_purchase_floors":[3,11,19],"current_hp_per_floor":[71,66,66,63,63,63,52,52,52,52,52,51,46,46,46,43,75,75,75,75,67,52,6,0,0],"gold":193,"neow_bonus":"REMOVE_CARD","is_daily":false,"chose_seed":false,"campfire_upgraded":4,"win_rate":0.0,"timestamp":1610060176,"path_taken":["M","?","?","M","?","R","E","R","T","R","$","M","?","?","R","BOSS","M","?","?","M","M","E","M"],"items_purchased_type":["Card","Card","Card"],"build_version":"2020-12-22","purchased_purges":0,"victory":false,"max_hp_per_floor":[75,75,75,75,75,75,75,75,75,75,75,75,75,75,75,75,75,75,75,75,75,75,75,75,75],"card_choices":[{"not_picked":["Rip and Tear","Force Field","Steam Power"],"picked":"SKIP","floor":1},{"not_picked":["Barrage","Beam Cell"],"picked":"Coolheaded","floor":2},{"not_picked":["Static Discharge","Leap"],"picked":"Barrage","floor":4},{"not_picked":["Redo","Rip and Tear"],"picked":"Conserve Battery","floor":7},{"not_picked":["Compile Driver","Chill","Turbo"],"picked":"SKIP","floor":12},{"not_picked":["Heatsinks","Stack","Core Surge"],"picked":"SKIP","floor":13},{"not_picked":["Meteor Strike","Core Surge"],"picked":"Fission","floor":16},{"not_picked":["Go for the Eyes+1","Rip and Tear"],"picked":"Chaos","floor":18},{"not_picked":["Gash+1","Redo"],"picked":"Barrage+1","floor":21},{"not_picked":["Rebound","Hello World","FTL"],"picked":"SKIP","floor":22},{"not_picked":["Go for the Eyes","Beam Cell","Rebound"],"picked":"SKIP","floor":23}],"player_experience":282461,"relics_obtained":[{"floor":7,"key":"CaptainsWheel"},{"floor":23,"key":"Bottled Lightning"}],"event_choices":[{"damage_healed":0,"gold_gain":100,"player_choice":"Gold","damage_taken":0,"max_hp_gain":0,"max_hp_loss":0,"event_name":"Wheel of Change","floor":5,"gold_loss":0},{"damage_healed":0,"gold_gain":0,"player_choice":"Bought 1 Potion","damage_taken":0,"max_hp_gain":0,"max_hp_loss":0,"event_name":"The Woman in Blue","floor":14,"gold_loss":0},{"damage_healed":0,"gold_gain":0,"player_choice":"Opened","damage_taken":0,"relics_obtained":["Omamori"],"max_hp_gain":0,"max_hp_loss":0,"event_name":"The Mausoleum","floor":20,"gold_loss":0}],"is_beta":false,"boss_relics":[{"not_picked":["Ectoplasm","Runic Pyramid"],"picked":"Inserter"}],"items_purged_floors":[],"is_endless":false,"potions_floor_spawned":[1,2,7,16,21,22],"killed_by":"Sentry and Sphere","ascension_level":0}}