{"host":"7zdktqb5xjtif29d","time":1610062763,"event":{"mods":["AchievementEnabler","BaseMod","Colored Map","Colored Powertips","Highlight Path","Minty Spire (QoL Compilation)","Rare Cards Sparkle","SuperFastMode","Waifu the Spire","everything is the same but u backflip on backflip"],"gold_per_floor":[119,131,146,162,162,162,200,200,225,248,323,366,366,399,399,399,399],"floor_reached":16,"playtime":552,"items_purged":[],"score":126,"play_id":"ef29e7b9-7123-44a8-a249-6fba17a4f051","local_time":"20210107233923","is_ascension_mode":true,"campfire_choices":[{"data":"Ball Lightning","floor":6.0,"key":"SMITH"},{"floor":8.0,"key":"REST"},{"floor":13,"key":"REST"},{"data":"Loop","floor":15,"key":"SMITH"}],"circlet_count":0,"master_deck":["Strike_B","Strike_B","Strike_B","Strike_B","Defend_B","Defend_B","Defend_B","Defend_B","Zap","Dualcast","Sweeping Beam","Loop+1","Ball Lightning+1","Conserve Battery","Barrage"],"relics":["Cracked Core","Pocketwatch","Golden Idol","Orichalcum","Lantern","Strawberry","Blood Vial"],"acts_visited":["Exordium"],"potions_floor_usage":[12],"damage_taken":[{"damage":0.0,"enemies":"Small Slimes","floor":1.0,"turns":3.0},{"damage":1.0,"enemies":"Cultist","floor":2.0,"turns":3.0},{"damage":6.0,"enemies":"Jaw Worm","floor":3.0,"turns":4.0},{"damage":0.0,"enemies":"Looter","floor":4.0,"turns":4.0},{"damage":14.0,"enemies":"3 Sentries","floor":7.0,"turns":5.0},{"damage":3.0,"enemies":"Large Slime","floor":10.0,"turns":4.0},{"damage":11,"enemies":"Lagavulin","floor":12,"turns":5},{"damage":20,"enemies":"Gremlin Nob","floor":14,"turns":4},{"damage":42,"enemies":"Slime Boss","floor":16,"turns":5}],"seed_played":"-1229073638247804157","potions_obtained":[{"floor":1.0,"key":"Energy Potion"},{"floor":2.0,"key":"PotionOfCapacity"},{"floor":3.0,"key":"EssenceOfSteel"},{"floor":10.0,"key":"Weak Potion"}],"is_trial":false,"path_per_floor":["M","M","M","M","?","R","E","R","T","M","?","E","R","E","R","B"],"character_chosen":"DEFECT","items_purchased":[],"campfire_rested":2,"item_purchase_floors":[],"current_hp_per_floor":[68,67,61,61,44,44,30,50,50,47,41,37,59,39,39,0,0],"gold":399,"neow_bonus":"ONE_RARE_RELIC","is_daily":false,"chose_seed":false,"campfire_upgraded":2,"win_rate":0.0,"timestamp":1610062763,"path_taken":["M","M","M","M","?","R","E","R","T","M","?","E","R","E","R","BOSS"],"items_purchased_type":[],"build_version":"2020-12-22","purchased_purges":0,"victory":false,"max_hp_per_floor":[68,68,68,68,68,68,68,68,68,68,68,75,75,75,75,75,75],"card_choices":[{"not_picked":["Steam","Gash"],"picked":"Sweeping Beam","floor":1.0},{"not_picked":["Sweeping Beam","Turbo","Blizzard"],"picked":"SKIP","floor":2.0},{"not_picked":["Compile Driver","Sweeping Beam"],"picked":"Loop","floor":3.0},{"not_picked":["Skim","Loop"],"picked":"Ball Lightning","floor":4.0},{"not_picked":["Stack","Aggregate","Consume"],"picked":"SKIP","floor":7.0},{"not_picked":["Ball Lightning","Loop"],"picked":"Conserve Battery","floor":10.0},{"not_picked":["Reinforced Body","Hologram"],"picked":"Barrage","floor":12},{"not_picked":["Barrage","Heatsinks","Steam"],"picked":"SKIP","floor":14}],"player_experience":205162,"relics_obtained":[{"floor":7.0,"key":"Orichalcum"},{"floor":9.0,"key":"Lantern"},{"floor":12,"key":"Strawberry"},{"floor":14,"key":"Blood Vial"}],"event_choices":[{"damage_healed":0.0,"max_hp_gain":0.0,"max_hp_loss":0.0,"gold_gain":0.0,"event_name":"Golden Idol","player_choice":"Take Damage","floor":5.0,"gold_loss":0.0,"damage_taken":17.0,"relics_obtained":["Golden Idol"]},{"damage_healed":0,"gold_gain":75,"player_choice":"Touch","damage_taken":6,"max_hp_gain":0,"max_hp_loss":0,"event_name":"FaceTrader","floor":11,"gold_loss":0}],"is_beta":false,"boss_relics":[],"items_purged_floors":[],"is_endless":false,"potions_floor_spawned":[1,2,3,10],"killed_by":"Slime Boss","ascension_level":1}}