{"host":"7gewg82ormp6yt4e","time":1610020209,"event":{"mods":["BaseMod","Block Reminder","Colored Map","Colored Powertips","DeckTracker","Highlight Path","Minty Spire (QoL Compilation)","Relic Stats","StSLib","ojb\u0027s Info Mod"],"gold_per_floor":[111,34,44,44,64,64,96,115,115,115,126,144,161,187,187,262,262,274,274,274],"floor_reached":19,"playtime":772,"items_purged":[],"score":342,"play_id":"625a9cc4-41e2-4e01-baf4-dae7004645b3","local_time":"20210107205009","is_ascension_mode":true,"campfire_choices":[{"data":"Barrage","floor":6.0,"key":"SMITH"},{"data":"Self Repair","floor":10.0,"key":"SMITH"},{"data":"Creative AI","floor":15.0,"key":"SMITH"}],"circlet_count":0,"master_deck":["AscendersBane","Strike_B","Strike_B","Strike_B","Strike_B","Defend_B","Defend_B","Defend_B","Defend_B","Zap","Dualcast","Ball Lightning","Rainbow+1","Barrage+1","White Noise+1","Creative AI+1","Self Repair+1","Aggregate","Self Repair","Biased Cognition","Hologram"],"relics":["Coffee Dripper","Bottled Lightning","Matryoshka","DataDisk","War Paint","Inserter"],"acts_visited":["Exordium","TheCity"],"potions_floor_usage":[18],"damage_taken":[{"damage":3.0,"enemies":"2 Louse","floor":1.0,"turns":2.0},{"damage":0.0,"enemies":"Cultist","floor":3.0,"turns":4.0},{"damage":7.0,"enemies":"Jaw Worm","floor":5.0,"turns":2.0},{"damage":41.0,"enemies":"Gremlin Nob","floor":7.0,"turns":4.0},{"damage":4.0,"enemies":"3 Louse","floor":8.0,"turns":3.0},{"damage":0.0,"enemies":"Blue Slaver","floor":11.0,"turns":3.0},{"damage":8.0,"enemies":"Large Slime","floor":12.0,"turns":5.0},{"damage":15.0,"enemies":"Exordium Wildlife","floor":13.0,"turns":5.0},{"damage":24.0,"enemies":"Hexaghost","floor":16.0,"turns":7.0},{"damage":18,"enemies":"Chosen","floor":18,"turns":5},{"damage":59,"enemies":"Masked Bandits","floor":19,"turns":3}],"seed_played":"7069689532803477397","potions_obtained":[{"floor":7.0,"key":"EssenceOfDarkness"},{"floor":8.0,"key":"BlessingOfTheForge"},{"floor":12.0,"key":"Regen Potion"},{"floor":16.0,"key":"FearPotion"}],"is_trial":false,"path_per_floor":["M","$","M","?","M","R","E","M","T","R","M","M","M","T","R","B",null,"M","?"],"character_chosen":"DEFECT","items_purchased":["Rainbow"],"campfire_rested":0,"item_purchase_floors":[2],"current_hp_per_floor":[61,61,61,61,54,54,13,9,9,9,19,21,37,37,37,33,62,44,0,0],"gold":274,"neow_bonus":"BOSS_RELIC","is_daily":false,"chose_seed":false,"campfire_upgraded":3,"win_rate":0.0,"timestamp":1610020209,"path_taken":["M","$","M","?","M","R","E","M","T","R","M","?","M","?","R","BOSS","M","?"],"items_purchased_type":["Card"],"build_version":"2020-12-22","purchased_purges":0,"victory":false,"max_hp_per_floor":[71,71,71,71,71,71,71,71,71,71,71,71,71,71,71,71,71,71,71,71],"relic_stats":{"Inserter":[4],"counters":[11,43],"War Paint":["White Noise","Rainbow"],"obtain_stats":[{"DataDisk":14,"Matryoshka":9,"Inserter":17,"Coffee Dripper":0,"Bottled Lightning":7,"War Paint":14,"Cracked Core":0},{"DataDisk":8,"Matryoshka":5,"Inserter":9,"Coffee Dripper":0,"Bottled Lightning":4,"War Paint":8,"Cracked Core":0},{"DataDisk":28,"Matryoshka":15,"Inserter":35,"Coffee Dripper":0,"Bottled Lightning":12,"War Paint":28,"Cracked Core":0}]},"card_choices":[{"not_picked":["Rebound","Streamline"],"picked":"Ball Lightning","floor":1.0},{"not_picked":["Gash","Streamline"],"picked":"Barrage","floor":3.0},{"not_picked":["Go for the Eyes","Barrage"],"picked":"White Noise","floor":5.0},{"not_picked":["Auto Shields","Coolheaded"],"picked":"Creative AI","floor":7.0},{"not_picked":["Cold Snap","Steam Power"],"picked":"Self Repair","floor":8.0},{"not_picked":["Gash","Turbo"],"picked":"Aggregate","floor":11.0},{"not_picked":["Steam","Ball Lightning"],"picked":"Self Repair","floor":12.0},{"not_picked":["Rebound","Fusion","Lockon"],"picked":"SKIP","floor":13.0},{"not_picked":["Machine Learning","Meteor Strike"],"picked":"Biased Cognition","floor":16.0},{"not_picked":["Streamline","Storm"],"picked":"Hologram","floor":18}],"player_experience":2491194,"relics_obtained":[{"floor":7.0,"key":"Bottled Lightning"},{"floor":9.0,"key":"Matryoshka"},{"floor":14.0,"key":"DataDisk"},{"floor":14.0,"key":"War Paint"}],"event_choices":[{"damage_healed":0.0,"max_hp_gain":0.0,"max_hp_loss":0.0,"gold_gain":0.0,"event_name":"WeMeetAgain","player_choice":"Ignored","floor":4.0,"gold_loss":0.0,"damage_taken":0.0},{"damage_healed":0,"gold_gain":0,"player_choice":"Fought Bandits","damage_taken":0,"max_hp_gain":0,"max_hp_loss":0,"event_name":"Masked Bandits","floor":19,"gold_loss":0}],"is_beta":false,"boss_relics":[{"not_picked":["Cursed Key","Empty Cage"],"picked":"Inserter"}],"items_purged_floors":[],"is_endless":false,"potions_floor_spawned":[7,8,11,12,16],"killed_by":"Masked Bandits","ascension_level":20}}