{"host":"ig7tc0uedzltt2sr","time":1610054939,"event":{"mods":["BaseMod","Better Twitch Integration","Block Reminder","Colored Map","Colored Powertips","Communication Mod","Current Relic Mod","GifTheSpireLib","HexUI Lib","Minty Spire (QoL Compilation)","Quick Restart","Random Character Button","Rare Cards Sparkle","Relic Sorter","Relic Stats","Slay the Relics Exporter","StSLib","SuperFastMode","Synergy Search","Twitch Decklist","Twitch Utils","everything is the same but u backflip on backflip","slay the spire mod where everything is the same but ironclad has a cowboy hat"],"gold_per_floor":[118,128,141,156,112,143,143,143,143],"floor_reached":8,"playtime":65,"items_purged":[],"score":58,"play_id":"02e46885-8c4b-464e-b4cd-12d8a6b09803","local_time":"20210107132859","is_ascension_mode":false,"campfire_choices":[],"circlet_count":0,"master_deck":["Strike_R","Strike_R","Strike_R","Strike_R","Strike_R","Defend_R","Defend_R","Defend_R","Defend_R","Bash","Pommel Strike","Iron Wave","Spot Weakness","Barricade","Blood for Blood","Regret"],"relics":["Burning Blood","NeowsBlessing","Bag of Marbles","Torii"],"acts_visited":["Exordium"],"potions_floor_usage":[],"damage_taken":[{"damage":0,"enemies":"Jaw Worm","floor":1,"turns":1},{"damage":0,"enemies":"Small Slimes","floor":2,"turns":2},{"damage":0,"enemies":"Cultist","floor":3,"turns":1},{"damage":21,"enemies":"Red Slaver","floor":4,"turns":8},{"damage":39,"enemies":"Lagavulin","floor":6,"turns":12},{"damage":32,"enemies":"3 Sentries","floor":8,"turns":5}],"seed_played":"-1589753016785567397","potions_obtained":[{"floor":4,"key":"CultistPotion"}],"is_trial":false,"path_per_floor":["M","M","M","M","?","E","?","E"],"character_chosen":"IRONCLAD","items_purchased":[],"campfire_rested":0,"item_purchase_floors":[],"current_hp_per_floor":[80,80,80,65,65,32,32,0,0],"gold":143,"neow_bonus":"THREE_ENEMY_KILL","is_daily":false,"chose_seed":false,"campfire_upgraded":0,"win_rate":0.0,"timestamp":1610054939,"path_taken":["M","M","M","M","?","E","?","E"],"items_purchased_type":[],"build_version":"2020-12-22","purchased_purges":0,"victory":false,"max_hp_per_floor":[80,80,80,80,80,80,80,80,80],"relic_stats":{"Torii":3,"counters":[6,29],"obtain_stats":[{"NeowsBlessing":0,"Torii":7,"Bag of Marbles":6,"Burning Blood":0},{"NeowsBlessing":0,"Torii":5,"Bag of Marbles":5,"Burning Blood":0},{"NeowsBlessing":0,"Torii":24,"Bag of Marbles":24,"Burning Blood":0}],"Burning Blood":12},"card_choices":[{"not_picked":["Perfected Strike","Anger"],"picked":"Pommel Strike","floor":1},{"not_picked":["Anger","True Grit"],"picked":"Iron Wave","floor":2},{"not_picked":["Body Slam","Armaments"],"picked":"Spot Weakness","floor":3},{"not_picked":["Fire Breathing","Pommel Strike"],"picked":"Barricade","floor":4},{"not_picked":["Bloodletting","Evolve"],"picked":"Blood for Blood","floor":6}],"player_experience":1455221,"relics_obtained":[{"floor":6,"key":"Bag of Marbles"}],"event_choices":[{"damage_healed":0,"gold_gain":0,"player_choice":"Left Gold","damage_taken":0,"max_hp_gain":0,"max_hp_loss":0,"event_name":"World of Goop","floor":5,"gold_loss":44},{"damage_healed":0,"gold_gain":0,"player_choice":"Box","damage_taken":0,"relics_obtained":["Torii"],"max_hp_gain":0,"max_hp_loss":0,"event_name":"Big Fish","floor":7,"gold_loss":0,"cards_obtained":["Regret"]}],"is_beta":false,"boss_relics":[],"items_purged_floors":[],"is_endless":false,"potions_floor_spawned":[4],"killed_by":"3 Sentries","ascension_level":0}}