{"host":"kabf61oc9jgfwufg","time":1610030882,"event":{"mods":["AchievementEnabler","Act Like it!","Aspiration","BaseMod","Conspire","GifTheSpireLib","Halation","HexUI Lib","Hubris","Infinite Spire","Minty Spire (QoL Compilation)","Quick Restart","Rare Cards Sparkle","Replay The Spire","Shop Mod","StSLib","Waifu the Spire"],"gold_per_floor":[361,101,101,112,112,112,128,128,181,81,81,99,117,117,117,117,117],"floor_reached":16,"playtime":505,"items_purged":["Strike_B","Strike_B"],"score":90,"play_id":"57d4f601-27f2-49c3-94b1-088035c40c74","local_time":"20210107144802","is_ascension_mode":false,"campfire_choices":[{"data":"Dualcast","floor":6,"key":"SMITH"},{"data":"Zap","floor":8,"key":"SMITH"},{"floor":15,"key":"REST"}],"circlet_count":0,"master_deck":["Strike_B","Strike_B","Defend_B","Defend_B","Defend_B","Defend_B","Zap+1","Dualcast+1","Panic Button","Gash+1","BasicCrystalCard+1","Voices","Go for the Eyes","Compile Driver"],"relics":["Cracked Core","aspiration:Nostalgia","Replay:M_SmolderingBlood","Juzu Bracelet","ReplayTheSpireMod:Ring of Challenge","Ring of Panic","hubris:Icosahedron"],"acts_visited":["Exordium"],"potions_floor_usage":[16,16,16],"damage_taken":[{"damage":1,"enemies":"Jaw Worm","floor":1,"turns":3},{"damage":2,"enemies":"2 Louse","floor":4,"turns":2},{"damage":0,"enemies":"Cultist","floor":7,"turns":2},{"damage":15,"enemies":"Looter","floor":12,"turns":3},{"damage":26,"enemies":"Large Slime","floor":13,"turns":4},{"damage":52,"enemies":"Fading Forest","floor":16,"turns":6}],"seed_played":"742546855623235827","potions_obtained":[{"floor":4,"key":"Ancient Potion"},{"floor":12,"key":"Adrenaline Potion"},{"floor":13,"key":"AttackPotion"}],"is_trial":false,"path_per_floor":["M","$","?","M","?","R","M","R","T","$","?","M","M","?","R","B"],"character_chosen":"DEFECT","items_purchased":["Gash+1","aspiration:Nostalgia"],"campfire_rested":1,"item_purchase_floors":[2,2],"current_hp_per_floor":[53,53,53,51,51,51,51,51,51,51,51,36,10,10,32,0,0],"gold":117,"neow_bonus":"TWO_FIFTY_GOLD","is_daily":false,"chose_seed":false,"campfire_upgraded":2,"win_rate":0.0,"timestamp":1610030882,"path_taken":["M","$","?","M","?","R","?","R","T","$","?","M","M","?","R","BOSS"],"items_purchased_type":["Card","Relic"],"build_version":"2020-12-22","purchased_purges":2,"victory":false,"max_hp_per_floor":[75,75,75,75,75,75,75,75,75,75,75,75,75,75,75,75,75],"card_choices":[{"not_picked":["Steam Power","Steam"],"picked":"Panic Button","floor":1},{"not_picked":["Redo","CrushJoints"],"picked":"BasicCrystalCard","floor":4},{"not_picked":["Reinforced Body","Rip and Tear","Coolheaded"],"picked":"SKIP","floor":7},{"not_picked":["Sweeping Beam","ReplayTheSpireMod:System Scan"],"picked":"Go for the Eyes","floor":12},{"not_picked":["BasicCrystalCard","Chill"],"picked":"Compile Driver","floor":13}],"player_experience":65584,"relics_obtained":[{"floor":9,"key":"Juzu Bracelet"},{"floor":11,"key":"ReplayTheSpireMod:Ring of Challenge"},{"floor":11,"key":"Ring of Panic"}],"event_choices":[{"damage_healed":0,"gold_gain":0,"player_choice":"Leave","damage_taken":0,"max_hp_gain":0,"max_hp_loss":0,"event_name":"conspire:Investor","floor":3,"gold_loss":0},{"damage_healed":0,"gold_gain":0,"player_choice":"Upgraded","damage_taken":0,"max_hp_gain":0,"max_hp_loss":0,"event_name":"Upgrade Shrine","floor":5,"gold_loss":0,"cards_upgraded":["BasicCrystalCard"]}],"is_beta":false,"boss_relics":[],"items_purged_floors":[2,10],"is_endless":false,"potions_floor_spawned":[4,12,13],"killed_by":"Fading Forest","ascension_level":0}}