{"host":"hve1dyh1ly81yl9f","time":1610021996,"event":{"mods":["BaseMod","Colored Map","DeckTracker","Highlight Path","Keyboard Shortcuts","Minty Spire (QoL Compilation)","Permanent Neow","Quick Restart","StSLib","SuperFastMode"],"gold_per_floor":[367,188,207,37,47,75,75,107,107,107,127,143,175,275,275,371,371,381,401,420,436,452,452,463,463,531,531,630,630,650,565,565,662,662,677,689,707,71,89,89,105,105,105,115,126,126,136,151,151,151,151,151,23,54,54,54],"floor_reached":55,"playtime":2505,"items_purged":[],"score":721,"play_id":"4ec60828-c334-4ad5-bb40-faf2c4b34e22","local_time":"20210107211956","is_ascension_mode":false,"campfire_choices":[{"data":"1","floor":7.0,"key":"LIFT"},{"floor":15.0,"key":"REST"},{"data":"2","floor":23.0,"key":"LIFT"},{"floor":25.0,"key":"RECALL"},{"data":"3","floor":27.0,"key":"LIFT"},{"floor":32.0,"key":"REST"},{"data":"Beam Cell","floor":40.0,"key":"SMITH"},{"data":"Beam Cell","floor":42.0,"key":"SMITH"},{"data":"Gash","floor":49.0,"key":"SMITH"},{"data":"Gash","floor":52.0,"key":"SMITH"}],"circlet_count":0,"master_deck":["Strike_B","Strike_B","Strike_B","Strike_B","Defend_B","Defend_B","Defend_B","Defend_B","Zap","Dualcast","Stack","Turbo","Stack","Beam Cell+1","Hologram","Scrape","FTL","FTL","Melter","Rebound","Beam Cell+1","Gash+1","Machine Learning","Compile Driver","FTL","Aggregate+1","Heatsinks+1","Gash+1","Gash+1","Coolheaded","Fission+1","Beam Cell+1","Stack+1","Parasite","Steam Power+1","Self Repair","Leap+1","Sweeping Beam","Amplify+1","Turbo+1","Barrage","Barrage+1","Hologram+1","Doubt","Static Discharge","Reinforced Body+1","Coolheaded+1","Barrage+1"],"relics":["FrozenCore","Strawberry","Girya","Pear","Spirit Poop","CaptainsWheel","Ornamental Fan","Toxic Egg 2","Nuclear Battery","Shuriken","Runic Capacitor","Mummified Hand","Happy Flower"],"acts_visited":["Exordium","TheCity","TheBeyond","TheEnding"],"potions_floor_usage":[55],"damage_taken":[{"damage":1.0,"enemies":"Cultist","floor":1.0,"turns":3.0},{"damage":11.0,"enemies":"Jaw Worm","floor":3.0,"turns":2.0},{"damage":2.0,"enemies":"2 Louse","floor":5.0,"turns":2.0},{"damage":21.0,"enemies":"3 Sentries","floor":6.0,"turns":5.0},{"damage":27.0,"enemies":"Gremlin Nob","floor":8.0,"turns":4.0},{"damage":2.0,"enemies":"Lots of Slimes","floor":11.0,"turns":2.0},{"damage":0.0,"enemies":"Looter","floor":12.0,"turns":1.0},{"damage":9.0,"enemies":"3 Sentries","floor":13.0,"turns":6.0},{"damage":10.0,"enemies":"Slime Boss","floor":16.0,"turns":7.0},{"damage":0.0,"enemies":"Spheric Guardian","floor":18.0,"turns":1.0},{"damage":8.0,"enemies":"Chosen","floor":19.0,"turns":3.0},{"damage":9.0,"enemies":"Snake Plant","floor":20.0,"turns":4.0},{"damage":10.0,"enemies":"Centurion and Healer","floor":21.0,"turns":6.0},{"damage":11.0,"enemies":"Snecko","floor":22.0,"turns":5.0},{"damage":22.0,"enemies":"Shelled Parasite and Fungi","floor":24.0,"turns":4.0},{"damage":11.0,"enemies":"Centurion and Healer","floor":30.0,"turns":4.0},{"damage":24.0,"enemies":"Collector","floor":33.0,"turns":6.0},{"damage":5.0,"enemies":"3 Darklings","floor":35.0,"turns":5.0},{"damage":12.0,"enemies":"3 Shapes","floor":36.0,"turns":3.0},{"damage":2.0,"enemies":"Writhing Mass","floor":37.0,"turns":5.0},{"damage":12.0,"enemies":"Maw","floor":39.0,"turns":5.0},{"damage":13.0,"enemies":"Sphere and 2 Shapes","floor":41.0,"turns":3.0},{"damage":3.0,"enemies":"3 Darklings","floor":44.0,"turns":4.0},{"damage":0.0,"enemies":"Jaw Worm Horde","floor":45.0,"turns":3.0},{"damage":0.0,"enemies":"Maw","floor":47.0,"turns":5.0},{"damage":0.0,"enemies":"Transient","floor":48.0,"turns":5.0},{"damage":55.0,"enemies":"Donu and Deca","floor":50.0,"turns":7.0},{"damage":31.0,"enemies":"Shield and Spear","floor":54.0,"turns":6.0},{"damage":80,"enemies":"The Heart","floor":55,"turns":6}],"seed_played":"4669463998559156698","potions_obtained":[{"floor":5.0,"key":"Explosive Potion"},{"floor":8.0,"key":"DistilledChaos"},{"floor":11.0,"key":"EntropicBrew"},{"floor":13.0,"key":"Dexterity Potion"},{"floor":16.0,"key":"Fire Potion"},{"floor":21.0,"key":"SteroidPotion"},{"floor":29.0,"key":"Strength Potion"},{"floor":33.0,"key":"EntropicBrew"},{"floor":35.0,"key":"Explosive Potion"},{"floor":41.0,"key":"Strength Potion"}],"is_trial":false,"path_per_floor":["M","$","M","$","M","E","R","E","T","?","M","M","E","?","R","B",null,"M","M","M","M","M","R","M","R","T","R","?","?","M","?","R","B",null,"M","M","M","$","M","R","M","R","T","M","M","?","M","M","R","B",null,"R","$","E","B"],"character_chosen":"DEFECT","items_purchased":["Turbo","Strawberry","Beam Cell","Hologram","Scrape","Shuriken","Self Repair","Leap+1","Sweeping Beam","Amplify+1","Runic Capacitor","FearPotion","Block Potion","Coolheaded+1"],"campfire_rested":2,"item_purchase_floors":[2,2,4,4,4,38,38,38,38,38,38,53,53,53],"current_hp_per_floor":[74,81,70,70,68,47,47,30,30,30,28,28,19,19,46,36,92,92,84,75,65,54,54,32,32,32,32,32,32,21,21,48,24,92,87,75,78,78,80,80,74,74,74,78,78,92,92,92,92,44,92,92,92,68,0,0],"gold":54,"neow_bonus":"TWO_FIFTY_GOLD","is_daily":false,"chose_seed":false,"campfire_upgraded":4,"win_rate":0.0,"timestamp":1610021996,"path_taken":["M","$","?","$","M","E","R","E","T","?","?","M","E","?","R","BOSS","M","M","M","?","M","R","M","R","T","R","?","?","?","?","R","BOSS","BOSS","M","M","M","$","M","R","M","R","T","M","M","?","M","M","R","BOSS","R","$","E","BOSS"],"items_purchased_type":["Card","Relic","Card","Card","Card","Relic","Card","Card","Card","Card","Relic","Potion","Potion","Card"],"build_version":"2020-12-22","purchased_purges":0,"victory":false,"max_hp_per_floor":[75,82,82,82,82,82,82,92,92,92,92,92,92,92,92,92,92,92,92,92,92,92,92,92,92,92,92,92,92,92,92,92,92,92,92,92,92,92,92,92,92,92,92,92,92,92,92,92,92,92,92,92,92,92,92,92],"card_choices":[{"not_picked":["Conserve Battery","Reprogram"],"picked":"Stack","floor":1.0},{"not_picked":["Sweeping Beam","Cold Snap"],"picked":"Stack","floor":3.0},{"not_picked":["Barrage","Streamline"],"picked":"FTL","floor":5.0},{"not_picked":["Buffer","White Noise"],"picked":"FTL","floor":6.0},{"not_picked":["Ball Lightning","Cold Snap"],"picked":"Melter","floor":8.0},{"not_picked":["Darkness","Steam"],"picked":"Rebound","floor":11.0},{"not_picked":["Cold Snap","Reinforced Body"],"picked":"Beam Cell","floor":12.0},{"not_picked":["BootSequence","Redo"],"picked":"Gash","floor":13.0},{"not_picked":["Thunder Strike","Biased Cognition"],"picked":"Machine Learning","floor":16.0},{"not_picked":["Sweeping Beam","Storm"],"picked":"Compile Driver","floor":18.0},{"not_picked":["Coolheaded","Stack"],"picked":"FTL","floor":19.0},{"not_picked":["Coolheaded+1","Stack+1"],"picked":"Aggregate+1","floor":20.0},{"not_picked":["Undo","Streamline"],"picked":"Heatsinks+1","floor":21.0},{"not_picked":["Compile Driver","Leap"],"picked":"Gash+1","floor":22.0},{"not_picked":["Turbo","Static Discharge"],"picked":"Gash","floor":24.0},{"not_picked":["Redo","Fusion+1"],"picked":"Coolheaded","floor":30.0},{"not_picked":["Electrodynamics","Meteor Strike"],"picked":"Fission+1","floor":33.0},{"not_picked":["Rebound+1","Redo+1"],"picked":"Beam Cell+1","floor":35.0},{"not_picked":["Echo Form","Ball Lightning"],"picked":"Stack+1","floor":36.0},{"not_picked":["Rebound","Undo+1"],"picked":"Steam Power+1","floor":37.0},{"not_picked":["Conserve Battery+1","Static Discharge"],"picked":"Turbo+1","floor":39.0},{"not_picked":["Cold Snap+1","Force Field+1"],"picked":"Barrage","floor":41.0},{"not_picked":["Leap+1","Reprogram+1"],"picked":"Barrage+1","floor":44.0},{"not_picked":["Cold Snap","Scrape"],"picked":"Hologram+1","floor":45.0},{"not_picked":["Leap+1","Rip and Tear"],"picked":"Static Discharge","floor":47.0},{"not_picked":["Rainbow+1","Undo+1"],"picked":"Reinforced Body+1","floor":48.0},{"not_picked":["Leap+1","Cold Snap"],"picked":"Barrage+1","floor":54.0}],"player_experience":288658,"relics_obtained":[{"floor":6.0,"key":"Girya"},{"floor":8.0,"key":"Pear"},{"floor":13.0,"key":"CaptainsWheel"},{"floor":26.0,"key":"Ornamental Fan"},{"floor":43.0,"key":"Mummified Hand"},{"floor":54.0,"key":"Happy Flower"}],"event_choices":[{"cards_removed":["Clumsy"],"damage_healed":0.0,"max_hp_gain":0.0,"max_hp_loss":0.0,"gold_gain":0.0,"event_name":"Bonfire Elementals","player_choice":"Offered Curse","floor":10.0,"gold_loss":0.0,"damage_taken":0.0,"relics_obtained":["Spirit Poop"]},{"damage_healed":0.0,"max_hp_gain":0.0,"max_hp_loss":0.0,"gold_gain":100.0,"event_name":"Golden Shrine","player_choice":"Pray","floor":14.0,"gold_loss":0.0,"damage_taken":0.0},{"damage_healed":0.0,"max_hp_gain":0.0,"max_hp_loss":0.0,"gold_gain":99.0,"event_name":"Nest","player_choice":"Stole From Cult","floor":28.0,"gold_loss":0.0,"damage_taken":0.0},{"damage_healed":0.0,"max_hp_gain":0.0,"max_hp_loss":0.0,"gold_gain":0.0,"event_name":"Lab","player_choice":"Got Potions","floor":29.0,"gold_loss":0.0,"damage_taken":0.0},{"damage_healed":0.0,"max_hp_gain":0.0,"max_hp_loss":0.0,"gold_gain":0.0,"event_name":"Addict","player_choice":"Obtained Relic","floor":31.0,"gold_loss":85.0,"damage_taken":0.0,"relics_obtained":["Toxic Egg 2"]},{"damage_healed":14.0,"max_hp_gain":0.0,"max_hp_loss":0.0,"gold_gain":0.0,"event_name":"MindBloom","player_choice":"Heal","floor":46.0,"gold_loss":0.0,"damage_taken":0.0,"cards_obtained":["Doubt"]}],"is_beta":false,"boss_relics":[{"not_picked":["SacredBark","Busted Crown"],"picked":"FrozenCore"},{"not_picked":["Sozu","Philosopher\u0027s Stone"],"picked":"Nuclear Battery"}],"items_purged_floors":[],"is_endless":false,"potions_floor_spawned":[5,8,11,13,16,18,21,24,33,35,41,44],"killed_by":"The Heart","ascension_level":0}}