{"host":"01t6jpmmvexppwnf","time":1610035015,"event":{"mods":["AchievementEnabler","Act Like it!","BaseMod","Better-Laid Plans","BetterRewards","Colored Map","Colored Powertips","Conspire","Hallownest","Minty Spire (QoL Compilation)","Permanent Neow","Quick Restart","Rare Cards Sparkle","Remove Card Discount Mod","Replay The Spire","Shop Mod","StSLib","Transform Curses","óô»ðÖ¸ÄÏ"],"gold_per_floor":[113,130,130,55,127,158,40,67,93,105,136,146,165,117,117,213,213,223,688,698,617,572,598,611,611,611],"floor_reached":25,"playtime":1571,"items_purged":["ReplayTheSpireMod:Restless Dread","Strike_B","Defend_B","Strike_B","Defend_B","Defend_B","Strike_B","Strike_B"],"score":320,"play_id":"2d46047b-f146-4ac6-a89e-09e20c441ffc","local_time":"20210107235655","is_ascension_mode":true,"campfire_choices":[{"floor":15,"key":"RECALL"}],"circlet_count":0,"master_deck":["Defend_B","Zap","Dualcast","Streamline+1","FTL+1","Echo Form","Heatsinks","Coolheaded+1","White Noise+1","ReplayTheSpireMod:Faulty Equipment","Sweeping Beam","ReplayTheSpireMod:Dual Polarity+1","Time Bomb+1","Leap+1","ReplayTheSpireMod:Uncanny Aura+1","Creative AI","Defragment+1","Capacitor"],"relics":["Cursed Key","Hallownest:DreamNailRelic","Toxic Egg 2","HornCleat","Blue Doll","Lantern","Gremlin Food","Coffee Dripper","Whetstone"],"acts_visited":["Hallownest:Greenpath","Hallownest:CityofTears"],"potions_floor_usage":[],"damage_taken":[{"damage":0.0,"enemies":"2_ Uuma","floor":1.0,"turns":5.0},{"damage":0,"enemies":"Hallownest:monsterHuskWarrior","floor":2,"turns":3},{"damage":10,"enemies":"Hallownest:eliteCrystalGuardian","floor":6,"turns":5},{"damage":11,"enemies":"Hallownest:eliteMossKnight","floor":8,"turns":5},{"damage":10,"enemies":"Hallownest:2_MossCreeps","floor":10,"turns":4},{"damage":3,"enemies":"Hallownest:eliteCrystalGuardian","floor":11,"turns":5},{"damage":0,"enemies":"Hallownest:1_Baldur_1_Crawlid_1_Warrior","floor":12,"turns":2},{"damage":0,"enemies":"Hallownest:monsterMossCharger","floor":13,"turns":3},{"damage":19,"enemies":"Hallownest:BossBrokenVessel","floor":16,"turns":6},{"damage":19,"enemies":"Hallownest:Guard_and_Sentry","floor":18,"turns":6},{"damage":0,"enemies":"Hallownest:3_Youths","floor":20,"turns":4},{"damage":0,"enemies":"Hallownest:Nosk","floor":23,"turns":7},{"damage":18,"enemies":"Hallownest:2_Flukemon","floor":24,"turns":4},{"damage":31,"enemies":"Hallownest:eliteWatcherKnight","floor":25,"turns":4}],"seed_played":"3106692900213948785","potions_obtained":[{"floor":8,"key":"FocusPotion"},{"floor":10,"key":"SpeedPotion"},{"floor":12,"key":"Toxic Potion"}],"is_trial":false,"path_per_floor":["M","M","?","?","T","E","R","E","T","M","E","M","M","$","R","B",null,"M","?","M","$","?","E","M","E"],"character_chosen":"DEFECT","items_purchased":["Heatsinks","Coolheaded+1","ReplayTheSpireMod:Uncanny Aura+1","Capacitor"],"campfire_rested":0,"item_purchase_floors":[7,7,14,21],"current_hp_per_floor":[75,75,75,75,75,65,65,54,54,44,41,41,41,41,41,22,62,43,43,43,43,43,43,25,0,0],"gold":611,"neow_bonus":"BOSS_RELIC","is_daily":false,"chose_seed":false,"campfire_upgraded":0,"win_rate":0.0,"timestamp":1610035015,"path_taken":["M","M","?","?","?","E","R","E","T","?","E","M","M","$","R","BOSS","M","?","?","$","?","E","M","E"],"items_purchased_type":["Card","Card","Card","Card"],"build_version":"2020-12-22","purchased_purges":8,"victory":false,"max_hp_per_floor":[75,75,75,75,75,75,75,75,75,75,75,75,75,75,75,75,75,75,75,75,75,75,75,75,75,75],"card_choices":[{"not_picked":["Ball Lightning","Steam"],"picked":"Streamline","floor":1},{"not_picked":["Beam Cell","Conserve Battery"],"picked":"FTL","floor":2},{"not_picked":["conspire:Rain+1","Scrape"],"picked":"Echo Form","floor":6},{"not_picked":["Blizzard","Rip and Tear"],"picked":"White Noise+1","floor":8},{"not_picked":["Rip and Tear","Cold Snap"],"picked":"Sweeping Beam","floor":10},{"not_picked":["Turbo+1","Lockon"],"picked":"ReplayTheSpireMod:Dual Polarity+1","floor":11},{"not_picked":["Panic Button+1","Coolheaded+1"],"picked":"Time Bomb+1","floor":12},{"not_picked":["Reinforced Body+1","Ball Lightning"],"picked":"Leap+1","floor":13},{"not_picked":["Electrodynamics","Machine Learning"],"picked":"Creative AI","floor":16},{"not_picked":["Rebound+1","Go for the Eyes+1"],"picked":"Defragment+1","floor":18},{"not_picked":["Leap+1","Recycle+1","Stack+1"],"picked":"SKIP","floor":20},{"not_picked":["Stack+1","Chill+1","Lockon"],"picked":"SKIP","floor":23},{"not_picked":["Redo+1","Streamline+1","Go for the Eyes"],"picked":"SKIP","floor":24}],"player_experience":163630,"relics_obtained":[{"floor":5,"key":"Toxic Egg 2"},{"floor":6,"key":"HornCleat"},{"floor":8,"key":"Blue Doll"},{"floor":9,"key":"Lantern"},{"floor":11,"key":"Gremlin Food"},{"floor":23,"key":"Whetstone"}],"event_choices":[],"is_beta":false,"boss_relics":[{"not_picked":["Philosopher\u0027s Stone","conspire:SlowCooker"],"picked":"Coffee Dripper"}],"items_purged_floors":[7,7,7,7,7,14,14,14],"is_endless":false,"potions_floor_spawned":[8,10,12,13,16,18,20],"killed_by":"Hallownest:eliteWatcherKnight","ascension_level":5}}