{"host":"newqdrzxfhh2im9e","time":1610005665,"event":{"mods":["AchievementEnabler","BaseMod","BetterRewards","Block Reminder","Colored Map","Jorbs\u0027s Wanderer Trilogy","Minty Spire (QoL Compilation)","Rare Cards Sparkle","Shop Mod","StSLib"],"gold_per_floor":[115,133,144,23,40,40,5,21,21,21,96,96,129,146,146,248,248,267,267,14,14,14,14,47,47,70,70,81,3,35,35,35,132,132,150,8,0,0,11,11,24,24,50,60,92,111,111,122,122,122,122],"floor_reached":50,"playtime":3153,"items_purged":["Normality"],"score":490,"play_id":"cc693e27-757b-43a2-824b-c9a9a87c194c","local_time":"20210106234745","is_ascension_mode":false,"campfire_choices":[{"data":"Alpha","floor":6,"key":"SMITH"},{"data":"Worship","floor":10,"key":"SMITH"},{"floor":12,"key":"REST"},{"floor":15,"key":"REST"},{"floor":23,"key":"REST"},{"data":"Devotion","floor":25,"key":"SMITH"},{"data":"BattleHymn","floor":27,"key":"SMITH"},{"floor":32,"key":"REST"},{"floor":40,"key":"REST"},{"floor":42,"key":"REST"},{"floor":47,"key":"REST"},{"floor":49,"key":"REST"}],"circlet_count":0,"master_deck":["Strike_P","Strike_P","Strike_P","Strike_P","Defend_P","Defend_P","Defend_P","Defend_P","Vigilance","Alpha+1","BattleHymn+1","Worship+1","SignatureMove","Swivel","Pray","Halt","Sanctity","Devotion+1","CurseOfTheBell","HandOfGreed","Swivel+1","DeceiveReality","Tantrum","Perseverance","Judgement","Study+1","Bandage Up","SandsOfTime","Prostrate+1","InnerPeace+1"],"relics":["PureWater","Meat on the Bone","Bag of Preparation","Calling Bell","Boot","Pantograph","WingedGreaves","Dead Branch","GoldenEye","Omamori","Busted Crown","Red Mask","Oddly Smooth Stone","Pear"],"acts_visited":["Exordium","TheCity","TheBeyond"],"potions_floor_usage":[2,13,13,14,14,24,30,33,39,41,41],"damage_taken":[{"damage":0,"enemies":"Small Slimes","floor":1,"turns":2},{"damage":5,"enemies":"2 Louse","floor":2,"turns":2},{"damage":23,"enemies":"Jaw Worm","floor":3,"turns":4},{"damage":0,"enemies":"2 Fungi Beasts","floor":5,"turns":3},{"damage":5,"enemies":"Looter","floor":8,"turns":2},{"damage":24,"enemies":"3 Sentries","floor":13,"turns":6},{"damage":13,"enemies":"Gremlin Gang","floor":14,"turns":6},{"damage":41,"enemies":"Hexaghost","floor":16,"turns":8},{"damage":39,"enemies":"2 Thieves","floor":18,"turns":5},{"damage":22,"enemies":"Book of Stabbing","floor":24,"turns":6},{"damage":1,"enemies":"Shell Parasite","floor":28,"turns":4},{"damage":37,"enemies":"Snake Plant","floor":30,"turns":5},{"damage":48,"enemies":"Collector","floor":33,"turns":10},{"damage":63,"enemies":"3 Darklings","floor":35,"turns":5},{"damage":11,"enemies":"Orb Walker","floor":39,"turns":4},{"damage":17,"enemies":"Writhing Mass","floor":41,"turns":7},{"damage":9,"enemies":"Jaw Worm Horde","floor":44,"turns":4},{"damage":48,"enemies":"Nemesis","floor":45,"turns":7},{"damage":22,"enemies":"Spire Growth","floor":46,"turns":6},{"damage":12,"enemies":"Maw","floor":48,"turns":6},{"damage":86,"enemies":"Time Eater","floor":50,"turns":6}],"seed_played":"-2790376031704770843","potions_obtained":[{"floor":1,"key":"AttackPotion"},{"floor":3,"key":"SpeedPotion"},{"floor":8,"key":"BottledMiracle"},{"floor":13,"key":"SpeedPotion"},{"floor":18,"key":"ColorlessPotion"},{"floor":28,"key":"Fire Potion"},{"floor":30,"key":"LiquidMemories"},{"floor":35,"key":"AttackPotion"},{"floor":39,"key":"SkillPotion"}],"is_trial":false,"path_per_floor":["M","M","M","$","M","R","?","M","T","R","?","R","E","M","R","B",null,"M","?","$","?","$","R","E","R","T","R","M","$","M","?","R","B",null,"M","$","?","?","M","R","M","R","T","M","E","M","R","M","R","B"],"character_chosen":"WATCHER","items_purchased":["Swivel","PowerPotion","HandOfGreed","Tantrum","Bandage Up","PowerPotion"],"campfire_rested":8,"item_purchase_floors":[4,4,20,29,36,36],"current_hp_per_floor":[72,67,44,44,44,44,62,57,57,57,46,67,43,42,63,34,72,45,45,45,45,45,66,44,44,44,44,43,43,18,18,39,28,72,21,21,21,21,26,47,46,67,67,62,40,34,58,50,74,0,0],"gold":122,"neow_bonus":"THREE_RARE_CARDS","is_daily":false,"chose_seed":false,"campfire_upgraded":4,"win_rate":0.0,"timestamp":1610005665,"path_taken":["M","M","M","$","M","R","?","M","T","R","?","R","E","M","R","BOSS","M","?","$","?","$","R","E","R","T","R","M","$","M","?","R","BOSS","M","$","?","?","M","R","?","R","T","M","E","?","R","M","R","BOSS"],"items_purchased_type":["Card","Potion","Card","Card","Card","Potion"],"build_version":"2020-12-22","purchased_purges":1,"victory":false,"max_hp_per_floor":[72,72,72,72,72,72,72,72,72,72,72,72,72,72,72,72,72,72,72,72,72,72,72,72,72,72,72,72,72,72,72,72,72,72,72,72,72,72,72,72,72,72,72,72,82,82,82,82,82,82,82],"card_choices":[{"not_picked":["MasterReality","DeusExMachina"],"picked":"Alpha","floor":0},{"not_picked":["SashWhip","Consecrate"],"picked":"BattleHymn","floor":1},{"not_picked":["EmptyBody","JustLucky"],"picked":"Worship","floor":2},{"not_picked":["TalkToTheHand","SandsOfTime"],"picked":"SignatureMove","floor":3},{"not_picked":["SashWhip","SignatureMove","ThirdEye"],"picked":"SKIP","floor":5},{"not_picked":["Evaluate","Blasphemy"],"picked":"Pray","floor":8},{"not_picked":["BowlingBash","Crescendo"],"picked":"Halt","floor":13},{"not_picked":["SashWhip","FlyingSleeves"],"picked":"Sanctity","floor":14},{"not_picked":["Omniscience","MasterReality"],"picked":"Devotion","floor":16},{"not_picked":["FlurryOfBlows+1","ThirdEye+1","SashWhip"],"picked":"SKIP","floor":18},{"not_picked":["Crescendo","FollowUp"],"picked":"Swivel+1","floor":24},{"not_picked":["ThirdEye","EmptyFist+1"],"picked":"DeceiveReality","floor":28},{"not_picked":["CarveReality","FlurryOfBlows+1"],"picked":"Perseverance","floor":30},{"not_picked":["Alpha","Blasphemy"],"picked":"Judgement","floor":33},{"not_picked":[],"picked":"Study+1","floor":35},{"not_picked":[],"picked":"SandsOfTime","floor":39},{"not_picked":[],"picked":"Prostrate+1","floor":41},{"not_picked":["CutThroughFate+1"],"picked":"SKIP","floor":44},{"not_picked":["WheelKick"],"picked":"SKIP","floor":45},{"not_picked":[],"picked":"InnerPeace+1","floor":46},{"not_picked":["SashWhip"],"picked":"SKIP","floor":48}],"player_experience":700620,"relics_obtained":[{"floor":9,"key":"Meat on the Bone"},{"floor":13,"key":"Bag of Preparation"},{"floor":17,"key":"Boot"},{"floor":17,"key":"Pantograph"},{"floor":17,"key":"WingedGreaves"},{"floor":24,"key":"GoldenEye"},{"floor":26,"key":"Omamori"},{"floor":43,"key":"Oddly Smooth Stone"},{"floor":45,"key":"Pear"}],"event_choices":[{"damage_healed":18,"gold_gain":0,"player_choice":"Healed","damage_taken":0,"max_hp_gain":0,"max_hp_loss":0,"event_name":"The Cleric","floor":7,"gold_loss":35},{"damage_healed":0,"gold_gain":75,"player_choice":"Gather Gold","damage_taken":11,"max_hp_gain":0,"max_hp_loss":0,"event_name":"World of Goop","floor":11,"gold_loss":0},{"damage_healed":0,"gold_gain":0,"player_choice":"Ignored","damage_taken":0,"max_hp_gain":0,"max_hp_loss":0,"event_name":"Ghosts","floor":19,"gold_loss":0},{"damage_healed":0,"gold_gain":0,"player_choice":"Opened","damage_taken":0,"relics_obtained":["Dead Branch"],"max_hp_gain":0,"max_hp_loss":0,"event_name":"The Mausoleum","floor":21,"gold_loss":0},{"damage_healed":0,"gold_gain":0,"player_choice":"Smashed Altar","damage_taken":0,"max_hp_gain":0,"max_hp_loss":0,"event_name":"Forgotten Altar","floor":31,"gold_loss":0,"cards_obtained":["Decay"]},{"damage_healed":0,"gold_gain":0,"player_choice":"Paid","damage_taken":0,"relics_obtained":["Red Mask"],"max_hp_gain":0,"max_hp_loss":0,"event_name":"Tomb of Lord Red Mask","floor":37,"gold_loss":8},{"cards_removed":["Eruption"],"damage_healed":0,"gold_gain":0,"player_choice":"Offered Basic","damage_taken":0,"max_hp_gain":0,"max_hp_loss":0,"event_name":"Bonfire Elementals","floor":38,"gold_loss":0}],"is_beta":false,"boss_relics":[{"not_picked":["Fusion Hammer","SlaversCollar"],"picked":"Calling Bell"},{"not_picked":["Runic Pyramid","VioletLotus"],"picked":"Busted Crown"}],"items_purged_floors":[20],"is_endless":false,"potions_floor_spawned":[1,3,8,13,18,28,30,35,39],"killed_by":"Time Eater","ascension_level":0}}