{"host":"26mrfot5w7uj2ebc","time":1610016147,"event":{"mods":["AchievementEnabler","BaseMod","Colored Map","Curses Come First","Minty Spire (QoL Compilation)","StSLib"],"gold_per_floor":[114,134,134,134,148,148,173,173,173,98,125,125,136,149,149,245,245,263,263,263,281,301,301,301,301],"floor_reached":24,"playtime":1143,"items_purged":["Pain"],"score":225,"play_id":"417396eb-999c-4c9f-8927-925b25d8fae7","local_time":"20210107194227","is_ascension_mode":true,"campfire_choices":[{"data":"Infernal Blade","floor":6,"key":"SMITH"},{"data":"Offering","floor":8,"key":"SMITH"},{"floor":12,"key":"RECALL"},{"data":"Clothesline","floor":15,"key":"SMITH"},{"floor":23,"key":"REST"}],"circlet_count":0,"master_deck":["Strike_R","Strike_R","Strike_R","Strike_R","Defend_R","Defend_R","Defend_R","Defend_R","Bash","Carnage","Infernal Blade+1","Offering+1","Clothesline+1","Berserk","Iron Wave","Infernal Blade"],"relics":["Burning Blood","Champion Belt","WarpedTongs","Sundial","Boot","Bronze Scales","Empty Cage","Nilry\u0027s Codex","Strawberry"],"acts_visited":["Exordium","TheCity"],"potions_floor_usage":[16,16,24,24],"damage_taken":[{"damage":2.0,"enemies":"Cultist","floor":1.0,"turns":4.0},{"damage":0.0,"enemies":"Small Slimes","floor":2.0,"turns":3.0},{"damage":2,"enemies":"2 Louse","floor":5,"turns":2},{"damage":26,"enemies":"Gremlin Nob","floor":7,"turns":4},{"damage":11,"enemies":"Exordium Thugs","floor":13,"turns":4},{"damage":9,"enemies":"3 Louse","floor":14,"turns":2},{"damage":32,"enemies":"Slime Boss","floor":16,"turns":6},{"damage":9,"enemies":"Chosen","floor":18,"turns":2},{"damage":12,"enemies":"3 Byrds","floor":21,"turns":4},{"damage":44,"enemies":"Sentry and Sphere","floor":22,"turns":4},{"damage":54,"enemies":"Slavers","floor":24,"turns":2}],"seed_played":"-4181192753789668772","potions_obtained":[{"floor":1.0,"key":"ColorlessPotion"},{"floor":5,"key":"BlessingOfTheForge"},{"floor":13,"key":"SkillPotion"},{"floor":18,"key":"PowerPotion"}],"is_trial":false,"path_per_floor":["M","M","?","?","M","R","E","R","T","$","T","R","M","M","R","B",null,"M","?","T","M","M","R","E"],"character_chosen":"IRONCLAD","items_purchased":[],"campfire_rested":1,"item_purchase_floors":[],"current_hp_per_floor":[80,80,80,80,80,80,60,60,60,60,60,60,55,52,52,26,77,74,58,65,59,21,46,0,0],"gold":301,"neow_bonus":"ONE_RARE_RELIC","is_daily":false,"chose_seed":false,"campfire_upgraded":3,"win_rate":0.0,"timestamp":1610016147,"path_taken":["M","?","?","?","?","R","E","R","T","$","?","R","M","M","R","BOSS","M","?","?","M","M","R","E"],"items_purchased_type":[],"build_version":"2020-12-22","purchased_purges":1,"victory":false,"max_hp_per_floor":[80,80,80,80,80,80,80,80,80,80,80,80,80,80,80,80,77,77,77,84,84,84,84,84,84],"card_choices":[{"not_picked":["Anger","True Grit"],"picked":"Carnage","floor":1.0},{"not_picked":["Battle Trance","Iron Wave"],"picked":"Infernal Blade","floor":2.0},{"not_picked":["Havoc","Disarm","Sever Soul"],"picked":"SKIP","floor":5},{"not_picked":["Perfected Strike","Intimidate"],"picked":"Offering","floor":7},{"not_picked":["Combust","Anger","True Grit"],"picked":"SKIP","floor":13},{"not_picked":["Cleave","Armaments"],"picked":"Clothesline","floor":14},{"not_picked":["Exhume","Barricade"],"picked":"Berserk","floor":16},{"not_picked":["Headbutt","Rupture"],"picked":"Iron Wave","floor":18},{"not_picked":["Wild Strike","Anger","Clash"],"picked":"SKIP","floor":21},{"not_picked":["Headbutt","Dark Embrace+1"],"picked":"Infernal Blade","floor":22}],"player_experience":224687,"relics_obtained":[{"floor":7,"key":"Sundial"},{"floor":9,"key":"Boot"},{"floor":11,"key":"Bronze Scales"},{"floor":19,"key":"Nilry\u0027s Codex"},{"floor":20,"key":"Strawberry"}],"event_choices":[{"damage_healed":0,"gold_gain":0,"player_choice":"Fled","damage_taken":0,"max_hp_gain":0,"max_hp_loss":0,"event_name":"Scrap Ooze","floor":3,"gold_loss":0},{"damage_healed":0,"gold_gain":0,"player_choice":"Rummage","damage_taken":0,"relics_obtained":["WarpedTongs"],"max_hp_gain":0,"max_hp_loss":0,"event_name":"Accursed Blacksmith","floor":4,"gold_loss":0,"cards_obtained":["Pain"]},{"damage_healed":0,"gold_gain":0,"player_choice":"Obtained Book","damage_taken":16,"max_hp_gain":0,"max_hp_loss":0,"event_name":"Cursed Tome","floor":19,"gold_loss":0}],"is_beta":false,"boss_relics":[{"not_picked":["Ectoplasm","Fusion Hammer"],"picked":"Empty Cage"}],"items_purged_floors":[10],"is_endless":false,"potions_floor_spawned":[1,5,13,18],"killed_by":"Slavers","ascension_level":3}}