{"host":"t5s60ss6drvva5tc","time":1610058129,"event":{"mods":["BaseMod","Colored Map","Colored Powertips","Minty Spire (QoL Compilation)"],"gold_per_floor":[116,116,116,291,291,326,340,4,4,4,16,29,29,45,45,45,45],"floor_reached":16,"playtime":822,"items_purged":[],"score":125,"play_id":"be787ccf-02fb-4da2-8d8a-678aef02b282","local_time":"20210108012209","is_ascension_mode":false,"campfire_choices":[{"data":"Adrenaline","floor":13,"key":"SMITH"},{"floor":15,"key":"REST"}],"circlet_count":0,"master_deck":["Strike_G+1","Strike_G+1","Strike_G","Strike_G","Defend_G","Defend_G","Defend_G","Defend_G","Survivor","Neutralize","Outmaneuver","Doubt","Unload","Flying Knee","Adrenaline+1","Slice","Blade Dance+1"],"relics":["Ring of the Snake","NeowsBlessing","Anchor","Ornamental Fan","Toxic Egg 2"],"acts_visited":["Exordium"],"potions_floor_usage":[16,16,16],"damage_taken":[{"damage":0,"enemies":"2 Louse","floor":1,"turns":1},{"damage":0,"enemies":"Lagavulin","floor":6,"turns":1},{"damage":0,"enemies":"Small Slimes","floor":7,"turns":1},{"damage":0,"enemies":"Jaw Worm","floor":11,"turns":3},{"damage":3,"enemies":"Exordium Thugs","floor":12,"turns":4},{"damage":0,"enemies":"Looter","floor":14,"turns":2},{"damage":73,"enemies":"Slime Boss","floor":16,"turns":13}],"seed_played":"-4584192381128275326","potions_obtained":[{"floor":1,"key":"ColorlessPotion"},{"floor":11,"key":"LiquidMemories"},{"floor":12,"key":"EssenceOfSteel"}],"is_trial":false,"path_per_floor":["M","?","?","?","?","E","M","$","T","$","M","M","R","M","R","B"],"character_chosen":"THE_SILENT","items_purchased":["Adrenaline","Ornamental Fan"],"campfire_rested":1,"item_purchase_floors":[8,8],"current_hp_per_floor":[70,63,63,63,49,49,49,49,49,49,49,46,46,46,67,0,0],"gold":45,"neow_bonus":"THREE_ENEMY_KILL","is_daily":false,"chose_seed":false,"campfire_upgraded":1,"win_rate":0.0,"timestamp":1610058129,"path_taken":["M","?","?","?","?","E","?","$","T","?","M","M","R","M","R","BOSS"],"items_purchased_type":["Card","Relic"],"build_version":"2020-12-22","purchased_purges":0,"victory":false,"max_hp_per_floor":[70,70,70,70,70,70,70,70,70,70,70,70,70,70,70,70,70],"card_choices":[{"not_picked":["Infinite Blades","Dodge and Roll"],"picked":"Outmaneuver","floor":1},{"not_picked":["Masterful Stab","Terror"],"picked":"Unload","floor":6},{"not_picked":["Noxious Fumes","Underhanded Strike"],"picked":"Flying Knee","floor":7},{"not_picked":["Sucker Punch","Bouncing Flask+1"],"picked":"Slice","floor":11},{"not_picked":["Underhanded Strike","Poisoned Stab"],"picked":"Blade Dance+1","floor":12},{"not_picked":["Glass Knife","Predator","Dagger Spray"],"picked":"SKIP","floor":14}],"player_experience":4098,"relics_obtained":[{"floor":6,"key":"Anchor"},{"floor":9,"key":"Toxic Egg 2"}],"event_choices":[{"cards_removed":["Strike_G"],"damage_healed":0,"gold_gain":0,"player_choice":"Card Removal","damage_taken":7,"max_hp_gain":0,"max_hp_loss":0,"event_name":"Golden Wing","floor":2,"gold_loss":0},{"cards_removed":["Defend_G"],"damage_healed":0,"gold_gain":0,"player_choice":"Forget","damage_taken":0,"max_hp_gain":0,"max_hp_loss":0,"event_name":"Living Wall","floor":3,"gold_loss":0},{"damage_healed":0,"gold_gain":175,"player_choice":"AGREE","damage_taken":0,"max_hp_gain":0,"max_hp_loss":0,"event_name":"Liars Game","floor":4,"gold_loss":0,"cards_obtained":["Doubt"]},{"damage_healed":0,"gold_gain":0,"player_choice":"Entered Light","damage_taken":14,"max_hp_gain":0,"max_hp_loss":0,"event_name":"Shining Light","floor":5,"gold_loss":0,"cards_upgraded":["Strike_G","Strike_G"]}],"is_beta":false,"boss_relics":[],"items_purged_floors":[],"is_endless":false,"potions_floor_spawned":[1,11,12,14],"killed_by":"Slime Boss","ascension_level":0}}