{"host":"0mk07bycsqo1qk03","time":1610037735,"event":{"mods":["BaseMod","Bestiary","Downfall","Hermit","Hubris","Minty Spire (QoL Compilation)","Replay The Spire","StSLib","The Cursed","The Servant 0.9.4"],"gold_per_floor":[116,130,130,130,140,172,182,182,182],"floor_reached":8,"playtime":231,"items_purged":[],"score":84,"play_id":"4a43bf9e-70d5-4bc8-a8af-6579374303bb","local_time":"20210107174215","is_ascension_mode":true,"campfire_choices":[],"circlet_count":0,"master_deck":["hermit:Strike_Hermit","hermit:Strike_Hermit","hermit:Strike_Hermit","hermit:Defend_Hermit","hermit:Defend_Hermit","hermit:Defend_Hermit","hermit:Snapshot","hermit:Covet","hermit:BlackWind","hermit:Feint","hermit:Combo","hermit:Feint"],"relics":["hermit:Momento","Golden Egg"],"acts_visited":["Exordium"],"potions_floor_usage":[],"damage_taken":[{"damage":5,"enemies":"2 Louse","floor":1,"turns":3},{"damage":0,"enemies":"Cultist","floor":2,"turns":2},{"damage":0,"enemies":"Jaw Worm","floor":5,"turns":1},{"damage":16,"enemies":"Replay:BlueRogue","floor":6,"turns":5},{"damage":11,"enemies":"2 Fungi Beasts","floor":7,"turns":4},{"damage":13,"enemies":"Lagavulin","floor":8,"turns":2}],"seed_played":"-4742282456603949956","potions_obtained":[{"floor":1,"key":"SteroidPotion"}],"is_trial":false,"path_per_floor":["M","M","?","?","M","E","M","E"],"character_chosen":"HERMIT","items_purchased":[],"campfire_rested":0,"item_purchase_floors":[],"current_hp_per_floor":[45,45,38,38,38,22,11,0,0],"gold":182,"neow_bonus":"THREE_RARE_CARDS","is_daily":false,"chose_seed":false,"campfire_upgraded":0,"win_rate":0.0,"timestamp":1610037735,"path_taken":["M","M","?","?","?","E","M","E"],"items_purchased_type":[],"build_version":"2020-12-22","purchased_purges":0,"victory":false,"max_hp_per_floor":[75,75,75,75,75,75,75,75,75],"card_choices":[{"not_picked":["hermit:Roughhouse","hermit:FatalDesire"],"picked":"hermit:BlackWind","floor":0},{"not_picked":["hermit:Malice","hermit:Roulette"],"picked":"hermit:Feint","floor":1},{"not_picked":["hermit:CalledShot","hermit:Grudge","hermit:HoleUp"],"picked":"SKIP","floor":2},{"not_picked":["hermit:Brawl","hermit:EyeOfTheStorm"],"picked":"hermit:Combo","floor":5},{"not_picked":["hermit:Vantage","hermit:CalledShot"],"picked":"hermit:Feint","floor":6},{"not_picked":["hermit:NoHoldsBarred","hermit:SprayPray","hermit:Vantage"],"picked":"SKIP","floor":7}],"player_experience":850675,"relics_obtained":[{"floor":6,"key":"Golden Egg"}],"event_choices":[{"cards_removed":["hermit:Defend_Hermit"],"damage_healed":0,"gold_gain":0,"player_choice":"Card Removal","damage_taken":7,"max_hp_gain":0,"max_hp_loss":0,"event_name":"Golden Wing","floor":3,"gold_loss":0},{"cards_removed":["hermit:Strike_Hermit"],"damage_healed":0,"gold_gain":0,"player_choice":"Purged","damage_taken":0,"max_hp_gain":0,"max_hp_loss":0,"event_name":"Purifier","floor":4,"gold_loss":0}],"is_beta":false,"boss_relics":[],"items_purged_floors":[],"is_endless":false,"potions_floor_spawned":[1],"killed_by":"Lagavulin","ascension_level":9}}