{"host":"ig7tc0uedzltt2sr","time":1610000885,"event":{"mods":["BaseMod","Better Twitch Integration","Block Reminder","Colored Map","Colored Powertips","Communication Mod","Current Relic Mod","GifTheSpireLib","HexUI Lib","Minty Spire (QoL Compilation)","Quick Restart","Random Character Button","Rare Cards Sparkle","Relic Sorter","Relic Stats","Slay the Relics Exporter","StSLib","SuperFastMode","Synergy Search","Twitch Decklist","Twitch Utils","everything is the same but u backflip on backflip","slay the spire mod where everything is the same but ironclad has a cowboy hat"],"gold_per_floor":[111,129,145,64,82,82,82],"floor_reached":6,"playtime":83,"items_purged":[],"score":38,"play_id":"5dd92745-2644-41ab-929b-bd2107a179f2","local_time":"20210106222805","is_ascension_mode":false,"campfire_choices":[],"circlet_count":0,"master_deck":["Strike_R","Strike_R","Strike_R","Strike_R","Strike_R","Defend_R","Defend_R","Defend_R","Defend_R","Bash","Seeing Red","Thunderclap","Metallicize","Rage","True Grit"],"relics":["Burning Blood"],"acts_visited":["Exordium"],"potions_floor_usage":[],"damage_taken":[{"damage":2,"enemies":"2 Louse","floor":1,"turns":8},{"damage":2,"enemies":"Small Slimes","floor":2,"turns":8},{"damage":0,"enemies":"Cultist","floor":3,"turns":5},{"damage":0,"enemies":"3 Louse","floor":5,"turns":1},{"damage":100,"enemies":"Gremlin Nob","floor":6,"turns":6}],"seed_played":"-984301555072411108","potions_obtained":[{"floor":2,"key":"ColorlessPotion"},{"floor":3,"key":"Explosive Potion"}],"is_trial":false,"path_per_floor":["M","M","M","$","M","E"],"character_chosen":"IRONCLAD","items_purchased":["Rage"],"campfire_rested":0,"item_purchase_floors":[4],"current_hp_per_floor":[88,88,88,88,88,0,0],"gold":82,"neow_bonus":"TEN_PERCENT_HP_BONUS","is_daily":false,"chose_seed":false,"campfire_upgraded":0,"win_rate":0.0,"timestamp":1610000885,"path_taken":["M","M","M","$","M","E"],"items_purchased_type":["Card"],"build_version":"2020-12-22","purchased_purges":0,"victory":false,"max_hp_per_floor":[88,88,88,88,88,88,88],"relic_stats":{"counters":[5,28],"obtain_stats":[{"Burning Blood":0},{"Burning Blood":0},{"Burning Blood":0}],"Burning Blood":4},"card_choices":[{"not_picked":["Warcry","Sentinel"],"picked":"Seeing Red","floor":1},{"not_picked":["Iron Wave","True Grit"],"picked":"Thunderclap","floor":2},{"not_picked":["Warcry","Searing Blow"],"picked":"Metallicize","floor":3},{"not_picked":["Havoc","Clothesline"],"picked":"True Grit","floor":5}],"player_experience":1450450,"relics_obtained":[],"event_choices":[],"is_beta":false,"boss_relics":[],"items_purged_floors":[],"is_endless":false,"potions_floor_spawned":[2,3],"killed_by":"Gremlin Nob","ascension_level":0}}