{"host":"nqsrckqog5ia9mbo","time":1610050107,"event":{"mods":["AchievementEnabler","BaseMod","Colored Map","Highlight Path","Minty Spire (QoL Compilation)"],"gold_per_floor":[115,133,35,35,12,40,55,79,102,102,117,44,44,64,64,169,169,185,38,38,52,52,52,52,52],"floor_reached":24,"playtime":1099,"items_purged":[],"score":332,"play_id":"2da6788c-cab7-4468-9392-d855a4a92ed1","local_time":"20210107210827","is_ascension_mode":true,"campfire_choices":[{"data":"Armaments","floor":10,"key":"SMITH"},{"data":"Heavy Blade","floor":13,"key":"SMITH"},{"data":"Bash","floor":15,"key":"SMITH"},{"floor":23,"key":"REST"}],"circlet_count":0,"master_deck":["Strike_R","Strike_R","Strike_R","Strike_R","Strike_R","Defend_R","Defend_R","Defend_R","Defend_R","Bash+1","Spot Weakness","Pommel Strike","Heavy Blade+1","Spot Weakness","Armaments+1","Offering","Cleave","Iron Wave","Spot Weakness","Seeing Red","Shrug It Off+1","True Grit","Flex"],"relics":["Burning Blood","Oddly Smooth Stone","Odd Mushroom","Smiling Mask","Philosopher\u0027s Stone","Orrery"],"acts_visited":["Exordium","TheCity"],"potions_floor_usage":[6,7,16],"damage_taken":[{"damage":0,"enemies":"2 Louse","floor":1,"turns":2},{"damage":1,"enemies":"Small Slimes","floor":2,"turns":4},{"damage":24,"enemies":"Gremlin Nob","floor":6,"turns":4},{"damage":6,"enemies":"Jaw Worm","floor":7,"turns":5},{"damage":16,"enemies":"The Mushroom Lair","floor":8,"turns":4},{"damage":0,"enemies":"Exordium Wildlife","floor":11,"turns":3},{"damage":15,"enemies":"Gremlin Gang","floor":14,"turns":3},{"damage":6,"enemies":"Slime Boss","floor":16,"turns":7},{"damage":14,"enemies":"Chosen","floor":18,"turns":3},{"damage":26,"enemies":"Spheric Guardian","floor":20,"turns":5},{"damage":52,"enemies":"Snake Plant","floor":21,"turns":6},{"damage":52,"enemies":"Slavers","floor":24,"turns":3}],"seed_played":"-1514511852933640663","potions_obtained":[{"floor":1,"key":"Energy Potion"},{"floor":2,"key":"Block Potion"},{"floor":6,"key":"Strength Potion"},{"floor":14,"key":"FairyPotion"}],"is_trial":false,"path_per_floor":["M","M","$","?","$","E","M","?","T","R","M","$","R","M","R","B",null,"M","$","M","M","?","R","E"],"character_chosen":"IRONCLAD","items_purchased":["Heavy Blade","Spot Weakness","Armaments","Seeing Red","Orrery"],"campfire_rested":1,"item_purchase_floors":[3,3,5,12,19],"current_hp_per_floor":[86,88,88,88,88,70,70,60,60,60,66,66,66,57,57,57,80,72,72,52,32,24,50,0,0],"gold":52,"neow_bonus":"TEN_PERCENT_HP_BONUS","is_daily":false,"chose_seed":false,"campfire_upgraded":3,"win_rate":0.0,"timestamp":1610050107,"path_taken":["M","M","$","?","$","E","M","?","T","R","M","?","R","?","R","BOSS","M","$","?","M","?","R","E"],"items_purchased_type":["Card","Card","Card","Card","Relic"],"build_version":"2020-12-22","purchased_purges":0,"victory":false,"max_hp_per_floor":[88,88,88,88,88,88,88,88,88,88,88,88,88,88,88,88,88,88,88,88,88,88,88,88,88],"card_choices":[{"not_picked":["Reckless Charge","Intimidate"],"picked":"Spot Weakness","floor":1},{"not_picked":["Wild Strike","Shrug It Off"],"picked":"Pommel Strike","floor":2},{"not_picked":["Headbutt","Sentinel"],"picked":"Offering","floor":6},{"not_picked":["Combust","Seeing Red"],"picked":"Cleave","floor":7},{"not_picked":["Headbutt","Feel No Pain"],"picked":"Iron Wave","floor":8},{"not_picked":["Wild Strike","Warcry"],"picked":"Spot Weakness","floor":11},{"not_picked":["Hemokinesis","Sever Soul","Clothesline"],"picked":"SKIP","floor":14},{"not_picked":["Body Slam+1","Anger","Rupture"],"picked":"SKIP","floor":18},{"not_picked":["Armaments","Rupture"],"picked":"Shrug It Off+1","floor":19},{"not_picked":["Sword Boomerang","Entrench"],"picked":"True Grit","floor":19},{"not_picked":["Shockwave+1","Second Wind+1"],"picked":"Flex","floor":20},{"not_picked":["Warcry","Headbutt","Clothesline+1"],"picked":"SKIP","floor":21}],"player_experience":164594,"relics_obtained":[{"floor":6,"key":"Oddly Smooth Stone"},{"floor":8,"key":"Odd Mushroom"},{"floor":9,"key":"Smiling Mask"}],"event_choices":[{"damage_healed":0,"gold_gain":0,"player_choice":"Leave","damage_taken":0,"max_hp_gain":0,"max_hp_loss":0,"event_name":"The Cleric","floor":4,"gold_loss":0},{"damage_healed":0,"gold_gain":0,"player_choice":"Fought Mushrooms","damage_taken":0,"max_hp_gain":0,"max_hp_loss":0,"event_name":"Mushrooms","floor":8,"gold_loss":0},{"damage_healed":0,"gold_gain":0,"player_choice":"Damaged","damage_taken":8,"max_hp_gain":0,"max_hp_loss":0,"event_name":"Wheel of Change","floor":22,"gold_loss":0}],"is_beta":false,"boss_relics":[{"not_picked":["Ectoplasm","Fusion Hammer"],"picked":"Philosopher\u0027s Stone"}],"items_purged_floors":[],"is_endless":false,"potions_floor_spawned":[1,2,6,14,20],"killed_by":"Slavers","ascension_level":7}}