{"host":"h2zaclyrd1q1i31f","time":1610061368,"event":{"mods":["BaseMod","Colored Map","Downfall","Hermit","Minty Spire (QoL Compilation)","Permanent Neow","StSLib","SuperFastMode","The Hierophant","The Mystic"],"gold_per_floor":[110,110,126,145,70,70,70,70,95,122,149,177,177,195,195,291,291,309,309,328,71,71,71,22,22,48,63,63,82,112,112,112,112,112],"floor_reached":33,"playtime":1116,"items_purged":["Strike_R","Strike_R"],"score":296,"play_id":"6bddc255-6ae7-4e52-8e5f-afcc80a26380","local_time":"20210107171608","is_ascension_mode":false,"campfire_choices":[{"data":"Uppercut","floor":6,"key":"SMITH"},{"data":"Bash","floor":8,"key":"SMITH"},{"data":"Spot Weakness","floor":13,"key":"SMITH"},{"floor":15,"key":"RECALL"},{"data":"Fiend Fire","floor":23,"key":"SMITH"},{"data":"Shrug It Off","floor":25,"key":"SMITH"},{"data":"Impervious","floor":28,"key":"SMITH"},{"data":"Flame Barrier","floor":32,"key":"SMITH"}],"circlet_count":0,"master_deck":["Strike_R+1","Strike_R+1","Strike_R+1","Defend_R+1","Defend_R+1","Defend_R+1","Defend_R+1","Bash+1","Pommel Strike","Disarm","Uppercut+1","Shrug It Off+1","Spot Weakness+1","Reaper","Fiend Fire+1","Twin Strike","Impervious+1","Body Slam+1","Flame Barrier+1"],"relics":["Burning Blood","HornCleat","Omamori","Meat on the Bone","Black Star","Nloth\u0027s Gift","Oddly Smooth Stone","Pen Nib","Anchor","Bag of Marbles","Potion Belt"],"acts_visited":["TheCity"],"potions_floor_usage":[10,12,20,27,29,33,33,33],"damage_taken":[{"damage":10,"enemies":"Small Slimes","floor":1,"turns":4},{"damage":11,"enemies":"Jaw Worm","floor":3,"turns":4},{"damage":1,"enemies":"Cultist","floor":4,"turns":3},{"damage":15,"enemies":"3 Sentries","floor":10,"turns":9},{"damage":0,"enemies":"Gremlin Nob","floor":12,"turns":3},{"damage":14,"enemies":"Lots of Slimes","floor":14,"turns":6},{"damage":13,"enemies":"Hexaghost","floor":16,"turns":9},{"damage":20,"enemies":"Shell Parasite","floor":18,"turns":7},{"damage":9,"enemies":"Chosen","floor":20,"turns":6},{"damage":14,"enemies":"Centurion and Healer","floor":27,"turns":8},{"damage":11,"enemies":"Cultist and Chosen","floor":29,"turns":6},{"damage":26,"enemies":"Book of Stabbing","floor":30,"turns":6},{"damage":74,"enemies":"Automaton","floor":33,"turns":12}],"seed_played":"5339696493542450970","potions_obtained":[{"floor":1,"key":"DuplicationPotion"},{"floor":4,"key":"Dexterity Potion"},{"floor":10,"key":"DistilledChaos"},{"floor":16,"key":"Energy Potion"},{"floor":18,"key":"Ancient Potion"},{"floor":29,"key":"PowerPotion"},{"floor":30,"key":"Guardian:BlockOnCardUsePotion"}],"is_trial":false,"path_per_floor":["M","?","M","M","$","R","$","R","T","E","T","E","R","M","R","B",null,"M","?","M","$","?","R","$","R","T","M","R","M","E","?","R","B"],"character_chosen":"IRONCLAD","items_purchased":["Oddly Smooth Stone","Explosive Potion"],"campfire_rested":0,"item_purchase_floors":[21,24],"current_hp_per_floor":[76,69,64,69,69,69,69,69,69,60,60,66,66,58,58,51,80,66,66,69,69,69,69,69,69,69,72,72,75,55,55,55,0,0],"gold":112,"neow_bonus":"ONE_RARE_RELIC","is_daily":false,"chose_seed":false,"campfire_upgraded":7,"win_rate":0.0,"timestamp":1610061368,"path_taken":["M","?","M","M","$","R","$","R","T","E","?","E","R","M","R","BOSS","M","?","?","$","?","R","$","R","T","M","R","M","E","?","R","BOSS"],"items_purchased_type":["Relic","Potion"],"build_version":"2020-12-22","purchased_purges":2,"victory":false,"max_hp_per_floor":[80,80,80,80,80,80,80,80,80,80,80,80,80,80,80,80,80,80,80,80,80,80,80,80,80,80,80,80,80,80,80,80,80,80],"card_choices":[{"not_picked":["Wild Strike","Rupture"],"picked":"Pommel Strike","floor":1},{"not_picked":["Battle Trance","Wild Strike","Flex"],"picked":"SKIP","floor":1},{"not_picked":["Warcry","True Grit"],"picked":"Disarm","floor":3},{"not_picked":["Battle Trance","Iron Wave","Thunderclap"],"picked":"SKIP","floor":3},{"not_picked":["Body Slam","Wild Strike"],"picked":"Uppercut","floor":4},{"not_picked":["Thunderclap","Demon Form","Perfected Strike"],"picked":"SKIP","floor":4},{"not_picked":["Wild Strike","Clothesline"],"picked":"Shrug It Off","floor":10},{"not_picked":["Fire Breathing","Wild Strike"],"picked":"Spot Weakness","floor":12},{"not_picked":["Perfected Strike","Sentinel"],"picked":"Reaper","floor":14},{"not_picked":["Disarm","True Grit","Spot Weakness"],"picked":"SKIP","floor":14},{"not_picked":["Berserk","Feed"],"picked":"Fiend Fire","floor":16},{"not_picked":["Carnage+1","Armaments"],"picked":"Twin Strike","floor":18},{"not_picked":["Perfected Strike","Armaments","Shrug It Off"],"picked":"SKIP","floor":18},{"not_picked":["Thunderclap","Clothesline","Entrench"],"picked":"SKIP","floor":20},{"not_picked":["Twin Strike","Clothesline"],"picked":"Impervious","floor":27},{"not_picked":["Limit Break","Perfected Strike"],"picked":"Body Slam+1","floor":29},{"not_picked":["Heavy Blade","Cleave"],"picked":"Flame Barrier","floor":30}],"player_experience":146362,"relics_obtained":[{"floor":10,"key":"HornCleat"},{"floor":11,"key":"Omamori"},{"floor":12,"key":"Meat on the Bone"},{"floor":26,"key":"Anchor"},{"floor":30,"key":"Bag of Marbles"},{"floor":30,"key":"Potion Belt"}],"event_choices":[{"cards_removed":["Regret"],"damage_healed":0,"gold_gain":0,"player_choice":"Card Removal","damage_taken":7,"max_hp_gain":0,"max_hp_loss":0,"event_name":"Golden Wing","floor":2,"gold_loss":0},{"damage_healed":0,"gold_gain":0,"player_choice":"Traded Relic","damage_taken":0,"relics_obtained":["Nloth\u0027s Gift"],"max_hp_gain":0,"max_hp_loss":0,"event_name":"N\u0027loth","floor":19,"relics_lost":["Prayer Wheel"],"gold_loss":0},{"damage_healed":0,"gold_gain":0,"player_choice":"Opened","damage_taken":0,"relics_obtained":["Pen Nib"],"max_hp_gain":0,"max_hp_loss":0,"event_name":"The Mausoleum","floor":22,"gold_loss":0},{"damage_healed":0,"gold_gain":0,"player_choice":"Simplicity","damage_taken":0,"max_hp_gain":0,"max_hp_loss":0,"event_name":"Back to Basics","floor":31,"gold_loss":0,"cards_upgraded":["Strike_R","Strike_R","Strike_R","Defend_R","Defend_R","Defend_R","Defend_R"]}],"is_beta":false,"boss_relics":[{"not_picked":["Sozu","Astrolabe"],"picked":"Black Star"}],"items_purged_floors":[5,21],"is_endless":false,"potions_floor_spawned":[1,4,10,16,18,29,30],"killed_by":"Automaton","ascension_level":0}}