{"host":"dl7h25vjpuplx29g","time":1610022681,"event":{"mods":["BaseMod","Colored Map","Minty Spire (QoL Compilation)"],"gold_per_floor":[118,137,137,149,162,162,193,17,17,28,59,59,59,117,117,208,208,229,253,8,39,39,39,53,78,78,78,78,203,203,203,203,292,292,308,92,92,92,92,92,131,131,157,157,200,220,255,276,276,276,276,276,100,136,136],"floor_reached":56,"playtime":9956,"items_purged":["Strike_G","Strike_G","Strike_G"],"score":1987,"play_id":"c73296e0-4e12-4b3e-8270-5cb62b8e4b42","local_time":"20210107213121","is_ascension_mode":true,"campfire_choices":[{"data":"Predator","floor":6.0,"key":"SMITH"},{"floor":12.0,"key":"REST"},{"floor":15.0,"key":"REST"},{"floor":23.0,"key":"REST"},{"data":"Noxious Fumes","floor":28.0,"key":"SMITH"},{"data":"Adrenaline","floor":30,"key":"SMITH"},{"data":"Tactician","floor":32,"key":"SMITH"},{"data":"Malaise","floor":40,"key":"SMITH"},{"data":"Catalyst","floor":42,"key":"SMITH"},{"floor":44,"key":"RECALL"},{"data":"Neutralize","floor":49,"key":"SMITH"},{"data":"Bouncing Flask","floor":52,"key":"SMITH"}],"circlet_count":0,"master_deck":["AscendersBane","Defend_G","Defend_G","Defend_G","Defend_G","Survivor+1","Neutralize+1","Predator+1","Predator","Deflect+1","PiercingWail","Dagger Throw","Noxious Fumes+1","Backflip","Backflip","Poisoned Stab","Adrenaline+1","Flechettes+1","Calculated Gamble+1","Deflect+1","Acrobatics","Backflip","Venomology","Malaise+1","Terror+1","Tactician+1","Corpse Explosion","Catalyst+1","Panache","Chrysalis","Adrenaline+1","Catalyst+1","Backflip+1","Endless Agony+1","Bouncing Flask+1","Infinite Blades"],"relics":["Ring of the Snake","Pantograph","Gambling Chip","Torii","Golden Idol","Astrolabe","Snake Skull","Red Mask","Akabeko","Dead Branch","The Courier","HoveringKite","Chemical X","War Paint","Boot","Sundial","Happy Flower","Vajra"],"acts_visited":["Exordium","TheCity","TheBeyond","TheEnding"],"potions_floor_usage":[33,33,33,35,41,46,47,48,50,54,55,55,55],"damage_taken":[{"damage":0.0,"enemies":"Cultist","floor":1.0,"turns":4.0},{"damage":0.0,"enemies":"2 Louse","floor":2.0,"turns":2.0},{"damage":4.0,"enemies":"Jaw Worm","floor":4.0,"turns":3.0},{"damage":4.0,"enemies":"Red Slaver","floor":5.0,"turns":4.0},{"damage":25.0,"enemies":"3 Sentries","floor":7.0,"turns":10.0},{"damage":0.0,"enemies":"Blue Slaver","floor":10.0,"turns":5.0},{"damage":30.0,"enemies":"Gremlin Nob","floor":11.0,"turns":4.0},{"damage":44.0,"enemies":"Slime Boss","floor":16.0,"turns":9.0},{"damage":18.0,"enemies":"Shell Parasite","floor":18.0,"turns":6.0},{"damage":9.0,"enemies":"Spheric Guardian","floor":19.0,"turns":6.0},{"damage":13.0,"enemies":"Masked Bandits","floor":21.0,"turns":5.0},{"damage":13.0,"enemies":"Chosen and Byrds","floor":24.0,"turns":4.0},{"damage":3.0,"enemies":"Snecko","floor":25.0,"turns":5.0},{"damage":1,"enemies":"Colosseum Slavers","floor":29,"turns":5},{"damage":1,"enemies":"Colosseum Nobs","floor":29,"turns":8},{"damage":29,"enemies":"Automaton","floor":33,"turns":11},{"damage":0,"enemies":"3 Shapes","floor":35,"turns":2},{"damage":1,"enemies":"Reptomancer","floor":41,"turns":5},{"damage":11,"enemies":"Nemesis","floor":45,"turns":5},{"damage":0,"enemies":"Orb Walker","floor":46,"turns":2},{"damage":0,"enemies":"Reptomancer","floor":47,"turns":2},{"damage":0,"enemies":"Jaw Worm Horde","floor":48,"turns":2},{"damage":27,"enemies":"Awakened One","floor":50,"turns":12},{"damage":10,"enemies":"Shield and Spear","floor":54,"turns":6},{"damage":62,"enemies":"The Heart","floor":55,"turns":5}],"seed_played":"-3962227497386342795","potions_obtained":[{"floor":1.0,"key":"SkillPotion"},{"floor":3.0,"key":"EntropicBrew"},{"floor":16.0,"key":"SteroidPotion"},{"floor":21.0,"key":"Ancient Potion"},{"floor":25.0,"key":"Fire Potion"},{"floor":29,"key":"EntropicBrew"},{"floor":54,"key":"Swift Potion"}],"is_trial":false,"path_per_floor":["M","M","?","M","M","R","E","$","T","M","E","R","?","?","R","B",null,"M","M","$","?","?","R","M","M","T","$","R","?","R","?","R","B",null,"M","$","?","?","$","R","E","R","T","R","E","M","E","M","R","B",null,"R","$","E","B",null],"character_chosen":"THE_SILENT","items_purchased":["Noxious Fumes","Backflip","Snake Skull","Chemical X","Infinite Blades","Happy Flower"],"campfire_rested":3,"item_purchase_floors":[8,8,20,36,53,53],"current_hp_per_floor":[65,65,65,61,57,57,32,32,32,32,2,23,23,23,42,21,54,36,27,27,14,14,33,20,31,31,31,31,29,29,29,29,25,55,55,55,50,50,50,50,63,63,63,63,52,52,52,52,52,38,58,58,58,59,3],"gold":136,"neow_bonus":"TEN_PERCENT_HP_BONUS","is_daily":false,"chose_seed":false,"campfire_upgraded":8,"win_rate":0.0,"timestamp":1610022681,"path_taken":["M","?","?","M","?","R","E","?","T","M","E","R","?","?","R","BOSS","M","M","$","?","?","R","?","M","T","$","R","?","R","?","R","BOSS","M","$","?","?","$","R","E","R","T","R","E","M","E","?","R","BOSS","R","$","E","BOSS"],"items_purchased_type":["Card","Card","Relic","Relic","Card","Relic"],"build_version":"2020-12-22","purchased_purges":3,"victory":true,"max_hp_per_floor":[72,72,72,72,72,72,72,72,72,72,72,72,65,65,65,65,65,65,65,65,65,65,65,65,65,65,65,65,65,65,65,65,65,65,65,65,65,65,65,65,65,65,65,65,65,65,65,65,65,65,65,65,65,65,65],"card_choices":[{"not_picked":["All Out Attack","Tactician"],"picked":"Predator","floor":1.0},{"not_picked":["Quick Slash","Concentrate"],"picked":"Predator","floor":2.0},{"not_picked":["Dodge and Roll","Sucker Punch"],"picked":"Deflect","floor":4.0},{"not_picked":["Blur","Sucker Punch"],"picked":"PiercingWail","floor":5.0},{"not_picked":["Flechettes","Deflect"],"picked":"Dagger Throw","floor":7.0},{"not_picked":["Deadly Poison","Slice"],"picked":"Backflip","floor":10.0},{"not_picked":["Dodge and Roll","A Thousand Cuts"],"picked":"Poisoned Stab","floor":11.0},{"not_picked":["Die Die Die","Grand Finale"],"picked":"Adrenaline","floor":16.0},{"not_picked":["Dagger Spray","Underhanded Strike","Bane"],"picked":"SKIP","floor":18.0},{"not_picked":["Poisoned Stab+1","Underhanded Strike"],"picked":"Acrobatics","floor":19.0},{"not_picked":["Dagger Spray","Dodge and Roll"],"picked":"Backflip","floor":21.0},{"not_picked":["Bouncing Flask","Slice"],"picked":"Malaise","floor":24.0},{"not_picked":["Cloak And Dagger","Sucker Punch"],"picked":"Terror+1","floor":25.0},{"not_picked":["Acrobatics+1","Backflip+1"],"picked":"Tactician","floor":29},{"not_picked":["Night Terror","Venomology"],"picked":"Corpse Explosion","floor":33},{"not_picked":["Heel Hook","PiercingWail"],"picked":"Catalyst","floor":35},{"not_picked":["Blind","Dark Shackles"],"picked":"Panache","floor":37},{"not_picked":["Secret Technique","Thinking Ahead"],"picked":"Chrysalis","floor":37},{"not_picked":["Dagger Throw","Backflip"],"picked":"Catalyst+1","floor":41},{"not_picked":["Choke","Finisher"],"picked":"Backflip+1","floor":45},{"not_picked":["Flechettes","Choke"],"picked":"Endless Agony+1","floor":46},{"not_picked":["Blur+1","Backflip"],"picked":"Bouncing Flask","floor":47},{"not_picked":["Outmaneuver","PiercingWail","Acrobatics"],"picked":"SKIP","floor":48},{"not_picked":["Heel Hook+1","PiercingWail+1","Backflip"],"picked":"SKIP","floor":54}],"player_experience":1514665,"relics_obtained":[{"floor":7.0,"key":"Pantograph"},{"floor":9.0,"key":"Gambling Chip"},{"floor":11.0,"key":"Torii"},{"floor":21.0,"key":"Red Mask"},{"floor":26.0,"key":"Akabeko"},{"floor":29,"key":"Dead Branch"},{"floor":29,"key":"The Courier"},{"floor":41,"key":"War Paint"},{"floor":45,"key":"Boot"},{"floor":47,"key":"Sundial"},{"floor":54,"key":"Vajra"}],"event_choices":[{"damage_healed":0.0,"max_hp_gain":0.0,"max_hp_loss":0.0,"gold_gain":0.0,"event_name":"Lab","player_choice":"Got Potions","floor":3.0,"gold_loss":0.0,"damage_taken":0.0},{"damage_healed":0.0,"max_hp_gain":0.0,"max_hp_loss":7.0,"gold_gain":0.0,"event_name":"Golden Idol","player_choice":"Lose Max HP","floor":13.0,"gold_loss":0.0,"damage_taken":0.0,"relics_obtained":["Golden Idol"]},{"damage_healed":0.0,"max_hp_gain":0.0,"max_hp_loss":0.0,"gold_gain":58.0,"event_name":"Golden Wing","player_choice":"Gained Gold","floor":14.0,"gold_loss":0.0,"damage_taken":0.0},{"damage_healed":0.0,"max_hp_gain":0.0,"max_hp_loss":0.0,"gold_gain":0.0,"event_name":"Masked Bandits","player_choice":"Fought Bandits","floor":21.0,"gold_loss":0.0,"damage_taken":0.0},{"damage_healed":0.0,"max_hp_gain":0.0,"max_hp_loss":0.0,"gold_gain":0.0,"event_name":"Match and Keep!","player_choice":"1 cards matched","floor":22.0,"gold_loss":0.0,"damage_taken":0.0,"cards_obtained":["Venomology"]},{"damage_healed":0,"gold_gain":0,"player_choice":"Fight","damage_taken":0,"max_hp_gain":0,"max_hp_loss":0,"event_name":"Colosseum","floor":29,"gold_loss":0},{"damage_healed":0,"gold_gain":0,"player_choice":"Fought Nobs","damage_taken":0,"max_hp_gain":0,"max_hp_loss":0,"event_name":"Colosseum","floor":29,"gold_loss":0},{"damage_healed":0,"gold_gain":0,"player_choice":"Ignored","damage_taken":0,"max_hp_gain":0,"max_hp_loss":0,"event_name":"Vampires","floor":31,"gold_loss":0},{"damage_healed":0,"gold_gain":0,"player_choice":"Memory 2","damage_taken":5,"max_hp_gain":0,"max_hp_loss":0,"event_name":"SensoryStone","floor":37,"gold_loss":0},{"damage_healed":0,"gold_gain":0,"player_choice":"Copied","damage_taken":0,"max_hp_gain":0,"max_hp_loss":0,"event_name":"Duplicator","floor":38,"gold_loss":0,"cards_obtained":["Adrenaline"]}],"is_beta":false,"boss_relics":[{"not_picked":["SlaversCollar","Busted Crown"],"picked":"Astrolabe"},{"not_picked":["Pandora\u0027s Box","Calling Bell"],"picked":"HoveringKite"}],"items_purged_floors":[8,20,36],"is_endless":false,"potions_floor_spawned":[1,5,16,21,25,29,29,35,41,54],"ascension_level":15}}