{"host":"i9h64q9gphvrup4n","time":1610045342,"event":{"mods":["2.2 Compatiblity","AchievementEnabler","Aspiration","Astrologer","Bard","BaseMod","Beaked The Cultist","BetterRewards","Colored Powertips","Conspire","Downfall","Gremlin Mod","Hermit","Hubris","Infinite Spire","Jorbs\u0027s Wanderer Trilogy","Minty Spire (QoL Compilation)","Replay The Spire","Shop Mod","StSLib","SuperFastMode","The Blackbeard","The Bladedancer","The Bug Knight","The Construct","The Cursed","The Disciple","The Hierophant","The Jungle","The Necromancer","The Runesmith","The Wild Card","slay the spire mod where everything is the same but ironclad has a cowboy hat","vexMod"],"gold_per_floor":[111,126,126,140,156,156,1,14,14,48,67,85,85,112,112,207,207,223,239,239,239,254,283,283,9,61,73,88,88,88,107,107,203,203,220,230,242,242,242],"floor_reached":38,"playtime":2090,"items_purged":["construct:Defend_Gold"],"score":462,"play_id":"dc12d492-e458-4d31-85fd-516e2b4eaf15","local_time":"20210107124902","is_ascension_mode":false,"campfire_choices":[{"data":"construct:AttackMode","floor":6,"key":"SMITH"},{"floor":15,"key":"REST"},{"floor":24,"key":"REST"},{"floor":29,"key":"REST"},{"floor":32,"key":"REST"}],"circlet_count":0,"master_deck":["construct:Strike_Gold+1","construct:Strike_Gold","construct:Strike_Gold","construct:Strike_Gold","construct:Strike_Gold","construct:Defend_Gold","construct:Defend_Gold+1","construct:Defend_Gold","construct:Defend_Gold","construct:AttackMode+1","construct:DefenseMode","construct:Synchronize","construct:Isolate","construct:Boost","construct:SyphonStrike","construct:ForceCore","construct:ForceCore","construct:ShiftStrike","construct:HammerDown","construct:Boost","construct:Synchronize","construct:Boost","construct:OmegaCannon","construct:Tumble+1","construct:CriticalHit","construct:ForceCore","construct:PointDefense+1","construct:Meltdown","construct:ScopeCore+1","construct:Failsafe","construct:ClusterMines+1"],"relics":["construct:Cogwheel","NeowsBlessing","construct:MasterCore","Pen Nib","Lizard Tail","hubris:FruitBowl","aspiration:FrozenJewel","hubris:Backtick","Shuriken","hubris:Icosahedron","conspire:TopHat","vexMod:FocusSash","aspiration:FutureDiary"],"acts_visited":["Exordium","TheCity","TheBeyond"],"potions_floor_usage":[14,19,23,27,28,31,31,31,33],"damage_taken":[{"damage":0,"enemies":"Cultist","floor":1,"turns":1},{"damage":0,"enemies":"2 Louse","floor":2,"turns":1},{"damage":0,"enemies":"Jaw Worm","floor":4,"turns":1},{"damage":8,"enemies":"Gremlin Gang","floor":5,"turns":4},{"damage":0,"enemies":"Large Slime","floor":8,"turns":3},{"damage":12,"enemies":"Lagavulin","floor":10,"turns":5},{"damage":1,"enemies":"3 Louse","floor":11,"turns":3},{"damage":5,"enemies":"Exordium Wildlife","floor":12,"turns":3},{"damage":20,"enemies":"3 Sentries","floor":14,"turns":4},{"damage":0,"enemies":"Slime Boss","floor":16,"turns":6},{"damage":22,"enemies":"Spheric Guardian","floor":18,"turns":4},{"damage":16,"enemies":"3 Byrds","floor":19,"turns":4},{"damage":20,"enemies":"Snecko","floor":22,"turns":4},{"damage":25,"enemies":"Gremlin Leader","floor":23,"turns":5},{"damage":0,"enemies":"Centurion and Healer","floor":27,"turns":4},{"damage":9,"enemies":"Shelled Parasite and Fungi","floor":28,"turns":4},{"damage":13,"enemies":"Snecko","floor":31,"turns":3},{"damage":29,"enemies":"hubris:MusketHawk","floor":33,"turns":6},{"damage":14,"enemies":"3 Darklings","floor":35,"turns":4},{"damage":29,"enemies":"Orb Walker","floor":36,"turns":3},{"damage":31,"enemies":"Sphere and 2 Shapes","floor":37,"turns":5},{"damage":16,"enemies":"conspire:MimicChest","floor":38,"turns":2}],"seed_played":"6347310692474944666","potions_obtained":[{"floor":4,"key":"Doom Potion"},{"floor":5,"key":"FearPotion"},{"floor":12,"key":"FearPotion"},{"floor":18,"key":"Swift Potion"},{"floor":22,"key":"SteroidPotion"},{"floor":23,"key":"LifebloodPotion"},{"floor":37,"key":"Guardian:BlockOnCardUsePotion"}],"is_trial":false,"path_per_floor":["M","M","?","M","M","R","$","M","T","E","M","M","$","E","R","B",null,"M","M","?","?","M","E","R","$","T","M","M","R","?","M","R","B",null,"M","M","M","?"],"character_chosen":"THE_CONSTRUCT_MOD","items_purchased":["construct:MasterCore","Lizard Tail","hubris:FruitBowl","construct:Synchronize","construct:Boost","construct:OmegaCannon"],"campfire_rested":4,"item_purchase_floors":[7,13,13,25,25,25],"current_hp_per_floor":[85,85,68,68,60,60,60,60,60,48,47,42,2,45,70,70,85,63,47,47,47,27,2,27,27,27,27,18,43,43,30,55,26,85,71,42,11,0,0],"gold":242,"neow_bonus":"THREE_ENEMY_KILL","is_daily":false,"chose_seed":false,"campfire_upgraded":1,"win_rate":0.0,"timestamp":1610045342,"path_taken":["M","?","?","M","M","R","$","M","T","E","M","M","?","E","R","BOSS","M","M","?","?","M","E","R","?","T","?","M","R","?","M","R","BOSS","M","M","M","?"],"items_purchased_type":["Relic","Relic","Relic","Card","Card","Card"],"build_version":"2020-12-22","purchased_purges":1,"victory":false,"max_hp_per_floor":[85,85,85,85,85,85,85,85,85,85,85,85,85,85,85,85,85,85,85,85,85,85,85,85,85,85,85,85,85,85,85,85,85,85,85,85,85,85,85],"card_choices":[{"not_picked":["construct:SuppressiveFire","construct:FocusedBeam"],"picked":"construct:Synchronize","floor":1},{"not_picked":["construct:Backup","construct:Versatility"],"picked":"construct:Isolate","floor":2},{"not_picked":["construct:VentSteam","construct:ForceCore"],"picked":"construct:Boost","floor":4},{"not_picked":["construct:FlashFreeze","construct:Reinforce"],"picked":"construct:SyphonStrike","floor":5},{"not_picked":["construct:ScrapCannon","construct:OneWayMirror","construct:Backup"],"picked":"SKIP","floor":8},{"not_picked":["construct:ClusterMines","construct:SaveState"],"picked":"construct:ForceCore","floor":10},{"not_picked":["construct:OneWayMirror","construct:FocusedBeam"],"picked":"construct:ForceCore","floor":11},{"not_picked":["construct:Reserves","construct:BlazingSpeed"],"picked":"construct:ShiftStrike","floor":12},{"not_picked":["construct:ModeShift","construct:VentSteam","construct:PhosphorStorm"],"picked":"SKIP","floor":14},{"not_picked":["construct:ShiftingStance","construct:Afterburners"],"picked":"construct:HammerDown","floor":16},{"not_picked":["construct:NuclearCore","construct:SaveState","construct:Reinforce"],"picked":"SKIP","floor":18},{"not_picked":["construct:HeavyBolt","construct:SuppressiveFire+1"],"picked":"construct:Boost","floor":19},{"not_picked":["construct:OilSpill","construct:Accumulate","construct:Analyze+1"],"picked":"SKIP","floor":22},{"not_picked":["construct:OilSpill","construct:Accumulate","construct:Analyze+1"],"picked":"SKIP","floor":22},{"not_picked":["construct:ShiftGuard","construct:Accumulate","construct:Backup"],"picked":"SKIP","floor":23},{"not_picked":["construct:Dampening+1","construct:GoldenBullet"],"picked":"construct:Tumble+1","floor":27},{"not_picked":["construct:QuickAttack","construct:Analyze"],"picked":"construct:CriticalHit","floor":28},{"not_picked":["construct:Forcefield","construct:ScrapCannon"],"picked":"construct:PointDefense+1","floor":31},{"not_picked":["construct:Supernova","construct:ShiftingStance"],"picked":"construct:Meltdown","floor":33},{"not_picked":["construct:CreateCores+1","construct:CriticalHit+1"],"picked":"construct:ScopeCore+1","floor":35},{"not_picked":["construct:Accumulate+1","construct:ClusterMines+1"],"picked":"construct:Failsafe","floor":36},{"not_picked":["construct:Forcefield+1","construct:Dampening+1"],"picked":"construct:ClusterMines+1","floor":37}],"player_experience":681664,"relics_obtained":[{"floor":10,"key":"Pen Nib"},{"floor":14,"key":"aspiration:FrozenJewel"},{"floor":23,"key":"conspire:TopHat"},{"floor":26,"key":"vexMod:FocusSash"}],"event_choices":[{"damage_healed":0,"gold_gain":0,"player_choice":"Entered Light","damage_taken":17,"max_hp_gain":0,"max_hp_loss":0,"event_name":"Shining Light","floor":3,"gold_loss":0,"cards_upgraded":["construct:Defend_Gold","construct:Strike_Gold"]},{"damage_healed":0,"gold_gain":0,"player_choice":"Read","damage_taken":0,"max_hp_gain":0,"max_hp_loss":0,"event_name":"The Library","floor":30,"gold_loss":0,"cards_obtained":["construct:ForceCore"]}],"is_beta":false,"boss_relics":[{"not_picked":["aspiration:SecretTechniqueScroll","Ring of Chaos"],"picked":"hubris:Backtick"},{"not_picked":["Runic Dome","Snecko Eye"],"picked":"aspiration:FutureDiary"}],"items_purged_floors":[25],"is_endless":false,"potions_floor_spawned":[4,5,12,18,22,23,37],"killed_by":"conspire:MimicChest","ascension_level":0}}