{"host":"os9owiyb0rak6c8n","time":1610036773,"event":{"mods":["AchievementEnabler","Astrologer","BaseMod","Beaked The Cultist","Better Third Choice","Block Reminder","Colored Map","Colored Powertips","Dio Mod","Minty Spire (QoL Compilation)","Robot Space Explorer","Spicy Shops","StSLib","The Death Knight","The Necromancer"],"gold_per_floor":[115,126,146,146,196,232,232,197,197,41,53,67,92,107,107,218,227,256,256,276,276,106,106,134,134,134],"floor_reached":25,"playtime":676,"items_purged":["Strike_R","Strike_R"],"score":338,"play_id":"012c42ec-cf73-47e6-8898-3e643ef75a0c","local_time":"20210107172613","is_ascension_mode":true,"campfire_choices":[{"data":"Whirlwind","floor":7,"key":"SMITH"},{"data":"Flex","floor":15,"key":"SMITH"},{"floor":23,"key":"REST"}],"circlet_count":0,"master_deck":["Strike_R","Strike_R","Strike_R","Defend_R","Defend_R","Defend_R","Defend_R","Bash","Feed","Whirlwind+1","Shrug It Off","Immolate","Seeing Red","Flex+1","Reaper","CurseOfTheBell","Armaments+1","True Grit+1","Spot Weakness","Ghostly Armor+1"],"relics":["Burning Blood","Ice Cream","CeramicFish","Mango","MealTicket","Calling Bell","Blood Vial","Darkstone Periapt","Girya","Enchiridion"],"acts_visited":["Exordium","TheCity"],"potions_floor_usage":[6,16,16,16,25],"damage_taken":[{"damage":1,"enemies":"Small Slimes","floor":1,"turns":4},{"damage":9,"enemies":"Jaw Worm","floor":2,"turns":5},{"damage":0,"enemies":"2 Louse","floor":3,"turns":1},{"damage":37,"enemies":"Gremlin Nob","floor":6,"turns":5},{"damage":8,"enemies":"Blue Slaver","floor":11,"turns":3},{"damage":15,"enemies":"Red Slaver","floor":12,"turns":3},{"damage":29,"enemies":"3 Sentries","floor":13,"turns":6},{"damage":10,"enemies":"3 Louse","floor":14,"turns":2},{"damage":35,"enemies":"Hexaghost","floor":16,"turns":7},{"damage":40,"enemies":"Shell Parasite","floor":18,"turns":6},{"damage":21,"enemies":"3 Byrds","floor":20,"turns":5},{"damage":59,"enemies":"Sentry and Sphere","floor":24,"turns":6},{"damage":47,"enemies":"Book of Stabbing","floor":25,"turns":5}],"seed_played":"5678403481672142499","potions_obtained":[{"floor":1,"key":"ColorlessPotion"},{"floor":3,"key":"Fire Potion"},{"floor":12,"key":"FearPotion"},{"floor":13,"key":"BlessingOfTheForge"},{"floor":20,"key":"Weak Potion"}],"is_trial":false,"path_per_floor":["M","M","M","?","?","E","R","?","T","$","M","M","E","M","R","B",null,"M","?","M","?","$","R","M","E"],"character_chosen":"IRONCLAD","items_purchased":["Seeing Red","Flex","Spot Weakness"],"campfire_rested":1,"item_purchase_floors":[10,10,22],"current_hp_per_floor":[77,77,83,71,71,43,43,64,78,78,79,70,50,49,49,20,87,55,55,52,36,51,84,43,0,0],"gold":134,"neow_bonus":"ONE_RANDOM_RARE_CARD","is_daily":false,"chose_seed":false,"campfire_upgraded":2,"win_rate":0.0,"timestamp":1610036773,"path_taken":["M","M","M","?","?","E","R","?","T","$","M","M","E","M","R","BOSS","M","?","?","?","$","R","M","E"],"items_purchased_type":["Card","Card","Card"],"build_version":"2020-12-22","purchased_purges":2,"victory":false,"max_hp_per_floor":[80,83,83,83,83,86,86,86,100,100,103,103,106,109,109,109,109,109,109,112,112,112,112,112,112,112],"card_choices":[{"not_picked":["Reckless Charge","Anger"],"picked":"Whirlwind","floor":1},{"not_picked":["Body Slam","Twin Strike"],"picked":"Shrug It Off","floor":2},{"not_picked":["Shrug It Off","Sword Boomerang","Infernal Blade"],"picked":"SKIP","floor":3},{"not_picked":["Bloodletting","Metallicize"],"picked":"Immolate","floor":6},{"not_picked":["Armaments","Dual Wield","Body Slam"],"picked":"SKIP","floor":11},{"not_picked":["Twin Strike","Entrench","Carnage"],"picked":"SKIP","floor":12},{"not_picked":["Sentinel","Wild Strike","Perfected Strike"],"picked":"SKIP","floor":13},{"not_picked":["Warcry","Clothesline","Anger"],"picked":"SKIP","floor":14},{"not_picked":["Feed","Immolate"],"picked":"Reaper","floor":16},{"not_picked":["True Grit","Dual Wield"],"picked":"Armaments","floor":18},{"not_picked":["Clash+1","Fiend Fire"],"picked":"True Grit+1","floor":20},{"not_picked":["Burning Pact","Dual Wield"],"picked":"Ghostly Armor+1","floor":24}],"player_experience":597253,"relics_obtained":[{"floor":6,"key":"CeramicFish"},{"floor":9,"key":"Mango"},{"floor":13,"key":"MealTicket"},{"floor":17,"key":"Blood Vial"},{"floor":17,"key":"Darkstone Periapt"},{"floor":17,"key":"Girya"},{"floor":21,"key":"Enchiridion"}],"event_choices":[{"damage_healed":0,"gold_gain":0,"player_choice":"Relic ","damage_taken":12,"max_hp_gain":0,"max_hp_loss":0,"event_name":"betterThird:BetterScrap","floor":4,"gold_loss":0,"cards_obtained":["Choke"]},{"damage_healed":0,"gold_gain":50,"player_choice":"Gained Gold","damage_taken":0,"max_hp_gain":0,"max_hp_loss":0,"event_name":"Golden Wing","floor":5,"gold_loss":0},{"damage_healed":21,"gold_gain":0,"player_choice":"Healed","damage_taken":0,"max_hp_gain":0,"max_hp_loss":0,"event_name":"The Cleric","floor":8,"gold_loss":35},{"damage_healed":0,"gold_gain":0,"player_choice":"Upgraded","damage_taken":0,"max_hp_gain":0,"max_hp_loss":0,"event_name":"Upgrade Shrine","floor":19,"gold_loss":0,"cards_upgraded":["Armaments"]},{"damage_healed":0,"gold_gain":0,"player_choice":"Obtained Book","damage_taken":16,"max_hp_gain":0,"max_hp_loss":0,"event_name":"Cursed Tome","floor":21,"gold_loss":0}],"is_beta":false,"boss_relics":[{"not_picked":["Empty Cage","Astrolabe"],"picked":"Calling Bell"}],"items_purged_floors":[10,22],"is_endless":false,"potions_floor_spawned":[1,3,12,13,20],"killed_by":"Book of Stabbing","ascension_level":7}}