{"host":"aijg3q29dt6ws75i","time":1610052364,"event":{"mods":["Act Like it!","BaseMod","Downfall","Hallownest","Hermit","Jorbs\u0027s Wanderer Trilogy","Minty Spire (QoL Compilation)","Rare Cards Sparkle","StSLib","Td1madao Mod","The Bug Knight","The Cursed","The Hierophant","The Necromancer","The Servant 0.9.4","everything is the same but u backflip on backflip"],"gold_per_floor":[116,116,139,154,178,178,221,221,295,295,328,349,349,364,364,364,364],"floor_reached":16,"playtime":4556,"items_purged":[],"score":137,"play_id":"b12dbcec-01e5-45ea-bb42-fd2d53791e86","local_time":"20210107154604","is_ascension_mode":false,"campfire_choices":[{"data":"HollowMod:FocusHealStart","floor":6,"key":"SMITH"},{"floor":10,"key":"REST"},{"floor":13,"key":"REST"},{"data":"HollowMod:VoidDash","floor":15,"key":"SMITH"}],"circlet_count":0,"master_deck":["HollowMod:NailStrikeStart","HollowMod:NailStrikeStart","HollowMod:NailStrikeStart","HollowMod:NailStrikeStart","HollowMod:QuickDashStart","HollowMod:QuickDashStart","HollowMod:QuickDashStart","HollowMod:QuickDashStart","HollowMod:FocusHealStart+1","HollowMod:PogoStrike","HollowMod:TaintedHusks","HollowMod:CloakDash","HollowMod:MonarchWings","HollowMod:GreatSlash","HollowMod:ChannelNail","HollowMod:VoidDash+1","HollowMod:SoulSplash","HollowMod:DoubleDash"],"relics":["HollowMod:VesselMask","Golden Idol","CaptainsWheel","Letter Opener","Strawberry"],"acts_visited":["Exordium"],"potions_floor_usage":[5],"damage_taken":[{"damage":1,"enemies":"Jaw Worm","floor":1,"turns":4},{"damage":8,"enemies":"Small Slimes","floor":3,"turns":5},{"damage":0,"enemies":"2 Louse","floor":4,"turns":2},{"damage":3,"enemies":"Looter","floor":5,"turns":4},{"damage":66,"enemies":"Gremlin Nob","floor":7,"turns":6},{"damage":46,"enemies":"Lagavulin","floor":11,"turns":7},{"damage":0,"enemies":"3 Louse","floor":12,"turns":4},{"damage":2,"enemies":"Blue Slaver","floor":14,"turns":4},{"damage":72,"enemies":"Hexaghost","floor":16,"turns":14}],"seed_played":"-6870278526925619019","potions_obtained":[{"floor":1,"key":"Block Potion"},{"floor":5,"key":"Fruit Juice"},{"floor":7,"key":"Fire Potion"},{"floor":14,"key":"Block Potion"}],"is_trial":false,"path_per_floor":["M","?","M","M","M","R","E","?","T","R","E","M","R","M","R","B"],"character_chosen":"THE_BUGKNIGHT","items_purchased":[],"campfire_rested":2,"item_purchase_floors":[],"current_hp_per_floor":[81,61,59,65,77,77,17,17,17,43,14,24,52,60,60,0,0],"gold":364,"neow_bonus":"TEN_PERCENT_HP_BONUS","is_daily":false,"chose_seed":false,"campfire_upgraded":2,"win_rate":0.0,"timestamp":1610052364,"path_taken":["M","?","M","M","M","R","E","?","T","R","E","M","R","M","R","BOSS"],"items_purchased_type":[],"build_version":"2020-12-22","purchased_purges":0,"victory":false,"max_hp_per_floor":[82,82,82,82,87,87,87,87,87,87,94,94,94,94,94,94,94],"card_choices":[{"not_picked":["HollowMod:AbyssShriek","HollowMod:SoulSplash"],"picked":"HollowMod:TaintedHusks","floor":1},{"not_picked":["HollowMod:DreamGate","HollowMod:GrimmsGift"],"picked":"HollowMod:CloakDash","floor":3},{"not_picked":["HollowMod:DashSlash","HollowMod:CornifersMapStart"],"picked":"HollowMod:MonarchWings","floor":4},{"not_picked":["HollowMod:InfectedCysts","HollowMod:ShadowDash"],"picked":"HollowMod:GreatSlash","floor":5},{"not_picked":["HollowMod:HeavyBlow","HollowMod:CoiledNail"],"picked":"HollowMod:ChannelNail","floor":7},{"not_picked":["HollowMod:MonarchWings","HollowMod:InfectionAssault"],"picked":"HollowMod:VoidDash","floor":11},{"not_picked":["HollowMod:MonarchWings","HollowMod:HuntersJournal"],"picked":"HollowMod:SoulSplash","floor":12},{"not_picked":["HollowMod:SiblingsSouls","HollowMod:CornifersMapStart"],"picked":"HollowMod:DoubleDash","floor":14}],"player_experience":37592,"relics_obtained":[{"floor":7,"key":"CaptainsWheel"},{"floor":9,"key":"Letter Opener"},{"floor":11,"key":"Strawberry"}],"event_choices":[{"damage_healed":0,"gold_gain":0,"player_choice":"Take Damage","damage_taken":20,"relics_obtained":["Golden Idol"],"max_hp_gain":0,"max_hp_loss":0,"event_name":"Golden Idol","floor":2,"gold_loss":0},{"damage_healed":0,"gold_gain":0,"player_choice":"Ignored","damage_taken":0,"max_hp_gain":0,"max_hp_loss":0,"event_name":"Liars Game","floor":8,"gold_loss":0}],"is_beta":false,"boss_relics":[],"items_purged_floors":[],"is_endless":false,"potions_floor_spawned":[1,5,7,14],"killed_by":"Hexaghost","ascension_level":0}}