{"host":"x1qj4d8ympd5jdqh","time":1610020364,"event":{"mods":["AchievementEnabler","AlwaysNeverKeys","BaseMod","Colored Map","Custom Start","DeckTracker","Highlight Path","Minty Spire (QoL Compilation)","StSLib","SuperFastMode"],"gold_per_floor":[159,159,196,196,196,291,291,339,339,358,374,374,131,143,143,241,241,259,231,269,269,269,269,269,269,269,318,25,25,25,379,379,457,507,545,258,48,48,61,91,91,116,143,172,192,222,222,23,23,23,23,23,23,23,52,52],"floor_reached":57,"playtime":2195,"items_purged":["Strike_R","Strike_R","Strike_R","Bash"],"score":3518,"play_id":"27cb310c-08ce-4e90-a2e2-7d98f5ce934c","local_time":"20210107205244","is_ascension_mode":true,"campfire_choices":[{"data":"Whirlwind","floor":7.0,"key":"SMITH"},{"floor":12.0,"key":"DIG"},{"floor":15.0,"key":"DIG"},{"floor":23.0,"key":"DIG"},{"floor":30.0,"key":"REST"},{"data":"Body Slam","floor":32.0,"key":"SMITH"},{"floor":47,"key":"RECALL"},{"floor":49,"key":"DIG"},{"floor":53,"key":"DIG"}],"circlet_count":0,"master_deck":["AscendersBane","Defend_R","Defend_R+1","Defend_R","Defend_R","HandOfGreed","Whirlwind+1","Shrug It Off+1","Corruption","Corruption","Body Slam+1","Battle Trance","Havoc+1","Necronomicurse","Feel No Pain","Decay","Seeing Red","Fiend Fire","Spot Weakness+1","Warcry+1","Barricade+1","Shrug It Off+1","Battle Trance+1","Disarm","Evolve+1","Thinking Ahead","Feel No Pain+1","Seeing Red+1","Shockwave","Seeing Red","Second Wind","Entrench"],"relics":["Burning Blood","Pocketwatch","Akabeko","Shovel","Mummified Hand","Mango","ClockworkSouvenir","Dead Branch","Black Star","Necronomicon","Juzu Bracelet","Torii","Potion Belt","WingedGreaves","Membership Card","War Paint","Bird Faced Urn","Old Coin","Tiny House","Frozen Egg 2","Orrery","MealTicket","Blue Candle","Charon\u0027s Ashes","Strawberry","PreservedInsect","Ancient Tea Set","Bag of Marbles","Lantern","White Beast Statue","Incense Burner","Ice Cream"],"acts_visited":["Exordium","TheCity","TheBeyond","TheEnding"],"potions_floor_usage":[42,44,51,56,56,56],"damage_taken":[{"damage":11.0,"enemies":"2 Louse","floor":1.0,"turns":5.0},{"damage":7.0,"enemies":"Jaw Worm","floor":3.0,"turns":2.0},{"damage":13.0,"enemies":"3 Sentries","floor":6.0,"turns":12.0},{"damage":32.0,"enemies":"Gremlin Nob","floor":8.0,"turns":4.0},{"damage":0.0,"enemies":"Small Slimes","floor":10.0,"turns":1.0},{"damage":0.0,"enemies":"Exordium Wildlife","floor":11.0,"turns":1.0},{"damage":0.0,"enemies":"3 Louse","floor":14.0,"turns":1.0},{"damage":6.0,"enemies":"Slime Boss","floor":16.0,"turns":4.0},{"damage":6.0,"enemies":"3 Byrds","floor":18.0,"turns":2.0},{"damage":9.0,"enemies":"2 Thieves","floor":19.0,"turns":4.0},{"damage":12.0,"enemies":"Shelled Parasite and Fungi","floor":20.0,"turns":1.0},{"damage":45.0,"enemies":"Gremlin Leader","floor":27.0,"turns":6.0},{"damage":1.0,"enemies":"Book of Stabbing","floor":31.0,"turns":4.0},{"damage":8.0,"enemies":"Collector","floor":33.0,"turns":5.0},{"damage":6.0,"enemies":"Orb Walker","floor":35.0,"turns":2.0},{"damage":0,"enemies":"3 Darklings","floor":39,"turns":1},{"damage":3,"enemies":"Nemesis","floor":40,"turns":3},{"damage":10,"enemies":"Reptomancer","floor":42,"turns":3},{"damage":18,"enemies":"Nemesis","floor":44,"turns":3},{"damage":3,"enemies":"Maw","floor":45,"turns":3},{"damage":0,"enemies":"Spire Growth","floor":46,"turns":2},{"damage":29,"enemies":"Awakened One","floor":50,"turns":3},{"damage":6,"enemies":"Time Eater","floor":51,"turns":4},{"damage":0,"enemies":"Shield and Spear","floor":55,"turns":1},{"damage":16,"enemies":"The Heart","floor":56,"turns":5}],"seed_played":"-6204003960920216189","potions_obtained":[{"floor":1.0,"key":"Weak Potion"},{"floor":3.0,"key":"Swift Potion"},{"floor":11.0,"key":"BlessingOfTheForge"},{"floor":18.0,"key":"Block Potion"},{"floor":34.0,"key":"DuplicationPotion"},{"floor":35.0,"key":"SmokeBomb"},{"floor":42,"key":"Dexterity Potion"},{"floor":44,"key":"Swift Potion"},{"floor":55,"key":"Block Potion"}],"is_trial":false,"path_per_floor":["M","?","M","?","?","E","R","E","T","M","M","R","$","M","R","B",null,"M","M","M","?","?","R","?","?","T","E","$","?","R","E","R","B",null,"M","$","$","?","M","E","?","E","T","E","M","M","R","$","R","B","B",null,"R","$","E","B",null],"character_chosen":"IRONCLAD","items_purchased":["ClockworkSouvenir","Membership Card","War Paint","Frozen Egg 2","Orrery","GamblersBrew","Evolve+1","Thinking Ahead","Fire Potion","LiquidBronze","Bag of Marbles"],"campfire_rested":1,"item_purchase_floors":[13,28,28,36,36,37,37,37,37,48,48],"current_hp_per_floor":[45,40,39,39,64,57,57,31,31,37,43,57,57,63,63,63,83,83,80,74,53,53,53,53,53,53,14,14,14,40,45,45,55,86,88,88,88,88,94,94,94,101,101,95,101,101,101,101,101,88,98,100,100,101,101,101],"gold":52,"neow_bonus":"RANDOM_COLORLESS_2","is_daily":false,"chose_seed":false,"campfire_upgraded":2,"win_rate":0.0,"timestamp":1610020364,"path_taken":["M","?","M","?","?","E","R","E","T","M","M","R","$","M","R","BOSS","M","M","M","?","?","R","?","?","T","E","?","?","R","E","R","BOSS","M","$","$","?","M","E","?","E","T","E","M","M","R","$","R","BOSS","BOSS","R","$","E","BOSS"],"items_purchased_type":["Relic","Relic","Relic","Relic","Relic","Potion","Card","Card","Potion","Potion","Relic"],"build_version":"2020-12-22","purchased_purges":4,"victory":true,"max_hp_per_floor":[75,75,75,75,75,75,75,75,75,75,75,89,89,89,89,89,89,89,89,89,89,89,89,89,89,89,89,89,89,89,89,89,89,94,94,94,94,94,94,94,94,101,101,101,101,101,101,101,101,101,101,101,101,101,101,101],"card_choices":[{"not_picked":["Chrysalis","Panache"],"picked":"HandOfGreed","floor":0.0},{"not_picked":["Anger","True Grit"],"picked":"Whirlwind","floor":1.0},{"not_picked":["Wild Strike","Headbutt"],"picked":"Shrug It Off","floor":3.0},{"not_picked":["Infernal Blade","Sword Boomerang","Twin Strike"],"picked":"SKIP","floor":6.0},{"not_picked":["True Grit","Carnage"],"picked":"Inflame","floor":8.0},{"not_picked":["Brutality","Havoc","Wild Strike"],"picked":"SKIP","floor":10.0},{"not_picked":["Sword Boomerang","Clothesline","Heavy Blade"],"picked":"SKIP","floor":11.0},{"not_picked":["Entrench","Havoc"],"picked":"Corruption","floor":14.0},{"not_picked":["Double Tap","Demon Form"],"picked":"Corruption","floor":16.0},{"not_picked":["Sword Boomerang","Clash"],"picked":"Body Slam","floor":18.0},{"not_picked":["Heavy Blade","Body Slam"],"picked":"Battle Trance","floor":19.0},{"not_picked":["Thunderclap+1","Anger"],"picked":"Havoc","floor":20.0},{"not_picked":["Pommel Strike","Searing Blow","Feel No Pain"],"picked":"SKIP","floor":27.0},{"not_picked":["Battle Trance","Demon Form"],"picked":"Seeing Red","floor":31.0},{"not_picked":["Immolate","Offering"],"picked":"Fiend Fire","floor":33.0},{"not_picked":["Heavy Blade+1","Twin Strike+1"],"picked":"Spot Weakness+1","floor":34.0},{"not_picked":["Havoc+1","Flame Barrier+1"],"picked":"Warcry+1","floor":35.0},{"not_picked":["Metallicize+1","Headbutt"],"picked":"Barricade+1","floor":36},{"not_picked":["Pommel Strike+1","Impervious"],"picked":"Shrug It Off+1","floor":36},{"not_picked":["Wild Strike","Reckless Charge"],"picked":"Battle Trance+1","floor":36},{"not_picked":["Twin Strike+1","Flex"],"picked":"Disarm","floor":36},{"not_picked":["Carnage","Clothesline","Warcry"],"picked":"SKIP","floor":39},{"not_picked":["Dropkick","Pummel"],"picked":"Seeing Red+1","floor":40},{"not_picked":["Thunderclap","Carnage+1"],"picked":"Shockwave","floor":42},{"not_picked":["Wild Strike","Corruption+1"],"picked":"Seeing Red","floor":44},{"not_picked":["Perfected Strike","Whirlwind+1","Searing Blow"],"picked":"SKIP","floor":45},{"not_picked":["Iron Wave","Dropkick"],"picked":"Second Wind","floor":46},{"not_picked":["Twin Strike","Barricade+1"],"picked":"Entrench","floor":55}],"player_experience":1325488,"relics_obtained":[{"floor":6.0,"key":"Akabeko"},{"floor":8.0,"key":"Shovel"},{"floor":9.0,"key":"Mummified Hand"},{"floor":12.0,"key":"Mango"},{"floor":15.0,"key":"Dead Branch"},{"floor":21.0,"key":"Necronomicon"},{"floor":23.0,"key":"Juzu Bracelet"},{"floor":26.0,"key":"Torii"},{"floor":27.0,"key":"Potion Belt"},{"floor":27.0,"key":"WingedGreaves"},{"floor":31.0,"key":"Bird Faced Urn"},{"floor":31.0,"key":"Old Coin"},{"floor":40,"key":"MealTicket"},{"floor":40,"key":"Blue Candle"},{"floor":42,"key":"Charon\u0027s Ashes"},{"floor":42,"key":"Strawberry"},{"floor":44,"key":"PreservedInsect"},{"floor":44,"key":"Ancient Tea Set"},{"floor":49,"key":"Lantern"},{"floor":53,"key":"White Beast Statue"},{"floor":55,"key":"Incense Burner"},{"floor":55,"key":"Ice Cream"}],"event_choices":[{"damage_healed":0.0,"max_hp_gain":0.0,"max_hp_loss":0.0,"gold_gain":0.0,"event_name":"Scrap Ooze","player_choice":"Success","floor":2.0,"gold_loss":0.0,"damage_taken":5.0,"relics_obtained":["Pocketwatch"]},{"cards_removed":["Strike_R"],"damage_healed":0.0,"max_hp_gain":0.0,"max_hp_loss":0.0,"gold_gain":0.0,"event_name":"Living Wall","player_choice":"Forget","floor":4.0,"gold_loss":0.0,"damage_taken":0.0},{"damage_healed":25.0,"max_hp_gain":0.0,"max_hp_loss":0.0,"gold_gain":0.0,"event_name":"Big Fish","player_choice":"Banana","floor":5.0,"gold_loss":0.0,"damage_taken":0.0},{"damage_healed":0.0,"max_hp_gain":0.0,"max_hp_loss":0.0,"gold_gain":0.0,"event_name":"Cursed Tome","player_choice":"Obtained Book","floor":21.0,"gold_loss":0.0,"damage_taken":21.0},{"damage_healed":0.0,"max_hp_gain":0.0,"max_hp_loss":0.0,"gold_gain":0.0,"event_name":"The Mausoleum","player_choice":"Ignored","floor":22.0,"gold_loss":0.0,"damage_taken":0.0},{"damage_healed":0.0,"max_hp_gain":0.0,"max_hp_loss":0.0,"gold_gain":0.0,"event_name":"The Library","player_choice":"Read","floor":24.0,"gold_loss":0.0,"damage_taken":0.0,"cards_obtained":["Feel No Pain"]},{"cards_removed":["Strike_R"],"damage_healed":0.0,"max_hp_gain":0.0,"max_hp_loss":0.0,"gold_gain":0.0,"event_name":"Back to Basics","player_choice":"Elegance","floor":25.0,"gold_loss":0.0,"damage_taken":0.0},{"damage_healed":0.0,"max_hp_gain":0.0,"max_hp_loss":0.0,"gold_gain":0.0,"event_name":"Forgotten Altar","player_choice":"Smashed Altar","floor":29.0,"gold_loss":0.0,"damage_taken":0.0,"cards_obtained":["Decay"]},{"damage_healed":0,"gold_gain":0,"player_choice":"Copied","damage_taken":0,"max_hp_gain":0,"max_hp_loss":0,"event_name":"Duplicator","floor":38,"gold_loss":0,"cards_obtained":["Feel No Pain"]},{"cards_removed":["Inflame"],"damage_healed":0,"gold_gain":0,"player_choice":"Removed Power","damage_taken":0,"max_hp_gain":0,"max_hp_loss":0,"event_name":"Falling","floor":41,"gold_loss":0}],"is_beta":false,"boss_relics":[{"not_picked":["Busted Crown","Astrolabe"],"picked":"Black Star"},{"not_picked":["Runic Cube","Black Blood"],"picked":"Tiny House"}],"items_purged_floors":[13,28,36,48],"is_endless":false,"potions_floor_spawned":[1,3,11,14,16,18,19,20,35,40,42,44,55],"ascension_level":20}}