{"host":"6ld56ls1xbe0aj21","time":1610013397,"event":{"mods":["AchievementEnabler","BaseMod","Colored Powertips","Minty Spire (QoL Compilation)","Quick Restart","Rare Cards Sparkle","StSLib","SuperFastMode","everything is the same but u backflip on backflip","slay the spire mod where everything is the same but ironclad has a cowboy hat"],"gold_per_floor":[369,37,47,64,64,105,105,143,170,183,223,246,265,301,313,444,456,487,499,527,539,570,615,627,667,679,29,29,29,54,68,68,168,168,178,229,229,229,239,239,267,45,45,60,85,85,116,127,127,127,127,127,50,83,83],"floor_reached":56,"playtime":2201,"items_purged":[],"score":2060,"play_id":"8ed982d4-0b8f-4674-9bcc-2b68ab8258e0","local_time":"20210107205637","is_ascension_mode":true,"campfire_choices":[{"floor":7.0,"key":"REST"},{"data":"Inflame","floor":15.0,"key":"SMITH"},{"data":"Shockwave","floor":24.0,"key":"SMITH"},{"data":"Demon Form","floor":29.0,"key":"SMITH"},{"data":"Heavy Blade","floor":32.0,"key":"SMITH"},{"data":"Offering","floor":40.0,"key":"SMITH"},{"floor":49,"key":"RECALL"},{"floor":52,"key":"REST"}],"circlet_count":0,"master_deck":["AscendersBane","Strike_R","Strike_R","Strike_R","Strike_R","Defend_R","Defend_R","Defend_R","Defend_R","Bash","Anger","Inflame+1","Sword Boomerang","Shockwave+1","Twin Strike","Combust","Impervious","Heavy Blade+1","Demon Form+1","Spot Weakness","Sword Boomerang+1","Offering+1","Clash","Rupture","Combust+1","Madness","Madness","Body Slam+1","Fiend Fire"],"relics":["Burning Blood","Mummified Hand","Bloody Idol","Akabeko","Happy Flower","Pen Nib","Gremlin Horn","MawBank","Busted Crown","Nilry\u0027s Codex","Shuriken","Matryoshka","Blue Candle","Incense Burner","Meat on the Bone","Bottled Tornado","Sling","Regal Pillow","Black Star","Lizard Tail","Bag of Marbles","Dead Branch","OrangePellets","Paper Frog","Peace Pipe","Self Forming Clay","HornCleat","Calipers","Sundial","Art of War"],"acts_visited":["Exordium","TheCity","TheBeyond","TheEnding"],"potions_floor_usage":[48,50],"damage_taken":[{"damage":6.0,"enemies":"Cultist","floor":1.0,"turns":3.0},{"damage":1.0,"enemies":"2 Louse","floor":3.0,"turns":2.0},{"damage":2.0,"enemies":"Jaw Worm","floor":4.0,"turns":3.0},{"damage":27.0,"enemies":"3 Sentries","floor":6.0,"turns":8.0},{"damage":6.0,"enemies":"Gremlin Nob","floor":8.0,"turns":3.0},{"damage":0.0,"enemies":"2 Fungi Beasts","floor":10.0,"turns":2.0},{"damage":13.0,"enemies":"3 Sentries","floor":11.0,"turns":3.0},{"damage":0.0,"enemies":"Looter","floor":12.0,"turns":2.0},{"damage":2.0,"enemies":"Exordium Wildlife","floor":13.0,"turns":3.0},{"damage":10.0,"enemies":"Lagavulin","floor":14.0,"turns":4.0},{"damage":2.0,"enemies":"Slime Boss","floor":16.0,"turns":6.0},{"damage":1.0,"enemies":"Spheric Guardian","floor":18.0,"turns":2.0},{"damage":12.0,"enemies":"Shell Parasite","floor":20.0,"turns":4.0},{"damage":19.0,"enemies":"Sentry and Sphere","floor":22.0,"turns":4.0},{"damage":33.0,"enemies":"Book of Stabbing","floor":23.0,"turns":4.0},{"damage":2.0,"enemies":"Gremlin Leader","floor":25.0,"turns":4.0},{"damage":15.0,"enemies":"Book of Stabbing","floor":30.0,"turns":3.0},{"damage":0.0,"enemies":"Snake Plant","floor":31.0,"turns":2.0},{"damage":18.0,"enemies":"Champ","floor":33.0,"turns":6.0},{"damage":1.0,"enemies":"3 Shapes","floor":35.0,"turns":2.0},{"damage":33.0,"enemies":"2 Orb Walkers","floor":36.0,"turns":3.0},{"damage":21.0,"enemies":"3 Darklings","floor":39.0,"turns":3.0},{"damage":22,"enemies":"Nemesis","floor":41,"turns":3},{"damage":3,"enemies":"Spire Growth","floor":44,"turns":3},{"damage":1,"enemies":"Reptomancer","floor":45,"turns":3},{"damage":23,"enemies":"Giant Head","floor":47,"turns":4},{"damage":8,"enemies":"Sphere and 2 Shapes","floor":48,"turns":2},{"damage":42,"enemies":"Time Eater","floor":50,"turns":6},{"damage":34,"enemies":"Shield and Spear","floor":54,"turns":7},{"damage":49,"enemies":"The Heart","floor":55,"turns":5}],"seed_played":"874111590850962288","potions_obtained":[{"floor":1.0,"key":"BlessingOfTheForge"},{"floor":8.0,"key":"GamblersBrew"},{"floor":11.0,"key":"Energy Potion"},{"floor":13.0,"key":"Weak Potion"},{"floor":16.0,"key":"ElixirPotion"},{"floor":22.0,"key":"SmokeBomb"},{"floor":30.0,"key":"BlessingOfTheForge"},{"floor":31.0,"key":"SkillPotion"},{"floor":41,"key":"GamblersBrew"},{"floor":45,"key":"ColorlessPotion"}],"is_trial":false,"path_per_floor":["M","$","M","M","?","E","R","E","T","M","E","M","M","E","R","B",null,"M","?","M","?","M","E","R","E","T","$","?","R","E","M","R","B",null,"M","?","?","?","M","R","E","$","T","M","E","?","E","M","R","B",null,"R","$","E","B",null],"character_chosen":"IRONCLAD","items_purchased":["Mummified Hand","Inflame","Meat on the Bone","Bottled Tornado","Sling","OrangePellets","Rupture","Fiend Fire"],"campfire_rested":2,"item_purchase_floors":[2,2,27,27,27,42,42,53],"current_hp_per_floor":[51,51,56,60,40,19,43,43,43,49,42,48,52,48,48,52,73,78,78,79,64,61,44,49,63,68,73,73,73,69,80,80,73,78,80,58,58,58,60,60,61,61,61,69,79,69,57,60,60,36,69,80,80,57,26],"gold":83,"neow_bonus":"TWO_FIFTY_GOLD","is_daily":false,"chose_seed":false,"campfire_upgraded":5,"win_rate":0.0,"timestamp":1610013397,"path_taken":["M","$","M","?","?","E","R","E","T","M","E","M","M","E","R","BOSS","M","?","M","?","M","E","R","E","T","$","?","R","E","M","R","BOSS","M","?","?","?","?","R","E","?","T","?","E","?","E","M","R","BOSS","R","$","E","BOSS"],"items_purchased_type":["Relic","Card","Relic","Relic","Relic","Relic","Card","Card"],"build_version":"2020-12-22","purchased_purges":0,"victory":true,"max_hp_per_floor":[80,80,80,80,80,80,80,80,80,80,80,80,80,80,80,80,80,80,80,80,80,80,80,80,80,80,80,80,80,80,80,80,80,80,80,80,80,80,80,80,80,80,80,80,80,80,80,80,80,80,80,80,80,80,80],"card_choices":[{"not_picked":["Dual Wield","Sword Boomerang"],"picked":"Anger","floor":1.0},{"not_picked":["Clothesline","Perfected Strike"],"picked":"Sword Boomerang","floor":3.0},{"not_picked":["Cleave","Entrench"],"picked":"Shockwave","floor":4.0},{"not_picked":["Fire Breathing","Rampage"],"picked":"Twin Strike","floor":6.0},{"not_picked":["True Grit","Sword Boomerang"],"picked":"Combust","floor":8.0},{"not_picked":["Thunderclap","Flex","Headbutt"],"picked":"SKIP","floor":10.0},{"not_picked":["Metallicize","Uppercut"],"picked":"Impervious","floor":11.0},{"not_picked":["Pommel Strike","Flex","Infernal Blade"],"picked":"SKIP","floor":12.0},{"not_picked":["Headbutt","Rage"],"picked":"Heavy Blade","floor":13.0},{"not_picked":["Feel No Pain","Ghostly Armor","Clash"],"picked":"SKIP","floor":14.0},{"not_picked":["Berserk","Immolate"],"picked":"Demon Form","floor":16.0},{"not_picked":["Searing Blow"],"picked":"SKIP","floor":18.0},{"not_picked":[],"picked":"Spot Weakness","floor":20.0},{"not_picked":["Searing Blow"],"picked":"SKIP","floor":22.0},{"not_picked":["Sentinel"],"picked":"SKIP","floor":23.0},{"not_picked":[],"picked":"Sword Boomerang+1","floor":25.0},{"not_picked":["Clothesline"],"picked":"SKIP","floor":30.0},{"not_picked":["Sword Boomerang"],"picked":"SKIP","floor":31.0},{"not_picked":[],"picked":"Offering","floor":33.0},{"not_picked":["Dark Embrace"],"picked":"SKIP","floor":35.0},{"not_picked":["Body Slam"],"picked":"SKIP","floor":39.0},{"not_picked":["Perfected Strike"],"picked":"SKIP","floor":41},{"not_picked":[],"picked":"Combust+1","floor":44},{"not_picked":["Blood for Blood+1"],"picked":"SKIP","floor":45},{"not_picked":[],"picked":"Body Slam+1","floor":47},{"not_picked":["Clothesline"],"picked":"SKIP","floor":48},{"not_picked":["Berserk"],"picked":"SKIP","floor":54}],"player_experience":291086,"relics_obtained":[{"floor":6.0,"key":"Akabeko"},{"floor":8.0,"key":"Happy Flower"},{"floor":9.0,"key":"Pen Nib"},{"floor":11.0,"key":"Gremlin Horn"},{"floor":14.0,"key":"MawBank"},{"floor":21.0,"key":"Nilry\u0027s Codex"},{"floor":23.0,"key":"Shuriken"},{"floor":25.0,"key":"Matryoshka"},{"floor":26.0,"key":"Blue Candle"},{"floor":26.0,"key":"Incense Burner"},{"floor":30.0,"key":"Regal Pillow"},{"floor":36.0,"key":"Lizard Tail"},{"floor":41,"key":"Bag of Marbles"},{"floor":41,"key":"Dead Branch"},{"floor":43,"key":"Paper Frog"},{"floor":45,"key":"Peace Pipe"},{"floor":45,"key":"Self Forming Clay"},{"floor":47,"key":"HornCleat"},{"floor":47,"key":"Calipers"},{"floor":54,"key":"Sundial"},{"floor":54,"key":"Art of War"}],"event_choices":[{"damage_healed":0.0,"max_hp_gain":0.0,"max_hp_loss":0.0,"gold_gain":0.0,"event_name":"Golden Idol","player_choice":"Take Damage","floor":5.0,"gold_loss":0.0,"damage_taken":20.0,"relics_obtained":["Golden Idol"]},{"damage_healed":0.0,"max_hp_gain":0.0,"max_hp_loss":0.0,"gold_gain":0.0,"event_name":"Forgotten Altar","player_choice":"Gave Idol","floor":19.0,"relics_lost":["Golden Idol"],"gold_loss":0.0,"damage_taken":0.0,"relics_obtained":["Bloody Idol"]},{"damage_healed":0.0,"max_hp_gain":0.0,"max_hp_loss":0.0,"gold_gain":0.0,"event_name":"Cursed Tome","player_choice":"Obtained Book","floor":21.0,"gold_loss":0.0,"damage_taken":16.0},{"damage_healed":0.0,"max_hp_gain":0.0,"max_hp_loss":0.0,"gold_gain":0.0,"event_name":"Ghosts","player_choice":"Ignored","floor":28.0,"gold_loss":0.0,"damage_taken":0.0},{"damage_healed":0.0,"max_hp_gain":0.0,"max_hp_loss":0.0,"gold_gain":0.0,"event_name":"Mysterious Sphere","player_choice":"Fight","floor":36.0,"gold_loss":0.0,"damage_taken":0.0},{"damage_healed":0.0,"max_hp_gain":0.0,"max_hp_loss":0.0,"gold_gain":0.0,"event_name":"Tomb of Lord Red Mask","player_choice":"Ignored","floor":37.0,"gold_loss":0.0,"damage_taken":0.0},{"damage_healed":0.0,"max_hp_gain":0.0,"max_hp_loss":0.0,"gold_gain":0.0,"cards_transformed":["Strike_R"],"event_name":"Transmorgrifier","player_choice":"Transformed","floor":38.0,"gold_loss":0.0,"damage_taken":0.0,"cards_obtained":["Clash"]},{"damage_healed":0,"gold_gain":0,"player_choice":"Embrace Madness","damage_taken":10,"max_hp_gain":0,"max_hp_loss":0,"event_name":"Winding Halls","floor":46,"gold_loss":0,"cards_obtained":["Madness","Madness"]}],"is_beta":false,"boss_relics":[{"not_picked":["Coffee Dripper","Runic Cube"],"picked":"Busted Crown"},{"not_picked":["Cursed Key","Mark of Pain"],"picked":"Black Star"}],"items_purged_floors":[],"is_endless":false,"potions_floor_spawned":[1,8,11,13,16,22,30,31,33,35,41,45,47],"ascension_level":10}}