{"host":"kdt6w7ix8lwe69i9","time":1610024271,"event":{"mods":["100% Spire Juice","Bartender","BaseMod","ChefMod","Downfall","Fiend Mod","Jorbs\u0027s Wanderer Trilogy","Minty Spire (QoL Compilation)","Reimu（博丽灵梦）","Robot Space Explorer","StSLib","The Caster","The Cursed","The Disciple","The Dragon Tamer","The Druid","The Elementalist","The Forsaken","The Gatherer","The Marked","TheBandit"],"gold_per_floor":[214,18,18,28,28,59,234,234,288,288,303,39,39,79,79,198,198,223,223,223,223,173,173,173],"floor_reached":23,"playtime":1749,"items_purged":[],"score":193,"play_id":"64b40e3e-9199-49ef-ad5a-dc1d4d44a3a2","local_time":"20210107075751","is_ascension_mode":false,"campfire_choices":[{"data":"caster:Rectify","floor":10,"key":"SMITH"},{"floor":13,"key":"RECALL"},{"floor":15,"key":"REST"}],"circlet_count":0,"master_deck":["caster:Meteor","caster:DivertFocus","caster:strike","caster:strike","caster:strike","caster:strike","caster:defend+1","caster:defend","caster:defend","caster:defend+1","caster:defend","caster:Rectify+1","caster:LightningBolt","caster:FireWall","Injury","caster:NaturalChaos","Doubt","caster:Thundara+1","caster:AlternatingCurrent","caster:Incantation","caster:Barbroot","caster:ShortenedChant","caster:Focusyn","caster:Sleet","Writhe","Shame"],"relics":["caster:MagicBook","Guardian:PocketSentry","Golden Idol","InkBottle","theForsaken:Lifeblossom","War Paint","SlaversCollar","Power_Wrist","Tiny Chest"],"acts_visited":["Exordium","TheCity"],"potions_floor_usage":[14,16,18],"damage_taken":[{"damage":0,"enemies":"2 Louse","floor":1,"turns":4},{"damage":1,"enemies":"Small Slimes","floor":4,"turns":3},{"damage":17,"enemies":"3 Sentries","floor":6,"turns":9},{"damage":1,"enemies":"Jaw Worm","floor":11,"turns":4},{"damage":43,"enemies":"Gremlin Nob","floor":14,"turns":5},{"damage":34,"enemies":"The Guardian","floor":16,"turns":12},{"damage":50,"enemies":"3 Byrds","floor":18,"turns":8},{"damage":57,"enemies":"Gremlin Leader","floor":23,"turns":4}],"seed_played":"-9099457506272715149","potions_obtained":[{"floor":11,"key":"ColorlessPotion"},{"floor":14,"key":"Block Potion"},{"floor":16,"key":"sneckomod:MuddlingPotion"}],"is_trial":false,"path_per_floor":["M","$","?","M","?","E","?","?","T","R","M","$","R","E","R","B",null,"M","?","?","?","?","E"],"character_chosen":"THE_CASTER","items_purchased":["Guardian:PocketSentry","caster:LightningBolt","theForsaken:Lifeblossom","caster:Incantation","caster:Barbroot"],"campfire_rested":1,"item_purchase_floors":[2,2,12,12,12],"current_hp_per_floor":[64,64,64,63,63,46,46,46,46,46,47,47,47,18,37,17,64,21,21,21,42,42,0,0],"gold":173,"neow_bonus":"HUNDRED_GOLD","is_daily":false,"chose_seed":false,"campfire_upgraded":1,"win_rate":0.0,"timestamp":1610024271,"path_taken":["M","$","?","M","?","E","?","?","T","R","M","?","R","E","R","BOSS","M","?","?","?","?","E"],"items_purchased_type":["Relic","Card","Relic","Card","Card"],"build_version":"2020-12-22","purchased_purges":0,"victory":false,"max_hp_per_floor":[64,64,64,64,64,64,64,64,64,64,64,64,64,64,64,64,64,64,64,64,64,64,64,64],"card_choices":[{"not_picked":["caster:FlashSpeed","caster:Charge"],"picked":"caster:Rectify","floor":1},{"not_picked":["caster:Illusion","caster:MagicBarrier"],"picked":"caster:FireWall","floor":4},{"not_picked":["caster:SunGoddessAmaterasu","caster:MagicResonance"],"picked":"caster:NaturalChaos","floor":6},{"not_picked":["caster:DiablosFlame","caster:QuickCast"],"picked":"caster:AlternatingCurrent","floor":11},{"not_picked":["caster:FrigidBeam","caster:GlacialShield"],"picked":"caster:ShortenedChant","floor":14},{"not_picked":["caster:IzanagisObdurance","caster:PhoenixFlare"],"picked":"caster:Focusyn","floor":16},{"not_picked":["caster:LAZER","caster:FrigidBeam+1"],"picked":"caster:Sleet","floor":18}],"player_experience":1731423,"relics_obtained":[{"floor":6,"key":"InkBottle"},{"floor":14,"key":"War Paint"}],"event_choices":[{"damage_healed":0,"gold_gain":0,"player_choice":"Take Wound","damage_taken":0,"relics_obtained":["Golden Idol"],"max_hp_gain":0,"max_hp_loss":0,"event_name":"Golden Idol","floor":5,"gold_loss":0,"cards_obtained":["Injury"]},{"damage_healed":0,"gold_gain":175,"player_choice":"AGREE","damage_taken":0,"max_hp_gain":0,"max_hp_loss":0,"event_name":"Liars Game","floor":7,"gold_loss":0,"cards_obtained":["Doubt"]},{"damage_healed":0,"gold_gain":0,"player_choice":"Opened","damage_taken":0,"relics_obtained":["Power_Wrist"],"max_hp_gain":0,"max_hp_loss":0,"event_name":"The Mausoleum","floor":19,"gold_loss":0,"cards_obtained":["Writhe"]},{"damage_healed":0,"gold_gain":0,"player_choice":"Stole Relic","damage_taken":0,"relics_obtained":["Tiny Chest"],"max_hp_gain":0,"max_hp_loss":0,"event_name":"Addict","floor":20,"gold_loss":0,"cards_obtained":["Shame"]},{"damage_healed":21,"gold_gain":0,"player_choice":"Heal","damage_taken":0,"max_hp_gain":0,"max_hp_loss":0,"event_name":"The Library","floor":21,"gold_loss":0},{"damage_healed":0,"gold_gain":0,"player_choice":"Bet on Owner","damage_taken":0,"max_hp_gain":0,"max_hp_loss":0,"event_name":"The Joust","floor":22,"gold_loss":50}],"is_beta":false,"boss_relics":[{"not_picked":["Fusion Hammer","Coffee Dripper"],"picked":"SlaversCollar"}],"items_purged_floors":[],"is_endless":false,"potions_floor_spawned":[11,14,16],"killed_by":"Gremlin Leader","ascension_level":0}}