{"host":"ul7yvwhigba0nw36","time":1610049835,"event":{"mods":["AchievementEnabler","Act Like it!","Aspiration","BaseMod","Colored Map","Colored Powertips","Downfall","Gensokyo","Hermit","Highlight Path","Hubris","Infinite Spire","Minty Spire (QoL Compilation)","Random Character Button","Replay The Spire","StSLib","The Construct","The Cursed","The Disciple","The Necromancer"],"gold_per_floor":[111,111,127,127,144,163,192,209,233,233,12,12,42,62,62,397,397,412,422,435,448,448,448,467,147,216,244,258,2,31,31,31,31,31],"floor_reached":33,"playtime":2102,"items_purged":["hermit:Strike_Hermit"],"score":324,"play_id":"2bce0e76-6b08-4be2-9d2d-f63e45ce27de","local_time":"20210107200355","is_ascension_mode":false,"campfire_choices":[{"data":"hermit:GoldenBullet","floor":12,"key":"SMITH"},{"data":"hermit:Maintenance","floor":15,"key":"SMITH"},{"data":"hermit:Dissolve","floor":23,"key":"SMITH"},{"floor":32,"key":"REST"}],"circlet_count":0,"master_deck":["hermit:Strike_Hermit","hermit:Strike_Hermit","hermit:Strike_Hermit","hermit:Defend_Hermit","hermit:Defend_Hermit","hermit:Defend_Hermit","hermit:Defend_Hermit","hermit:Snapshot","hermit:Covet","hermit:TrackingShot","Pain","hermit:GoldenBullet+1","hermit:WideOpen+1","hermit:GhostlyPresence+1","hermit:Coalescence","hermit:Feint","hermit:Maintenance+1","hermit:Dissolve+1","Doubt","Shame","Spreading Infection","hermit:Grudge+1","hermit:HighCaliber","hermit:Deadeye+1","hermit:Maintenance+1","hermit:Grudge+1","hermit:HighCaliber","hermit:WideOpen","hermit:FlashPowder+1","hermit:GoldenBullet"],"relics":["hermit:Momento","NeowsBlessing","Gensokyo:OccultBall","Gensokyo:LunaticRedEyes","infinitespire:Satchel","Pen Nib","Meat on the Bone","Guardian:BottledAnomaly","Ginger","Replay:Ancient Bell","Guardian:PocketSentry","Shuriken","Turnip","Orrery","Guide Book","Letter Opener","Nunchaku","infinitespire:Bottled Soul","construct:BoolHorns"],"acts_visited":["Exordium","Gensokyo:Gensokyo"],"potions_floor_usage":[16,16,30,30,33,33],"damage_taken":[{"damage":0,"enemies":"Gensokyo:Python","floor":1,"turns":1},{"damage":0,"enemies":"Gensokyo:Gryphon","floor":3,"turns":1},{"damage":0,"enemies":"Gensokyo:2_Kodama","floor":5,"turns":1},{"damage":17,"enemies":"Gensokyo:LivingMonolith","floor":6,"turns":4},{"damage":20,"enemies":"Gensokyo:Mamizou","floor":7,"turns":9},{"damage":0,"enemies":"Gensokyo:3_Kodama","floor":8,"turns":4},{"damage":13,"enemies":"Gensokyo:Aya","floor":13,"turns":3},{"damage":0,"enemies":"Gensokyo:Kitsune","floor":14,"turns":1},{"damage":25,"enemies":"Gensokyo:Reimu","floor":16,"turns":7},{"damage":0,"enemies":"Gensokyo:Chomper","floor":18,"turns":3},{"damage":4,"enemies":"Gensokyo:2_Gloops","floor":19,"turns":4},{"damage":13,"enemies":"Gensokyo:Slime_Group","floor":20,"turns":4},{"damage":14,"enemies":"Gensokyo:Swordslinger","floor":21,"turns":3},{"damage":8,"enemies":"Gensokyo:Mirror_and_Dog","floor":24,"turns":3},{"damage":36,"enemies":"Gensokyo:Reisen","floor":27,"turns":5},{"damage":10,"enemies":"Gensokyo:Chomper_and_Gloop","floor":28,"turns":4},{"damage":0,"enemies":"Gensokyo:Tenshi","floor":30,"turns":2},{"damage":102,"enemies":"Gensokyo:Eternal_Rivals","floor":33,"turns":11}],"seed_played":"-5716107942420823798","potions_obtained":[{"floor":1,"key":"LiquidMemories"},{"floor":6,"key":"Fire Potion"},{"floor":7,"key":"infinitespire:BlackPotion"},{"floor":19,"key":"infinitespire:BlackPotion"},{"floor":20,"key":"hermit:Eclipse"},{"floor":30,"key":"Toxic Potion"}],"is_trial":false,"path_per_floor":["M","?","M","?","M","M","E","M","T","T","$","R","E","M","R","B",null,"M","M","M","M","?","R","M","COS","T","E","M","$","E","?","R","B"],"character_chosen":"HERMIT","items_purchased":["Guardian:BottledAnomaly","infinitespire:Bottled Soul"],"campfire_rested":1,"item_purchase_floors":[11,29],"current_hp_per_floor":[75,75,75,75,75,58,38,38,38,38,38,38,37,49,49,36,75,75,71,58,44,44,44,48,48,48,24,26,26,48,48,70,0,0],"gold":31,"neow_bonus":"THREE_ENEMY_KILL","is_daily":false,"chose_seed":false,"campfire_upgraded":3,"win_rate":0.0,"timestamp":1610049835,"path_taken":["M","?","?","?","?","M","E","M","T","?","?","R","E","M","R","BOSS","M","?","M","M","?","R","M","COS","T","E","M","$","E","?","R","BOSS"],"items_purchased_type":["Relic","Relic"],"build_version":"2020-12-22","purchased_purges":1,"victory":false,"max_hp_per_floor":[75,75,75,75,75,75,75,75,75,75,75,75,75,75,75,75,75,75,75,75,75,75,75,75,75,75,75,75,75,75,75,75,75,75],"card_choices":[{"not_picked":["hermit:Midnight","hermit:CalledShot"],"picked":"hermit:GhostlyPresence","floor":1},{"not_picked":["hermit:Coalescence","hermit:NoHoldsBarred"],"picked":"hermit:TrackingShot","floor":3},{"not_picked":["hermit:Headshot","hermit:HighCaliber"],"picked":"hermit:GoldenBullet","floor":5},{"not_picked":["hermit:HoleUp","hermit:GhostlyPresence"],"picked":"hermit:WideOpen","floor":6},{"not_picked":["hermit:Desperado","hermit:LoneWolf"],"picked":"hermit:GhostlyPresence","floor":7},{"not_picked":["hermit:ItchyTrigger","hermit:Grudge"],"picked":"hermit:Coalescence","floor":8},{"not_picked":["hermit:Snipe","hermit:Malice"],"picked":"hermit:Feint","floor":13},{"not_picked":["hermit:FinalCanter","hermit:PistolWhip"],"picked":"hermit:Maintenance","floor":14},{"not_picked":["hermit:Reprieve","hermit:Magnum"],"picked":"hermit:Dissolve","floor":16},{"not_picked":["hubris:Disease","infinitespire:Pacifist"],"picked":"Doubt","floor":17},{"not_picked":["hubris:Gluttony","Gensokyo:AllTheWorldsEvil"],"picked":"Shame","floor":17},{"not_picked":["Replay:Hysterical Blindness","hubris:Lust"],"picked":"Spreading Infection","floor":17},{"not_picked":["hermit:WideOpen","hermit:LowProfile"],"picked":"hermit:Grudge+1","floor":18},{"not_picked":["hermit:Shortfuse","hermit:Desperado","hermit:Manifest"],"picked":"SKIP","floor":19},{"not_picked":["hermit:Midnight","hermit:Glare+1"],"picked":"hermit:HighCaliber","floor":20},{"not_picked":["hermit:Snipe","hermit:Dive"],"picked":"hermit:Deadeye","floor":21},{"not_picked":["hermit:Malice","hermit:Brawl"],"picked":"hermit:Maintenance+1","floor":24},{"not_picked":["hermit:Adapt","hermit:Snipe+1"],"picked":"hermit:Grudge+1","floor":25},{"not_picked":["hermit:NoHoldsBarred","hermit:Virtue+1"],"picked":"hermit:HighCaliber","floor":25},{"not_picked":["hermit:Manifest","hermit:Snipe"],"picked":"hermit:WideOpen","floor":25},{"not_picked":["hermit:Roulette+1","hermit:SprayPray+1","hermit:TakeAim"],"picked":"SKIP","floor":27},{"not_picked":["hermit:LowProfile","hermit:Gestalt"],"picked":"hermit:FlashPowder+1","floor":28},{"not_picked":["hermit:PistolWhip","hermit:Vantage"],"picked":"hermit:GoldenBullet","floor":30}],"player_experience":427157,"relics_obtained":[{"floor":7,"key":"infinitespire:Satchel"},{"floor":9,"key":"Pen Nib"},{"floor":10,"key":"Meat on the Bone"},{"floor":13,"key":"Gensokyo:OccultBall"},{"floor":13,"key":"Ginger"},{"floor":14,"key":"Gensokyo:OccultBall"},{"floor":16,"key":"Gensokyo:OccultBall"},{"floor":18,"key":"Gensokyo:OccultBall"},{"floor":26,"key":"Letter Opener"},{"floor":27,"key":"Gensokyo:OccultBall"},{"floor":27,"key":"Nunchaku"},{"floor":30,"key":"construct:BoolHorns"}],"event_choices":[],"is_beta":false,"boss_relics":[{"not_picked":["aspiration:SilentSkillbook","SlaversCollar"],"picked":"Replay:Ancient Bell"},{"not_picked":["Replay:Mystery Machine","CeramicFish"],"picked":"Guardian:PocketSentry"},{"not_picked":["Pear","infinitespire:Eraser"],"picked":"Shuriken"},{"not_picked":["Bird Faced Urn","Dead Branch"],"picked":"Turnip"}],"items_purged_floors":[11],"is_endless":false,"potions_floor_spawned":[1,6,7,8,13,19,20,30],"killed_by":"Gensokyo:Eternal_Rivals","ascension_level":0}}