{"host":"j4g6ia6asvpyu2b0","time":1610036347,"event":{"mods":["BaseMod","Colored Map","Minty Spire (QoL Compilation)","Permanent Neow","Quick Restart","Relic Stats","StSLib","Unceasing Turn Reminder"],"gold_per_floor":[368,443,443,143,159,159,184,200,200,200,200,216,244,95,95,198,198,216,216,216,226,226,226],"floor_reached":22,"playtime":516,"items_purged":["Strike_B"],"score":327,"play_id":"82acd469-e7f3-44a7-821a-5817a456210d","local_time":"20210107091907","is_ascension_mode":true,"campfire_choices":[{"data":"Zap","floor":6,"key":"SMITH"},{"floor":11,"key":"REST"},{"data":"Defragment","floor":15,"key":"SMITH"}],"circlet_count":0,"master_deck":["Strike_B","Strike_B+1","Defend_B","Defend_B","Defend_B","Defend_B","Zap+1","Dualcast","Sweeping Beam","Sweeping Beam","Gash+1","Chill","Gash","Rebound","Streamline","Loop","Compile Driver","Defragment+1","Machine Learning","Coolheaded+1","Necronomicurse","Loop"],"relics":["Cracked Core","Mango","Sling","Whetstone","Toxic Egg 2","Kunai","Nuclear Battery","Necronomicon","Lizard Tail"],"acts_visited":["Exordium","TheCity"],"potions_floor_usage":[7,13,21,22],"damage_taken":[{"damage":4,"enemies":"Small Slimes","floor":1,"turns":3},{"damage":2,"enemies":"Jaw Worm","floor":5,"turns":3},{"damage":18,"enemies":"Gremlin Nob","floor":7,"turns":3},{"damage":5,"enemies":"2 Louse","floor":8,"turns":3},{"damage":15,"enemies":"Exordium Wildlife","floor":12,"turns":4},{"damage":23,"enemies":"Lagavulin","floor":13,"turns":4},{"damage":0,"enemies":"Slime Boss","floor":16,"turns":5},{"damage":0,"enemies":"Spheric Guardian","floor":18,"turns":3},{"damage":27,"enemies":"2 Thieves","floor":21,"turns":4},{"damage":31,"enemies":"3 Cultists","floor":22,"turns":5}],"seed_played":"-95697812977784806","potions_obtained":[{"floor":5,"key":"ColorlessPotion"},{"floor":7,"key":"Ancient Potion"},{"floor":12,"key":"DuplicationPotion"},{"floor":13,"key":"Weak Potion"},{"floor":18,"key":"SkillPotion"}],"is_trial":false,"path_per_floor":["M","?","?","$","M","R","E","M","T","?","R","M","E","$","R","B",null,"M","?","T","M","M"],"character_chosen":"DEFECT","items_purchased":["Sling","Sweeping Beam","Gash","Chill","Defragment"],"campfire_rested":1,"item_purchase_floors":[4,4,4,4,14],"current_hp_per_floor":[64,53,55,55,53,53,35,30,30,30,54,39,16,16,16,16,66,66,50,50,23,41,41],"gold":226,"neow_bonus":"TWO_FIFTY_GOLD","is_daily":false,"chose_seed":false,"campfire_upgraded":2,"win_rate":0.0,"timestamp":1610036347,"path_taken":["M","?","?","$","M","R","E","M","T","?","R","M","E","?","R","BOSS","M","?","?","M","M"],"items_purchased_type":["Relic","Card","Card","Card","Card"],"build_version":"2020-12-22","purchased_purges":1,"victory":false,"max_hp_per_floor":[68,68,82,82,82,82,82,82,82,82,82,82,82,82,82,82,82,82,82,82,82,82,82],"relic_stats":{"Lizard Tail":41,"counters":[10,37],"Necronomicon":[2],"Whetstone":["Gash","Strike_B"],"Kunai":[6],"obtain_stats":[{"Lizard Tail":20,"Mango":3,"Necronomicon":19,"Whetstone":7,"Kunai":13,"Toxic Egg 2":9,"Cracked Core":0,"Sling":4,"Nuclear Battery":17},{"Lizard Tail":8,"Mango":1,"Necronomicon":8,"Whetstone":3,"Kunai":6,"Toxic Egg 2":4,"Cracked Core":0,"Sling":1,"Nuclear Battery":7},{"Lizard Tail":28,"Mango":3,"Necronomicon":28,"Whetstone":9,"Kunai":20,"Toxic Egg 2":12,"Cracked Core":0,"Sling":3,"Nuclear Battery":25}]},"card_choices":[{"not_picked":["Beam Cell","Compile Driver"],"picked":"Sweeping Beam","floor":1},{"not_picked":["Go for the Eyes","Coolheaded"],"picked":"Gash","floor":5},{"not_picked":["Reinforced Body","Rainbow"],"picked":"Rebound","floor":7},{"not_picked":["Barrage","Aggregate"],"picked":"Streamline","floor":8},{"not_picked":["Hologram+1","Turbo+1"],"picked":"Loop","floor":12},{"not_picked":["Turbo+1","Rebound"],"picked":"Compile Driver","floor":13},{"not_picked":["Creative AI","Meteor Strike"],"picked":"Machine Learning","floor":16},{"not_picked":["Streamline","Cold Snap"],"picked":"Coolheaded+1","floor":18},{"not_picked":["Leap+1","Rip and Tear"],"picked":"Loop","floor":21}],"player_experience":748837,"relics_obtained":[{"floor":7,"key":"Whetstone"},{"floor":9,"key":"Toxic Egg 2"},{"floor":13,"key":"Kunai"},{"floor":19,"key":"Necronomicon"},{"floor":20,"key":"Lizard Tail"}],"event_choices":[{"damage_healed":0,"gold_gain":75,"player_choice":"Gather Gold","damage_taken":11,"max_hp_gain":0,"max_hp_loss":0,"event_name":"World of Goop","floor":2,"gold_loss":0},{"damage_healed":0,"gold_gain":0,"player_choice":"Success","damage_taken":12,"relics_obtained":["Mango"],"max_hp_gain":0,"max_hp_loss":0,"event_name":"Scrap Ooze","floor":3,"gold_loss":0},{"cards_removed":["Strike_B"],"damage_healed":0,"gold_gain":0,"player_choice":"Forget","damage_taken":0,"max_hp_gain":0,"max_hp_loss":0,"event_name":"Living Wall","floor":10,"gold_loss":0},{"damage_healed":0,"gold_gain":0,"player_choice":"Obtained Book","damage_taken":16,"max_hp_gain":0,"max_hp_loss":0,"event_name":"Cursed Tome","floor":19,"gold_loss":0}],"is_beta":false,"boss_relics":[{"not_picked":["Runic Dome","Tiny House"],"picked":"Nuclear Battery"}],"items_purged_floors":[14],"is_endless":false,"potions_floor_spawned":[5,7,12,13,18],"killed_by":"3 Cultists","ascension_level":7}}