{"host":"o5or1zybx7au40zl","time":1610021803,"event":{"mods":["Act Like it!","BaseMod","Better Third Choice","Conspire","Dota2Spire","Hubris","Minty Spire (QoL Compilation)","Replay The Spire","StSLib"],"gold_per_floor":[118,118,135,235,247,278,278,313,313,313,330,19,19,19,19,124,124,143,143,154,173,187,187,212,212,235,260,260,296,41,60,60,173,173,214,237,274,26,55,101,138,138,138,138,184,233,233,275,275,291,291,291,41,108,128,128],"floor_reached":55,"playtime":1579,"items_purged":[],"score":754,"play_id":"00ff8483-6ec6-4280-b753-9a50c8a7cf8d","local_time":"20210107131643","is_ascension_mode":false,"campfire_choices":[{"floor":7,"key":"REST"},{"floor":10,"key":"REST"},{"floor":13,"key":"REST"},{"floor":15,"key":"RECALL"},{"data":"Inflame","floor":23,"key":"SMITH"},{"data":"Metallicize","floor":25,"key":"SMITH"},{"floor":32,"key":"REST"},{"floor":44,"key":"REST"},{"data":"Metallicize","floor":47,"key":"SMITH"},{"floor":49,"key":"REST"},{"data":"Heavy Blade","floor":52,"key":"SMITH"}],"circlet_count":0,"master_deck":["Strike_R","Bash","conspire:Purge","Metallicize+1","Twin Strike","Hemokinesis","Inflame+1","Seeing Red","Metallicize+1","Clash","Clash","conspire:ExplosiveBarrier+1","Immolate","Reaper","Pummel","hubris:SharpeningStone+1","Anger+1","Clothesline+1","Bludgeon","Uppercut+1","Heavy Blade+1","Uppercut+1","Infernal Blade+1","Metallicize+1","Pummel+1"],"relics":["Burning Blood","Replay:Towering Pillar of Hats","Blue Doll","Replay:WaspNest","Dota2Spire:RefresherOrb","Dota2Spire:Butterfly","Replay:Bandana","Pantograph","MawBank","hubris:Metronome","Dota2Spire:Bloodstone","Replay:Bottled Flurry","Ancient Tea Set","Omamori","Replay:Ringing Soul","ReplayTheSpireMod:Shallot","King of Hearts"],"acts_visited":["Exordium","TheCity","TheBeyond","TheEnding"],"potions_floor_usage":[6,16,24,24,31,54,55],"damage_taken":[{"damage":17,"enemies":"2 Louse","floor":1,"turns":3},{"damage":11,"enemies":"Cultist","floor":3,"turns":3},{"damage":16,"enemies":"Small Slimes","floor":5,"turns":3},{"damage":31,"enemies":"Gremlin Nob","floor":6,"turns":4},{"damage":45,"enemies":"3 Sentries","floor":8,"turns":6},{"damage":18,"enemies":"Exordium Thugs","floor":11,"turns":4},{"damage":25,"enemies":"Fading Forest","floor":16,"turns":11},{"damage":21,"enemies":"Shell Parasite","floor":18,"turns":3},{"damage":16,"enemies":"conspire:FuzzyDice","floor":20,"turns":4},{"damage":3,"enemies":"conspire:HollyBat","floor":21,"turns":8},{"damage":2,"enemies":"3 Cultists","floor":22,"turns":3},{"damage":15,"enemies":"Book of Stabbing","floor":24,"turns":2},{"damage":22,"enemies":"Snake Plant","floor":27,"turns":3},{"damage":31,"enemies":"conspire:SneckoGhost","floor":29,"turns":8},{"damage":7,"enemies":"conspire:HollyBat","floor":31,"turns":5},{"damage":29,"enemies":"hubris:MusketHawk","floor":33,"turns":7},{"damage":11,"enemies":"3 Shapes","floor":35,"turns":2},{"damage":11,"enemies":"Orb Walker","floor":36,"turns":3},{"damage":12,"enemies":"Jaw Worm Horde","floor":37,"turns":2},{"damage":26,"enemies":"Writhing Mass","floor":39,"turns":4},{"damage":18,"enemies":"R_Hoarder","floor":40,"turns":8},{"damage":17,"enemies":"Maw","floor":41,"turns":6},{"damage":20,"enemies":"3 Darklings","floor":45,"turns":4},{"damage":35,"enemies":"Nemesis","floor":46,"turns":5},{"damage":17,"enemies":"Sphere and 2 Shapes","floor":48,"turns":3},{"damage":68,"enemies":"Donu and Deca","floor":50,"turns":8},{"damage":56,"enemies":"Shield and Spear","floor":54,"turns":6},{"damage":100,"enemies":"The Heart","floor":55,"turns":6}],"seed_played":"-7937493612542403550","potions_obtained":[{"floor":1,"key":"Strength Potion"},{"floor":8,"key":"Explosive Potion"},{"floor":11,"key":"Dota2Spire:Clarity"},{"floor":21,"key":"AttackPotion"},{"floor":22,"key":"FearPotion"},{"floor":24,"key":"Reflective Coating"},{"floor":29,"key":"GamblersBrew"},{"floor":33,"key":"Swift Potion"}],"is_trial":false,"path_per_floor":["M","?","M","?","M","E","R","E","T","R","M","$","R","$","R","B",null,"M","?","M","M","M","R","E","R","T","M","T","E","$","M","R","B",null,"M","M","M","$","M","E","M","$","T","R","M","E","R","M","R","B",null,"R","$","E","B"],"character_chosen":"IRONCLAD","items_purchased":["Replay:WaspNest","Clash","conspire:ExplosiveBarrier+1","hubris:Metronome","Anger+1","Replay:Bottled Flurry","ReplayTheSpireMod:Shallot"],"campfire_rested":6,"item_purchase_floors":[12,12,12,30,30,38,53],"current_hp_per_floor":[69,69,64,64,54,29,53,14,14,38,26,26,50,50,50,61,80,65,65,55,58,62,62,53,53,53,37,37,22,22,21,45,52,80,80,75,69,69,55,52,46,46,46,70,66,53,53,45,70,38,86,86,86,37,0,0],"gold":128,"neow_bonus":"ONE_RANDOM_RARE_CARD","is_daily":false,"chose_seed":false,"campfire_upgraded":4,"win_rate":0.0,"timestamp":1610021803,"path_taken":["M","?","?","?","M","E","R","E","T","R","M","$","R","?","R","BOSS","M","?","?","M","M","R","E","R","T","M","?","E","$","?","R","BOSS","M","?","M","?","M","E","M","$","T","R","M","E","R","M","R","BOSS","R","$","E","BOSS"],"items_purchased_type":["Relic","Card","Card","Relic","Card","Relic","Relic"],"build_version":"2020-12-22","purchased_purges":0,"victory":false,"max_hp_per_floor":[80,80,80,80,80,80,80,80,80,80,80,80,80,80,80,80,80,80,80,80,80,80,80,80,80,80,80,80,80,80,80,80,80,80,80,80,80,80,80,80,80,80,80,80,80,83,83,86,86,86,86,86,86,86,86,86],"card_choices":[{"not_picked":["Iron Wave","Shrug It Off"],"picked":"Metallicize","floor":1},{"not_picked":["Pommel Strike","Shrug It Off"],"picked":"Twin Strike","floor":3},{"not_picked":["Clothesline","Sword Boomerang"],"picked":"Hemokinesis","floor":5},{"not_picked":["Dual Wield","Perfected Strike"],"picked":"Inflame","floor":6},{"not_picked":["Perfected Strike","Run Through"],"picked":"Seeing Red","floor":8},{"not_picked":["Anger","Feel No Pain"],"picked":"Metallicize","floor":11},{"not_picked":["conspire:HitWhereItHurts","Hemogenesis"],"picked":"Immolate","floor":16},{"not_picked":["Headbutt+1","Heavy Blade","Havoc"],"picked":"SKIP","floor":18},{"not_picked":["Flex","Searing Blow","Ghostly Armor"],"picked":"SKIP","floor":20},{"not_picked":["Headbutt","Power Through","Armaments"],"picked":"SKIP","floor":21},{"not_picked":["Iron Wave","Armaments","Blood for Blood"],"picked":"SKIP","floor":22},{"not_picked":["Intimidate","Havoc+1"],"picked":"Reaper","floor":24},{"not_picked":["Twin Strike","Havoc"],"picked":"Pummel","floor":27},{"not_picked":["Rampage","ReplayTheSpireMod:Strike From Hell"],"picked":"hubris:SharpeningStone+1","floor":29},{"not_picked":["Spot Weakness","Cleave"],"picked":"Clothesline+1","floor":31},{"not_picked":["Brutality","conspire:HitWhereItHurts"],"picked":"Bludgeon","floor":33},{"not_picked":["Cleave+1","Combust+1"],"picked":"Uppercut+1","floor":35},{"not_picked":["Ghostly Armor","True Grit"],"picked":"Heavy Blade","floor":36},{"not_picked":["True Grit","Flex+1","Wild Strike"],"picked":"SKIP","floor":37},{"not_picked":["Pommel Strike+1","Shrug It Off","Headbutt+1"],"picked":"SKIP","floor":39},{"not_picked":["Fiend Fire","Intimidate"],"picked":"Uppercut+1","floor":40},{"not_picked":["Rampage+1","Warcry"],"picked":"Infernal Blade+1","floor":41},{"not_picked":["Abandon+1","Evolve","Pummel"],"picked":"SKIP","floor":45},{"not_picked":["Shrug It Off+1","hubris:ReadiedAction+1"],"picked":"Metallicize+1","floor":46},{"not_picked":["Sword Boomerang+1","Anger+1"],"picked":"Pummel+1","floor":48},{"not_picked":["Shrug It Off","Replay:Undeath\u0027s Touch","hubris:ReadiedAction"],"picked":"SKIP","floor":54}],"player_experience":924521,"relics_obtained":[{"floor":6,"key":"Replay:Towering Pillar of Hats"},{"floor":8,"key":"Blue Doll"},{"floor":24,"key":"Dota2Spire:Butterfly"},{"floor":26,"key":"Replay:Bandana"},{"floor":28,"key":"Pantograph"},{"floor":29,"key":"MawBank"},{"floor":40,"key":"Ancient Tea Set"},{"floor":43,"key":"Omamori"},{"floor":46,"key":"Replay:Ringing Soul"},{"floor":54,"key":"King of Hearts"}],"event_choices":[{"damage_healed":0,"gold_gain":0,"player_choice":"Bought 0 Potions","damage_taken":0,"max_hp_gain":0,"max_hp_loss":0,"event_name":"The Woman in Blue","floor":2,"gold_loss":0},{"damage_healed":0,"gold_gain":100,"player_choice":"Gold","damage_taken":0,"max_hp_gain":0,"max_hp_loss":0,"event_name":"Wheel of Change","floor":4,"gold_loss":0},{"damage_healed":0,"gold_gain":0,"player_choice":"Ignored","damage_taken":0,"max_hp_gain":0,"max_hp_loss":0,"event_name":"NoteForYourself","floor":19,"gold_loss":0}],"is_beta":false,"boss_relics":[{"not_picked":["conspire:RunicOctahedron","Coffee Dripper"],"picked":"Dota2Spire:RefresherOrb"},{"not_picked":["conspire:RoyalGoblet","Replay:Wanted Poster"],"picked":"Dota2Spire:Bloodstone"}],"items_purged_floors":[],"is_endless":false,"potions_floor_spawned":[1,8,11,21,22,24,29,33,37,41,48],"killed_by":"The Heart","ascension_level":0}}