{"host":"4cz9gr89nglr7k8k","time":1610047632,"event":{"mods":["BaseMod","Minty Spire (QoL Compilation)","Relic Stats","Slay-I"],"gold_per_floor":[112,112,124,143,143,143,153,61,130,130,142,142,158,433,433,507,507,519,519,519],"floor_reached":19,"playtime":375,"items_purged":[],"score":318,"play_id":"70e7d50c-2b3c-4063-9fef-27d87b4d1a03","local_time":"20210107202712","is_ascension_mode":true,"campfire_choices":[{"data":"Clothesline","floor":6,"key":"SMITH"},{"floor":10,"key":"REST"},{"data":"Dramatic Entrance","floor":12,"key":"SMITH"},{"data":"Fiend Fire","floor":15,"key":"SMITH"}],"circlet_count":0,"master_deck":["AscendersBane","Bash","Clothesline+1","Flex","Anger","Perfected Strike","Dramatic Entrance+1","Fiend Fire+1","Twin Strike","Regret","Fiend Fire","Entrench","Uppercut","True Grit","Armaments","Headbutt","Battle Trance","Juggernaut","Flex","Searing Blow","Metallicize"],"relics":["Burning Blood","NeowsBlessing","CultistMask","Eternal Feather","Pandora\u0027s Box"],"acts_visited":["Exordium","TheCity"],"potions_floor_usage":[16],"damage_taken":[{"damage":0,"enemies":"Jaw Worm","floor":1,"turns":1},{"damage":0,"enemies":"Cultist","floor":3,"turns":1},{"damage":0,"enemies":"Small Slimes","floor":4,"turns":1},{"damage":56,"enemies":"Gremlin Gang","floor":7,"turns":6},{"damage":16,"enemies":"Exordium Thugs","floor":11,"turns":3},{"damage":0,"enemies":"Lots of Slimes","floor":13,"turns":1},{"damage":72,"enemies":"The Guardian","floor":16,"turns":9},{"damage":3,"enemies":"Chosen","floor":18,"turns":3},{"damage":70,"enemies":"3 Byrds","floor":19,"turns":5}],"seed_played":"2687028711008331847","potions_obtained":[{"floor":4,"key":"SpeedPotion"},{"floor":7,"key":"SteroidPotion"},{"floor":16,"key":"DuplicationPotion"}],"is_trial":false,"path_per_floor":["M","?","M","M","?","R","M","$","T","R","M","R","M","?","R","B",null,"M","M"],"character_chosen":"IRONCLAD","items_purchased":["Dramatic Entrance"],"campfire_rested":1,"item_purchase_floors":[8],"current_hp_per_floor":[74,74,75,75,80,80,30,30,30,63,53,62,68,68,77,11,63,66,0,0],"gold":519,"neow_bonus":"THREE_ENEMY_KILL","is_daily":false,"chose_seed":false,"campfire_upgraded":3,"win_rate":0.0,"timestamp":1610047632,"path_taken":["M","?","?","M","?","R","M","$","T","R","M","R","M","?","R","BOSS","M","?"],"items_purchased_type":["Card"],"build_version":"2020-12-22","purchased_purges":0,"victory":false,"max_hp_per_floor":[75,75,75,75,80,80,80,80,80,80,80,80,80,80,80,80,80,80,80,80],"relic_stats":{"counters":[9,30],"Eternal Feather":27,"Pandora\u0027s Box":["Entrench","Uppercut","True Grit","Armaments","Headbutt","Battle Trance","Juggernaut","Flex","Searing Blow"],"obtain_stats":[{"NeowsBlessing":0,"Eternal Feather":9,"Pandora\u0027s Box":17,"CultistMask":2,"Burning Blood":0},{"NeowsBlessing":0,"Eternal Feather":4,"Pandora\u0027s Box":7,"CultistMask":1,"Burning Blood":0},{"NeowsBlessing":0,"Eternal Feather":9,"Pandora\u0027s Box":22,"CultistMask":1,"Burning Blood":0}],"Burning Blood":37},"card_choices":[{"not_picked":["Armaments","Warcry"],"picked":"Clothesline","floor":1},{"not_picked":["Anger","Iron Wave"],"picked":"Flex","floor":3},{"not_picked":["Wild Strike","Rampage"],"picked":"Anger","floor":4},{"not_picked":["Burning Pact","Sword Boomerang"],"picked":"Perfected Strike","floor":7},{"not_picked":["True Grit","Heavy Blade"],"picked":"Fiend Fire","floor":11},{"not_picked":["Heavy Blade","Iron Wave"],"picked":"Twin Strike","floor":13},{"not_picked":["Limit Break","Barricade"],"picked":"Fiend Fire","floor":16},{"not_picked":["Anger","Second Wind"],"picked":"Metallicize","floor":18}],"player_experience":1481318,"relics_obtained":[{"floor":9,"key":"Eternal Feather"}],"event_choices":[{"damage_healed":0,"gold_gain":0,"player_choice":"Trade","damage_taken":0,"relics_obtained":["CultistMask"],"max_hp_gain":0,"max_hp_loss":0,"event_name":"FaceTrader","floor":2,"gold_loss":0},{"damage_healed":0,"gold_gain":0,"player_choice":"Donut","damage_taken":0,"max_hp_gain":5,"max_hp_loss":0,"event_name":"Big Fish","floor":5,"gold_loss":0},{"damage_healed":0,"gold_gain":275,"player_choice":"Desecrate","damage_taken":0,"max_hp_gain":0,"max_hp_loss":0,"event_name":"Golden Shrine","floor":14,"gold_loss":0,"cards_obtained":["Regret"]}],"is_beta":false,"boss_relics":[{"not_picked":["SacredBark","Sozu"],"picked":"Pandora\u0027s Box"}],"items_purged_floors":[],"is_endless":false,"potions_floor_spawned":[4,7,16],"killed_by":"3 Byrds","ascension_level":20}}