{"host":"zntn5kfpqqjb7mu3","time":1610033240,"event":{"mods":["AchievementEnabler","Aspiration","BaseMod","Better-Laid Plans","Colored Map","Colored Powertips","Curses Come First","DNKmod","Friendly Minions","Hermit","Marked Mod","Minty Spire (QoL Compilation)","MostiFishMod","Permanent Neow","Quick Restart","Rare Cards Sparkle","Relic Stats","Remove Card Discount Mod","Replay The Spire","Spicy Shops","StSLib","SuperFastMode","TestMod","Waifu the Spire","vexMod","¡¾ÒÅÎï¿¨ÅÆ¡¿REMEMod","óô»ðÖ¸ÄÏ"],"gold_per_floor":[10010,10030,10043,10053,10065,10090,10090,10108,10108,9867,9867,9867],"floor_reached":11,"playtime":364,"items_purged":[],"score":138,"play_id":"4648658b-3bd9-43cb-ad38-08c2f7e41a9f","local_time":"20210107232720","is_ascension_mode":true,"campfire_choices":[{"floor":7,"key":"RECALL"}],"circlet_count":0,"master_deck":["Strike_R","Strike_R","Strike_R","Strike_R","Strike_R","Defend_R","Defend_R","Defend_R","Defend_R","Bash","Sickly","A Thousand Cuts","Anger","Reaper","Armaments","Replay:Undeath\u0027s Touch","Armaments","Rage"],"relics":["Burning Blood","testmod-TestBox","REME_ComplimentaryCards","DaveBox","Another Sword","BirthdayGift-Tetrahedron","testmod-IndustrialRevolution","SynthV:TestCard","REME_HourglassOfDeath","aspiration:HummingbirdHeart"],"acts_visited":["Exordium"],"potions_floor_usage":[4],"damage_taken":[{"damage":2,"enemies":"2 Louse","floor":1,"turns":2},{"damage":9,"enemies":"Small Slimes","floor":2,"turns":2},{"damage":11,"enemies":"Jaw Worm","floor":3,"turns":2},{"damage":1,"enemies":"Red Slaver","floor":4,"turns":1},{"damage":2,"enemies":"Large Slime","floor":5,"turns":2},{"damage":4,"enemies":"3 Sentries","floor":6,"turns":3},{"damage":1,"enemies":"2 Fungi Beasts","floor":8,"turns":1},{"damage":0,"enemies":"Lagavulin","floor":11,"turns":1}],"seed_played":"2412537338334822977","potions_obtained":[{"floor":3,"key":"EssenceOfSteel"},{"floor":5,"key":"Reflective Coating"},{"floor":6,"key":"Energy Potion"},{"floor":8,"key":"REME_GoldPotion"}],"is_trial":false,"path_per_floor":["M","M","M","M","M","E","R","M","T","R","E"],"character_chosen":"IRONCLAD","items_purchased":["aspiration:HummingbirdHeart"],"campfire_rested":0,"item_purchase_floors":[10],"current_hp_per_floor":[76,73,69,74,78,80,80,80,80,80,80,80],"gold":9867,"neow_bonus":"ONE_RARE_RELIC","is_daily":false,"chose_seed":false,"campfire_upgraded":0,"win_rate":0.0,"timestamp":1610033240,"path_taken":["M","M","M","M","M","E","R","M","T","R","E"],"items_purchased_type":["Relic"],"build_version":"2020-12-22","purchased_purges":0,"victory":false,"max_hp_per_floor":[80,80,80,80,80,80,80,80,80,80,80,80],"relic_stats":{"counters":[8,14],"obtain_stats":[{"testmod-TestBox":0,"SynthV:TestCard":1,"DaveBox":0,"REME_HourglassOfDeath":6,"Another Sword":0,"aspiration:HummingbirdHeart":10,"testmod-IndustrialRevolution":0,"Burning Blood":0,"BirthdayGift-Tetrahedron":0,"REME_ComplimentaryCards":0},{"testmod-TestBox":0,"SynthV:TestCard":1,"DaveBox":0,"REME_HourglassOfDeath":6,"Another Sword":0,"aspiration:HummingbirdHeart":7,"testmod-IndustrialRevolution":0,"Burning Blood":0,"BirthdayGift-Tetrahedron":0,"REME_ComplimentaryCards":0},{"testmod-TestBox":0,"SynthV:TestCard":2,"DaveBox":0,"REME_HourglassOfDeath":12,"Another Sword":0,"aspiration:HummingbirdHeart":13,"testmod-IndustrialRevolution":0,"Burning Blood":0,"BirthdayGift-Tetrahedron":0,"REME_ComplimentaryCards":0}],"Burning Blood":35},"card_choices":[{"not_picked":["ReplayTheSpireMod:Stacked","Cleave"],"picked":"Anger","floor":1},{"not_picked":["Body Slam","Clash","ReplayTheSpireMod:Strike From Hell","Feel No Pain"],"picked":"Reaper","floor":2},{"not_picked":["Body Slam","Rupture","Ghostly Armor","Shockwave"],"picked":"Armaments","floor":3},{"not_picked":["True Grit","Shockwave","Twin Strike","Reckless Charge"],"picked":"Replay:Undeath\u0027s Touch","floor":4},{"not_picked":["Run Through","True Grit","Iron Wave","MostiFishMod:FireWorks"],"picked":"Armaments","floor":5},{"not_picked":["Ghostly Armor","Headbutt","Corruption","Body Slam","MostiFishMod:RainCloud"],"picked":"SKIP","floor":6},{"not_picked":["Clothesline","Flame Barrier","ReplayTheSpireMod:Strike From Hell","Twin Strike"],"picked":"Rage","floor":8}],"player_experience":66150,"relics_obtained":[{"floor":1,"key":"SynthV:TestCard"},{"floor":6,"key":"REME_HourglassOfDeath"}],"event_choices":[],"is_beta":false,"boss_relics":[],"items_purged_floors":[],"is_endless":false,"potions_floor_spawned":[3,5,6,8],"killed_by":"Lagavulin","ascension_level":7}}