{"host":"zjc1tzo4ovig5lll","time":1610040700,"event":{"mods":["AchievementEnabler","Aspiration","BaseMod","Beaked The Cultist","Better Altar","Better Match","Better Note","Better Sensory Stone","Colored Map","Colored Powertips","Conspire","Energized Spire","Friendly Minions","GifTheSpireLib","Halation","Hermit","Hubris","Minty Spire (QoL Compilation)","Rare Cards Sparkle","Replay The Spire","StSLib","The Blue Laboratory","The Bug Knight","The Construct","The Jungle","everything is the same but u backflip on backflip","vexMod"],"gold_per_floor":[113,148,166,177,193,193,207,241,241,241,65,65,80,91,91,187,187,202,217,217,236,249,249,282,147,147,180,180,180,260,272,272,368,368,381,399,399,412,423,92,92,92],"floor_reached":41,"playtime":1741,"items_purged":["Pain"],"score":609,"play_id":"4966ac10-0682-4d59-a578-7989e5850201","local_time":"20210107193140","is_ascension_mode":true,"campfire_choices":[{"floor":6.0,"key":"REST"},{"data":"Defragment","floor":10.0,"key":"SMITH"},{"data":"BasicCrystalCard","floor":23.0,"key":"SMITH"},{"floor":29.0,"key":"REST"},{"floor":32.0,"key":"RECALL"}],"circlet_count":0,"master_deck":["Strike_B","Strike_B","Strike_B","Strike_B","Defend_B","Defend_B","Defend_B","Defend_B","Dualcast","Glacier","Sunder","ReplayTheSpireMod:Calculation Training","Defragment+1","hubris:PowerSurge","Conserve Battery","Storm+1","Mayhem+1","Deadly Poison","Crystallizer","hubris:PowerSurge","Ball Lightning","Chill","Reboot+1","Force Field","Conserve Battery+1","BasicCrystalCard+1","BasicCrystalCard","Auto Shields","Storm","Defragment","ReplayTheSpireMod:Calculation Training+1","Creative AI+1","White Noise","Leap+1","Static Discharge","Conserve Battery"],"relics":["Prayer Wheel","hubris:AstralHammer","Dream Catcher","Golden Egg","Ring of the Snake","vexMod:CursedCompass","Orichalcum","theJungle:Flamango","Snack Pack","hubris:Towel","conspire:DeflatedDodgeball","Painkiller Herb","WarpedTongs","halation:PeacePiece","Replay:Baseball"],"acts_visited":["Exordium","Exordium","TheBeyond"],"potions_floor_usage":[41],"damage_taken":[{"damage":12.0,"enemies":"Small Slimes","floor":1.0,"turns":4.0},{"damage":4.0,"enemies":"conspire:MimicChest","floor":2.0,"turns":9.0},{"damage":0.0,"enemies":"2 Louse","floor":3.0,"turns":3.0},{"damage":0.0,"enemies":"Cultist","floor":4.0,"turns":4.0},{"damage":1.0,"enemies":"Exordium Thugs","floor":5.0,"turns":5.0},{"damage":0.0,"enemies":"Exordium Wildlife","floor":7.0,"turns":3.0},{"damage":1.0,"enemies":"Lagavulin","floor":8.0,"turns":5.0},{"damage":8.0,"enemies":"Blue Slaver","floor":13.0,"turns":3.0},{"damage":7.0,"enemies":"Large Slime","floor":14.0,"turns":4.0},{"damage":0.0,"enemies":"The Guardian","floor":16.0,"turns":8.0},{"damage":18.0,"enemies":"theJungle:Flameango_and_Byrd","floor":18.0,"turns":4.0},{"damage":6.0,"enemies":"Shell Parasite","floor":19.0,"turns":4.0},{"damage":0.0,"enemies":"theJungle:SlimyTreeVines","floor":21.0,"turns":5.0},{"damage":0.0,"enemies":"Snake Plant","floor":22.0,"turns":4.0},{"damage":1.0,"enemies":"theJungle:2_Phrogs","floor":24.0,"turns":5.0},{"damage":34.0,"enemies":"theJungle:MamaSnecko","floor":27.0,"turns":6.0},{"damage":1.0,"enemies":"theJungle:Lyon","floor":31.0,"turns":4.0},{"damage":16.0,"enemies":"theJungle:FunGuy","floor":33.0,"turns":8.0},{"damage":6.0,"enemies":"Orb Walker","floor":35.0,"turns":3.0},{"damage":8,"enemies":"3 Shapes","floor":36,"turns":3},{"damage":17,"enemies":"3 Darklings","floor":38,"turns":3},{"damage":2,"enemies":"Transient","floor":39,"turns":5},{"damage":56,"enemies":"Nemesis","floor":41,"turns":4}],"seed_played":"-1379313085999134317","potions_obtained":[{"floor":7.0,"key":"Block Potion"},{"floor":27.0,"key":"Fire Potion"},{"floor":33.0,"key":"blueLaboratory:FruitPunch"}],"is_trial":false,"path_per_floor":["M","?","M","M","M","R","M","E","T","R","$","?","M","M","R_BF","B",null,"M","M","$","M","M","R","E","?","T","E","?","R","T","M","R_BF","B",null,"?","?","?","?","?","T","E"],"character_chosen":"DEFECT","items_purchased":["Mayhem","halation:PeacePiece","Replay:Baseball"],"campfire_rested":2,"item_purchase_floors":[11,40,40],"current_hp_per_floor":[42,38,38,38,37,59,59,58,58,58,58,58,50,43,65,65,75,57,51,51,56,56,56,55,55,55,21,21,43,43,42,42,28,75,69,61,61,44,44,44,0,0],"gold":92,"neow_bonus":"THREE_RARE_CARDS","is_daily":false,"chose_seed":false,"campfire_upgraded":2,"win_rate":0.0,"timestamp":1610040700,"path_taken":["M","?","M","M","?","R","M","E","T","R","$","?","M","M","R_BF","BOSS","M","M","$","M","M","R","E","?","T","E","?","R","?","M","R_BF","BOSS","?","?","?","?","?","?","E"],"items_purchased_type":["Card","Relic","Relic"],"build_version":"2020-12-22","purchased_purges":1,"victory":false,"max_hp_per_floor":[75,75,75,75,75,75,75,75,75,75,75,75,75,75,75,75,75,75,75,75,75,75,75,75,75,75,75,75,75,75,75,75,75,75,75,75,75,75,75,75,77,77],"card_choices":[{"not_picked":["Amplify","Core Surge"],"picked":"ReplayTheSpireMod:Fabricate Wheel","floor":0.0},{"not_picked":["Fusion","Streamline"],"picked":"Glacier","floor":1.0},{"not_picked":["Turbo","Sunder","Recycle"],"picked":"SKIP","floor":1.0},{"not_picked":["Panic Button","Beam Cell"],"picked":"Sunder","floor":3.0},{"not_picked":["ReplaySort","Glacier","Redo"],"picked":"SKIP","floor":3.0},{"not_picked":["Doom and Gloom","Steam"],"picked":"ReplayTheSpireMod:Calculation Training","floor":4.0},{"not_picked":["Gash","Panic Button","hubris:Ukulele"],"picked":"SKIP","floor":4.0},{"not_picked":["Genetic Algorithm","Streamline"],"picked":"Defragment","floor":5.0},{"not_picked":["Tempest","hubris:SpecializedCircuitry"],"picked":"hubris:PowerSurge","floor":5.0},{"not_picked":["Skim","Loop"],"picked":"Conserve Battery","floor":7.0},{"not_picked":["Gash","Redo","Beam Cell"],"picked":"SKIP","floor":7.0},{"not_picked":["Rebound","Rip and Tear"],"picked":"Storm","floor":8.0},{"not_picked":["Machine Learning","Sweeping Beam"],"picked":"Crystallizer","floor":13.0},{"not_picked":["Barrage","Redo"],"picked":"hubris:PowerSurge","floor":13.0},{"not_picked":["conspire:Rain","Gash"],"picked":"Ball Lightning","floor":14.0},{"not_picked":["Sweeping Beam","Redo","Coolheaded"],"picked":"SKIP","floor":14.0},{"not_picked":["ReplayTheSpireMod:GoodbyeWorld","Ball Lightning"],"picked":"Chill","floor":15.0},{"not_picked":["Multi-Cast","hubris:Prefetch"],"picked":"Reboot","floor":16.0},{"not_picked":["Beam Cell+1","Time Bomb"],"picked":"Force Field","floor":18.0},{"not_picked":["Stack","Aggregate","conspire:SharedLibrary"],"picked":"SKIP","floor":18.0},{"not_picked":["White Noise","Steam"],"picked":"Conserve Battery+1","floor":19.0},{"not_picked":["Consume","Sweeping Beam","Turbo"],"picked":"SKIP","floor":19.0},{"not_picked":["Panic Button","Glacier+1"],"picked":"BasicCrystalCard","floor":21.0},{"not_picked":["All For One","Gash"],"picked":"BasicCrystalCard","floor":21.0},{"not_picked":["Hologram+1","Go for the Eyes+1"],"picked":"Auto Shields","floor":22.0},{"not_picked":["Coolheaded+1","Steam"],"picked":"Storm","floor":22.0},{"not_picked":["Scrape","Heatsinks"],"picked":"Defragment","floor":24.0},{"not_picked":["Streamline","BasicCrystalCard","Barrage"],"picked":"SKIP","floor":27.0},{"not_picked":["Static Discharge","Reboot"],"picked":"ReplayTheSpireMod:Calculation Training+1","floor":29.0},{"not_picked":["Cold Snap","Conserve Battery","Ball Lightning"],"picked":"SKIP","floor":31.0},{"not_picked":["Gash","Doom and Gloom","Streamline"],"picked":"SKIP","floor":31.0},{"not_picked":["Echo Form","Fission"],"picked":"Creative AI","floor":33.0},{"not_picked":["Turbo+1","Barrage+1"],"picked":"White Noise","floor":35.0},{"not_picked":["Rebound","Consume","Ball Lightning"],"picked":"SKIP","floor":35.0},{"not_picked":["Sweeping Beam","Fission"],"picked":"Leap+1","floor":36},{"not_picked":["ReplayTheSpireMod:System Scan","Ball Lightning+1","Go for the Eyes+1"],"picked":"SKIP","floor":36},{"not_picked":["Sweeping Beam","Fission","ReplaySort+1"],"picked":"SKIP","floor":38},{"not_picked":["Ball Lightning+1","Hologram+1","Redo+1"],"picked":"SKIP","floor":38},{"not_picked":["Turbo","Redo"],"picked":"Static Discharge","floor":39},{"not_picked":["Gash+1","Reboot"],"picked":"Conserve Battery","floor":39}],"player_experience":631405,"relics_obtained":[{"floor":2.0,"key":"hubris:AstralHammer"},{"floor":8.0,"key":"Dream Catcher"},{"floor":9.0,"key":"Golden Egg"},{"floor":24.0,"key":"Orichalcum"},{"floor":27.0,"key":"Snack Pack"},{"floor":30.0,"key":"conspire:DeflatedDodgeball"}],"event_choices":[{"damage_healed":0,"gold_gain":0,"player_choice":"Rummage","damage_taken":0,"relics_obtained":["WarpedTongs"],"max_hp_gain":0,"max_hp_loss":0,"event_name":"Accursed Blacksmith","floor":37,"gold_loss":0,"cards_obtained":["Pain"]}],"is_beta":false,"boss_relics":[{"not_picked":["hubris:VirtuousBlindfold","Busted Crown"],"picked":"vexMod:CursedCompass"},{"not_picked":["Runic Dome","hubris:TerracottaHorce"],"picked":"Painkiller Herb"}],"items_purged_floors":[40],"is_endless":false,"potions_floor_spawned":[1,5,7,16,19,21,22,27,33,36,39],"killed_by":"Nemesis","ascension_level":4}}