{"host":"684z1xpuwaoqmmh1","time":1610027299,"event":{"mods":["BaseMod","Downfall","Hermit","Jorbs\u0027s Wanderer Trilogy","Marisa????????","Minty Spire (QoL Compilation)","StSLib","The Hierophant","The Mystic"],"gold_per_floor":[365,376,376,396,72,106,106,133,159,173,188,188,228,228,228,336,336,355,30,30,30,45,45,77,95,95,95,113,146,164,181,181,286,286,303,316,316,83,136,136,170,170,170,170,192,212,212,250,250,255,255,255,56,90,95,95],"floor_reached":55,"playtime":4339,"items_purged":["hermit:Defend_Hermit","hermit:Strike_Hermit"],"score":1369,"play_id":"aa2983b2-e842-40f0-963b-4e56172e2704","local_time":"20210107154819","is_ascension_mode":true,"campfire_choices":[{"data":"hermit:Combo","floor":7.0,"key":"SMITH"},{"floor":12.0,"key":"REST"},{"data":"hermit:TakeAim","floor":15,"key":"SMITH"},{"floor":23,"key":"REST"},{"floor":32,"key":"REST"},{"floor":40,"key":"RECALL"},{"floor":42,"key":"REST"},{"floor":44,"key":"REST"},{"floor":49,"key":"REST"},{"floor":52,"key":"REST"}],"circlet_count":0,"master_deck":["AscendersBane","hermit:Strike_Hermit","hermit:Defend_Hermit","hermit:Defend_Hermit","hermit:Defend_Hermit","hermit:Snapshot","hermit:Covet","Slimebound:Icky","hermit:Enervate","hermit:Combo+1","hermit:BodyArmor","expansioncontent:SuperHexaguard","hermit:PistolWhip","hermit:Scavenge","hermit:TakeAim+1","hermit:WideOpen","hermit:Dissolve+1","hermit:CalledShot+1","hermit:FinalCanter","hermit:GhostlyPresence+1","hermit:Midnight+1","hermit:GhostlyPresence","hermit:Brawl","hermit:Virtue+1","hermit:BlackWind","hermit:Dissolve","hermit:Quickdraw+1","hermit:FinalCanter","hermit:Determination","hermit:BlackWind","hermit:Dive+1","hermit:OverwhelmingPower","hermit:TakeAim"],"relics":["hermit:Momento","Happy Flower","Bag of Preparation","Dream Catcher","Toy Ornithopter","StrikeDummy","FossilizedHelix","Fusion Hammer","Nunchaku","Enchiridion","Gremlin Horn","Ancient Tea Set","hermit:DentedPlate","Akabeko","CatCart","sneckomod:BlankCard","hermit:RedScarf","hermit:Spyglass","Sundial"],"acts_visited":["Exordium","TheCity","TheBeyond","TheEnding"],"potions_floor_usage":[24,29,36,39,41,46,48,54,55,55],"damage_taken":[{"damage":6.0,"enemies":"2 Louse","floor":1.0,"turns":2.0},{"damage":1.0,"enemies":"Cultist","floor":2.0,"turns":3.0},{"damage":0.0,"enemies":"Small Slimes","floor":4.0,"turns":3.0},{"damage":10.0,"enemies":"Lagavulin","floor":6.0,"turns":5.0},{"damage":32.0,"enemies":"Gremlin Nob","floor":8.0,"turns":6.0},{"damage":1.0,"enemies":"Looter","floor":10.0,"turns":3.0},{"damage":0.0,"enemies":"Blue Slaver","floor":11.0,"turns":3.0},{"damage":17.0,"enemies":"3 Sentries","floor":13.0,"turns":9.0},{"damage":17,"enemies":"The Guardian","floor":16,"turns":12},{"damage":0,"enemies":"Spheric Guardian","floor":18,"turns":2},{"damage":0,"enemies":"3 Byrds","floor":22,"turns":4},{"damage":14,"enemies":"Book of Stabbing","floor":24,"turns":4},{"damage":6,"enemies":"Shelled Parasite and Fungi","floor":25,"turns":3},{"damage":0,"enemies":"Snecko","floor":28,"turns":5},{"damage":10,"enemies":"Gremlin Leader","floor":29,"turns":6},{"damage":0,"enemies":"Centurion and Healer","floor":30,"turns":7},{"damage":0,"enemies":"Chosen and Byrds","floor":31,"turns":6},{"damage":8,"enemies":"Automaton","floor":33,"turns":12},{"damage":0,"enemies":"Orb Walker","floor":35,"turns":4},{"damage":19,"enemies":"3 Darklings","floor":36,"turns":3},{"damage":0,"enemies":"Orin","floor":39,"turns":7},{"damage":17,"enemies":"Nemesis","floor":41,"turns":5},{"damage":0,"enemies":"Maw","floor":45,"turns":6},{"damage":8,"enemies":"4 Shapes","floor":46,"turns":7},{"damage":72,"enemies":"Giant Head","floor":48,"turns":13},{"damage":0,"enemies":"Donu and Deca","floor":50,"turns":8},{"damage":16,"enemies":"Shield and Spear","floor":54,"turns":7},{"damage":181,"enemies":"The Heart","floor":55,"turns":9}],"seed_played":"1816332525925111411","potions_obtained":[{"floor":1.0,"key":"hermit:Tonic"},{"floor":2.0,"key":"Strength Potion"},{"floor":11.0,"key":"Regen Potion"},{"floor":16,"key":"ColorlessPotion"},{"floor":18,"key":"GamblersBrew"},{"floor":24,"key":"Slimebound:ThreeZeroPotion"},{"floor":30,"key":"hermit:BlackBile"},{"floor":33,"key":"AttackPotion"},{"floor":36,"key":"champ:CounterPotion"},{"floor":39,"key":"Swift Potion"},{"floor":41,"key":"sneckomod:MuddlingPotion"},{"floor":46,"key":"Explosive Potion"},{"floor":54,"key":"PowerPotion"}],"is_trial":false,"path_per_floor":["M","M","?","M","$","E","R","E","T","M","M","R","E","?","R","B",null,"M","$","?","?","M","R","E","M","T","?","M","E","M","M","R","B",null,"M","M","?","$","?","R","E","R","T","R","M","M","?","E","R","B",null,"R","$","E","B"],"character_chosen":"HERMIT","items_purchased":["Happy Flower","expansioncontent:SuperHexaguard","Nunchaku","hermit:FinalCanter","Akabeko","hermit:Determination","hermit:OverwhelmingPower","SkillPotion"],"campfire_rested":7,"item_purchase_floors":[5,5,19,19,38,38,53,53],"current_hp_per_floor":[62,61,61,61,61,51,51,19,19,18,18,40,43,25,25,8,58,58,58,58,42,42,64,55,49,49,49,49,44,44,44,66,58,90,90,76,76,76,81,81,69,101,101,107,107,102,102,35,67,67,67,99,99,88,0,0],"gold":95,"neow_bonus":"TWO_FIFTY_GOLD","is_daily":false,"chose_seed":false,"campfire_upgraded":2,"win_rate":0.0,"timestamp":1610027299,"path_taken":["M","M","?","M","$","E","R","E","T","M","M","R","E","?","R","BOSS","M","$","?","?","M","R","E","M","T","?","M","E","M","M","R","BOSS","M","M","?","$","?","R","E","R","T","R","M","M","?","E","R","BOSS","R","$","E","BOSS"],"items_purchased_type":["Relic","Card","Relic","Card","Relic","Card","Card","Potion"],"build_version":"2020-12-22","purchased_purges":2,"victory":false,"max_hp_per_floor":[75,75,75,75,75,75,75,75,75,75,75,75,75,75,75,75,75,75,75,75,75,75,75,75,75,75,75,75,75,75,75,75,75,107,107,107,107,107,107,107,107,107,107,107,107,107,107,107,107,107,107,107,107,107,107,107],"card_choices":[{"not_picked":["hermit:BodyArmor","hermit:DeadMansHand"],"picked":"hermit:Enervate","floor":1.0},{"not_picked":["hermit:LoneWolf","hermit:HighCaliber"],"picked":"hermit:Combo","floor":2.0},{"not_picked":["hermit:HoleUp","hermit:HighCaliber"],"picked":"hermit:BodyArmor","floor":4.0},{"not_picked":["hermit:FullyLoaded","hermit:Quickdraw"],"picked":"hermit:PistolWhip","floor":6.0},{"not_picked":["hermit:BodyArmor","hermit:WideOpen","hermit:Desperado"],"picked":"SKIP","floor":8.0},{"not_picked":["hermit:Grudge","hermit:Combo"],"picked":"hermit:Scavenge","floor":10.0},{"not_picked":["hermit:Vantage","hermit:LowProfile"],"picked":"hermit:TakeAim","floor":11.0},{"not_picked":["hermit:HighNoon","hermit:BodyArmor"],"picked":"hermit:WideOpen","floor":13},{"not_picked":["hermit:Magnum","hermit:Purgatory"],"picked":"hermit:Dissolve","floor":16},{"not_picked":["hermit:GoldenBullet","hermit:Snipe"],"picked":"hermit:CalledShot+1","floor":18},{"not_picked":["hermit:Coalescence","hermit:Glare"],"picked":"hermit:GhostlyPresence+1","floor":22},{"not_picked":["hermit:HighCaliber","hermit:Gestalt"],"picked":"hermit:Midnight+1","floor":24},{"not_picked":["hermit:NoHoldsBarred+1","hermit:HighCaliber+1"],"picked":"hermit:GhostlyPresence","floor":25},{"not_picked":["hermit:Feint+1","hermit:Combo"],"picked":"hermit:Virtue+1","floor":28},{"not_picked":["hermit:CalledShot","hermit:Ricochet","hermit:Brawl"],"picked":"SKIP","floor":29},{"not_picked":["hermit:Enervate","hermit:Scavenge"],"picked":"hermit:BlackWind","floor":30},{"not_picked":["hermit:FullyLoaded","hermit:Maintenance","hermit:Midnight+1"],"picked":"SKIP","floor":31},{"not_picked":["hermit:HighNoon","hermit:FromBeyond"],"picked":"hermit:Dissolve","floor":33},{"not_picked":["hermit:Misfire","hermit:Vantage+1"],"picked":"hermit:Quickdraw+1","floor":35},{"not_picked":["hermit:Desperado","hermit:SprayPray"],"picked":"hermit:FinalCanter","floor":36},{"not_picked":["hermit:NoHoldsBarred","hermit:Shortfuse"],"picked":"hermit:BlackWind","floor":41},{"not_picked":["hermit:Misfire+1","hermit:Spite","hermit:WideOpen+1"],"picked":"SKIP","floor":45},{"not_picked":["hermit:Glare","hermit:Scavenge"],"picked":"hermit:Dive+1","floor":46},{"not_picked":["hermit:Coalescence","hermit:TrackingShot","hermit:EternalForm"],"picked":"SKIP","floor":48},{"not_picked":["hermit:Cheat+1","hermit:Glare"],"picked":"hermit:TakeAim","floor":54}],"player_experience":2410414,"relics_obtained":[{"floor":6.0,"key":"Bag of Preparation"},{"floor":8.0,"key":"Dream Catcher"},{"floor":9.0,"key":"Toy Ornithopter"},{"floor":13,"key":"StrikeDummy"},{"floor":21,"key":"Enchiridion"},{"floor":24,"key":"Gremlin Horn"},{"floor":29,"key":"Ancient Tea Set"},{"floor":39,"key":"CatCart"},{"floor":41,"key":"sneckomod:BlankCard"},{"floor":43,"key":"hermit:RedScarf"},{"floor":48,"key":"hermit:Spyglass"},{"floor":54,"key":"Sundial"}],"event_choices":[{"cards_removed":["hermit:Strike_Hermit"],"damage_healed":0.0,"max_hp_gain":0.0,"max_hp_loss":0.0,"gold_gain":0.0,"event_name":"Wheel of Change","player_choice":"Card Removal","floor":3.0,"gold_loss":0.0,"damage_taken":0.0},{"damage_healed":0,"gold_gain":0,"player_choice":"Success","damage_taken":18,"relics_obtained":["FossilizedHelix"],"max_hp_gain":0,"max_hp_loss":0,"event_name":"Scrap Ooze","floor":14,"gold_loss":0},{"damage_healed":0,"gold_gain":0,"player_choice":"Obtained Book","damage_taken":16,"max_hp_gain":0,"max_hp_loss":0,"event_name":"Cursed Tome","floor":21,"gold_loss":0},{"damage_healed":0,"gold_gain":0,"player_choice":"Read","damage_taken":0,"max_hp_gain":0,"max_hp_loss":0,"event_name":"The Library","floor":27,"gold_loss":0,"cards_obtained":["hermit:Brawl"]},{"cards_removed":["hermit:Strike_Hermit"],"damage_healed":0,"gold_gain":0,"player_choice":"Removed Attack","damage_taken":0,"max_hp_gain":0,"max_hp_loss":0,"event_name":"Falling","floor":37,"gold_loss":0},{"damage_healed":0,"gold_gain":0,"player_choice":"Fight","damage_taken":0,"max_hp_gain":0,"max_hp_loss":0,"event_name":"OrinTheCat","floor":39,"gold_loss":0},{"damage_healed":0,"gold_gain":0,"player_choice":"Upgraded","damage_taken":0,"max_hp_gain":0,"max_hp_loss":0,"event_name":"Upgrade Shrine","floor":47,"gold_loss":0,"cards_upgraded":["hermit:Dissolve"]}],"is_beta":false,"boss_relics":[{"not_picked":["Calling Bell","SlaversCollar"],"picked":"Fusion Hammer"},{"not_picked":["Snecko Eye","hermit:ClaspedLocket"],"picked":"hermit:DentedPlate"}],"items_purged_floors":[5,19],"is_endless":false,"potions_floor_spawned":[1,2,11,16,18,24,30,33,36,39,41,46,54],"killed_by":"The Heart","ascension_level":11}}