{"host":"5fasz840ryq7obdf","time":1610055700,"event":{"mods":["2.2 Compatiblity","AchievementEnabler","BaseMod","Bestiary","Better Altar","Better Skull","Better Third Choice","BetterRewards","Block Reminder","Colored Powertips","Curses Come First","Minty Spire (QoL Compilation)","Quick Restart","Relic Sorter","Relic Stats","Replay The Spire","Shop Mod","Spicy Shops","StSLib","SuperFastMode","ojb\u0027s Better Paths Mod","ojb\u0027s Info Mod"],"gold_per_floor":[114,114,114,20,51,51,51],"floor_reached":6,"playtime":245,"items_purged":["Strike_B"],"score":68,"play_id":"51e4d820-dce5-4b9d-9cc3-d1d43b3df7a7","local_time":"20210107214140","is_ascension_mode":true,"campfire_choices":[],"circlet_count":0,"master_deck":["AscendersBane","Strike_B","Strike_B","Strike_B","Defend_B","Defend_B","Defend_B","Zap","Dualcast","Mirror Shield","Loop","Hologram","Pain","HandOfGreed"],"relics":["Cracked Core","Membership Card","Symbiotic Virus","Raider\u0027s Mask","Happy Flower","OrangePellets","WarpedTongs"],"acts_visited":["Exordium"],"potions_floor_usage":[],"damage_taken":[{"damage":7.0,"enemies":"Jaw Worm","floor":1.0,"turns":3.0},{"damage":4.0,"enemies":"Cultist","floor":5.0,"turns":3.0},{"damage":18,"enemies":"3 Sentries","floor":6,"turns":2}],"seed_played":"-4980423725822700081","potions_obtained":[],"is_trial":false,"path_per_floor":["M","?","?","$","M","E"],"character_chosen":"DEFECT","items_purchased":["Membership Card","Symbiotic Virus","Mirror Shield","Raider\u0027s Mask","Loop","Happy Flower","OrangePellets","HandOfGreed"],"campfire_rested":0,"item_purchase_floors":[0,0,0,0,0,0,0,4],"current_hp_per_floor":[25,18,18,18,14,0,0],"gold":51,"neow_bonus":"","is_daily":false,"chose_seed":false,"campfire_upgraded":0,"win_rate":0.0,"timestamp":1610055700,"path_taken":["M","?","?","$","?","E"],"items_purchased_type":["Relic","Relic","Card","Relic","Card","Relic","Relic","Card"],"build_version":"2020-12-22","purchased_purges":1,"victory":false,"max_hp_per_floor":[71,71,71,71,71,71,71],"relic_stats":{"OrangePellets":[0],"Happy Flower":[2],"counters":[63,317],"obtain_stats":[{"Ice Cream":54,"Runic Capacitor":2,"Raider\u0027s Mask":0,"Boot":11,"Old Coin":17,"Sozu":17,"Replay:Ringing Soul":0,"HornCleat":0,"DollysMirror":44,"MealTicket":6,"Prayer Wheel":23,"Kunai":0,"Replay:Wax Seal":0,"Toxic Egg 2":34,"Happy Flower":0,"ReplayTheSpireMod:CursedCoin":54,"Replay:Grab Bag":17,"Astrolabe":17,"Blue Candle":3,"Oddly Smooth Stone":14,"Pen Nib":55,"Replay:Ancient Bell":34,"WarpedTongs":3,"OrangePellets":0,"ReplayTheSpireMod:Shallot":53,"Bird Faced Urn":0,"Bronze Scales":8,"Simple Rune":17,"ReplayTheSpireMod:TigerMarble":11,"Symbiotic Virus":20,"Unceasing Top":34,"Meat on the Bone":0,"Lantern":25,"Juzu Bracelet":9,"Bag of Preparation":38,"Cursed Key":17,"Ancient Tea Set":23,"Emotion Chip":0,"Nunchaku":6,"Shovel":45,"Gambling Chip":0,"Pantograph":8,"Toolbox":44,"Replay:Bottled Eggs":29,"Cracked Core":0,"Gremlin Food":0,"BargainBundle":0,"Inserter":17,"Guide Book":21,"Omamori":26,"Geode":40,"Frozen Egg 2":42,"Orichalcum":47,"Calling Bell":17,"DataDisk":8,"Anchor":34,"Bloody Idol":28,"Orrery":20,"Art of War":0,"Garlic":9,"Snack Pack":9,"Membership Card":0},{"Ice Cream":37,"Runic Capacitor":40,"Raider\u0027s Mask":60,"Boot":17,"Old Coin":55,"Sozu":19,"Replay:Ringing Soul":9,"HornCleat":39,"DollysMirror":31,"MealTicket":14,"Prayer Wheel":22,"Kunai":0,"Replay:Wax Seal":5,"Toxic Egg 2":26,"Happy Flower":5,"ReplayTheSpireMod:CursedCoin":37,"Replay:Grab Bag":19,"Astrolabe":19,"Blue Candle":46,"Oddly Smooth Stone":18,"Pen Nib":38,"Replay:Ancient Bell":26,"WarpedTongs":61,"OrangePellets":5,"ReplayTheSpireMod:Shallot":37,"Bird Faced Urn":5,"Bronze Scales":50,"Simple Rune":55,"ReplayTheSpireMod:TigerMarble":51,"Symbiotic Virus":20,"Unceasing Top":26,"Meat on the Bone":45,"Lantern":23,"Juzu Bracelet":15,"Bag of Preparation":28,"Cursed Key":19,"Ancient Tea Set":22,"Emotion Chip":9,"Nunchaku":43,"Shovel":32,"Gambling Chip":5,"Pantograph":44,"Toolbox":31,"Replay:Bottled Eggs":24,"Cracked Core":0,"Gremlin Food":45,"BargainBundle":0,"Inserter":19,"Guide Book":58,"Omamori":23,"Geode":29,"Frozen Egg 2":31,"Orichalcum":34,"Calling Bell":55,"DataDisk":15,"Anchor":26,"Bloody Idol":23,"Orrery":20,"Art of War":9,"Garlic":44,"Snack Pack":50,"Membership Card":9},{"Ice Cream":193,"Runic Capacitor":211,"Raider\u0027s Mask":309,"Boot":63,"Old Coin":284,"Sozu":81,"Replay:Ringing Soul":30,"HornCleat":208,"DollysMirror":154,"MealTicket":48,"Prayer Wheel":91,"Kunai":0,"Replay:Wax Seal":14,"Toxic Egg 2":123,"Happy Flower":14,"ReplayTheSpireMod:CursedCoin":193,"Replay:Grab Bag":81,"Astrolabe":81,"Blue Candle":237,"Oddly Smooth Stone":71,"Pen Nib":199,"Replay:Ancient Bell":123,"WarpedTongs":312,"OrangePellets":14,"ReplayTheSpireMod:Shallot":193,"Bird Faced Urn":14,"Bronze Scales":257,"Simple Rune":284,"ReplayTheSpireMod:TigerMarble":260,"Symbiotic Virus":84,"Unceasing Top":123,"Meat on the Bone":234,"Lantern":98,"Juzu Bracelet":55,"Bag of Preparation":137,"Cursed Key":81,"Ancient Tea Set":93,"Emotion Chip":30,"Nunchaku":224,"Shovel":157,"Gambling Chip":14,"Pantograph":230,"Toolbox":154,"Replay:Bottled Eggs":104,"Cracked Core":0,"Gremlin Food":234,"BargainBundle":0,"Inserter":81,"Guide Book":302,"Omamori":98,"Geode":145,"Frozen Egg 2":154,"Orichalcum":170,"Calling Bell":284,"DataDisk":55,"Anchor":123,"Bloody Idol":98,"Orrery":84,"Art of War":30,"Garlic":230,"Snack Pack":257,"Membership Card":30}],"WarpedTongs":[5]},"card_choices":[{"not_picked":["Compile Driver","FTL"],"picked":"Hologram","floor":1.0},{"not_picked":["Rebound","BasicCrystalCard","Tempest"],"picked":"SKIP","floor":5.0}],"player_experience":1445737,"relics_obtained":[],"event_choices":[{"cards_removed":["Defend_B"],"damage_healed":0.0,"max_hp_gain":0.0,"max_hp_loss":0.0,"gold_gain":0.0,"event_name":"Golden Wing","player_choice":"Card Removal","floor":2.0,"gold_loss":0.0,"damage_taken":7.0},{"damage_healed":0.0,"max_hp_gain":0.0,"max_hp_loss":0.0,"gold_gain":0.0,"event_name":"Accursed Blacksmith","player_choice":"Rummage","floor":3.0,"gold_loss":0.0,"damage_taken":0.0,"relics_obtained":["WarpedTongs"],"cards_obtained":["Pain"]}],"is_beta":false,"boss_relics":[],"items_purged_floors":[0],"is_endless":false,"potions_floor_spawned":[],"killed_by":"3 Sentries","ascension_level":20}}