{"host":"84o9adk8f86kep7o","time":1610062627,"event":{"mods":["AchievementEnabler","BaseMod","Minty Spire (QoL Compilation)"],"gold_per_floor":[113,131,206,206,206,206,240,240,265,63,76,76,76,96,96,96,96],"floor_reached":16,"playtime":1666,"items_purged":[],"score":148,"play_id":"8eedcd44-0956-4583-bc5d-84c0ee76363f","local_time":"20210107233707","is_ascension_mode":false,"campfire_choices":[{"floor":6,"key":"REST"},{"floor":8,"key":"REST"},{"data":"Seeing Red","floor":12,"key":"SMITH"},{"floor":15,"key":"REST"}],"circlet_count":0,"master_deck":["Strike_R","Strike_R","Strike_R","Strike_R","Strike_R","Defend_R","Defend_R","Defend_R","Defend_R","Bash","Seeing Red+1","Cleave","Rampage","Heavy Blade","Thunderclap","Warcry","Perfected Strike","Whirlwind","Shrug It Off"],"relics":["Burning Blood","Dream Catcher","Darkstone Periapt","Shuriken","Vajra","MealTicket"],"acts_visited":[],"potions_floor_usage":[],"damage_taken":[{"damage":1,"enemies":"Small Slimes","floor":1,"turns":3},{"damage":12,"enemies":"2 Louse","floor":2,"turns":3},{"damage":45,"enemies":"Gremlin Nob","floor":7,"turns":5},{"damage":1,"enemies":"Cultist","floor":11,"turns":3},{"damage":9,"enemies":"3 Louse","floor":14,"turns":3},{"damage":80,"enemies":"Hexaghost","floor":16,"turns":8}],"seed_played":"-5573915386770042841","potions_obtained":[{"floor":1,"key":"SkillPotion"},{"floor":7,"key":"BloodPotion"}],"is_trial":false,"path_per_floor":["M","M","?","?","?","R","E","R","T","$","M","R","?","M","R","B"],"character_chosen":"IRONCLAD","items_purchased":["Warcry","MealTicket"],"campfire_rested":3,"item_purchase_floors":[10,10],"current_hp_per_floor":[80,74,63,60,60,80,41,65,65,65,70,70,70,67,80,0,0],"gold":96,"neow_bonus":"RANDOM_COMMON_RELIC","is_daily":false,"chose_seed":false,"campfire_upgraded":1,"win_rate":0.0,"timestamp":1610062627,"path_taken":["M","M","?","?","?","R","E","R","T","$","M","R","?","M","R","BOSS"],"items_purchased_type":["Card","Relic"],"build_version":"2020-12-22","purchased_purges":0,"victory":false,"max_hp_per_floor":[80,80,80,80,80,80,80,80,80,80,80,80,80,80,80,80,80],"card_choices":[{"not_picked":["Battle Trance","Warcry"],"picked":"Seeing Red","floor":1},{"not_picked":["Iron Wave","Body Slam"],"picked":"Cleave","floor":2},{"not_picked":["Armaments","True Grit"],"picked":"Rampage","floor":6},{"not_picked":["Burning Pact","Battle Trance"],"picked":"Heavy Blade","floor":7},{"not_picked":["Whirlwind","Clash"],"picked":"Thunderclap","floor":8},{"not_picked":["Pommel Strike","Bloodletting"],"picked":"Perfected Strike","floor":11},{"not_picked":["Battle Trance","Intimidate"],"picked":"Whirlwind","floor":14},{"not_picked":["Carnage","Flame Barrier"],"picked":"Shrug It Off","floor":15}],"player_experience":24889,"relics_obtained":[{"floor":7,"key":"Shuriken"},{"floor":9,"key":"Vajra"}],"event_choices":[{"damage_healed":0,"gold_gain":75,"player_choice":"Gather Gold","damage_taken":11,"max_hp_gain":0,"max_hp_loss":0,"event_name":"World of Goop","floor":3,"gold_loss":0},{"damage_healed":0,"gold_gain":0,"player_choice":"Success","damage_taken":3,"relics_obtained":["Darkstone Periapt"],"max_hp_gain":0,"max_hp_loss":0,"event_name":"Scrap Ooze","floor":4,"gold_loss":0},{"damage_healed":0,"gold_gain":0,"player_choice":"Ignored","damage_taken":0,"max_hp_gain":0,"max_hp_loss":0,"event_name":"Golden Wing","floor":5,"gold_loss":0},{"damage_healed":0,"gold_gain":0,"player_choice":"Ignored","damage_taken":0,"max_hp_gain":0,"max_hp_loss":0,"event_name":"Liars Game","floor":13,"gold_loss":0}],"is_beta":false,"boss_relics":[],"items_purged_floors":[],"is_endless":false,"potions_floor_spawned":[1,7],"killed_by":"Hexaghost","ascension_level":0}}