{"host":"plfr3hlnjrrzt564","time":1610048383,"event":{"mods":["BaseMod","Minty Spire (QoL Compilation)","Replay The Spire","StSLib"],"gold_per_floor":[110,110,137,110,128,128,142,158,158,158,158,158,183,183,183,183,183],"floor_reached":16,"playtime":500,"items_purged":[],"score":132,"play_id":"3c197073-420c-4876-8ebe-f047b38320ae","local_time":"20210107223943","is_ascension_mode":true,"campfire_choices":[{"data":"Blade Dance","floor":6,"key":"SMITH"},{"data":"A Thousand Cuts","floor":10,"key":"SMITH"},{"data":"Neutralize","floor":12,"key":"SMITH"},{"floor":15,"key":"RECALL"}],"circlet_count":0,"master_deck":["Strike_G","Strike_G","Strike_G","Strike_G","Strike_G","Defend_G","Defend_G","Defend_G+1","Defend_G","Defend_G+1","Survivor","Neutralize+1","ReplayTheSpireMod:Shiv Toss","Blade Dance+1","Leg Sweep","Underhanded Strike","A Thousand Cuts+1","Replay:Poison Smokescreen"],"relics":["Ring of the Snake","Replay:Baseball","Replay:Bottled Snecko","Ornamental Fan","Pantograph"],"acts_visited":["Exordium"],"potions_floor_usage":[13,13,13,16],"damage_taken":[{"damage":10,"enemies":"Cultist","floor":1,"turns":4},{"damage":4,"enemies":"Jaw Worm","floor":5,"turns":3},{"damage":0,"enemies":"Small Slimes","floor":7,"turns":3},{"damage":0,"enemies":"2 Fungi Beasts","floor":8,"turns":5},{"damage":5,"enemies":"Gremlin Nob","floor":13,"turns":3},{"damage":0,"enemies":"The Guardian","floor":16,"turns":3}],"seed_played":"-1392412617942977726","potions_obtained":[{"floor":5,"key":"EntropicBrew"},{"floor":7,"key":"SmokeBomb"},{"floor":8,"key":"CultistPotion"},{"floor":14,"key":"Regen Potion"}],"is_trial":false,"path_per_floor":["M","?","T","$","M","R","M","M","T","R","?","R","E","?","R","B"],"character_chosen":"THE_SILENT","items_purchased":["Blade Dance"],"campfire_rested":0,"item_purchase_floors":[4],"current_hp_per_floor":[53,39,39,39,35,35,35,35,35,35,32,32,27,27,27,61,61],"gold":183,"neow_bonus":"THREE_CARDS","is_daily":false,"chose_seed":false,"campfire_upgraded":3,"win_rate":0.0,"timestamp":1610048383,"path_taken":["M","?","?","$","M","R","M","M","T","R","?","R","E","?","R","BOSS"],"items_purchased_type":["Card"],"build_version":"2020-12-22","purchased_purges":0,"victory":false,"max_hp_per_floor":[70,70,70,70,70,70,70,70,70,70,70,70,70,70,70,70,70],"card_choices":[{"not_picked":["Heel Hook","Backflip"],"picked":"ReplayTheSpireMod:Shiv Toss","floor":0},{"not_picked":["Dodge and Roll","Catalyst","Deflect"],"picked":"SKIP","floor":1},{"not_picked":["Flying Knee","Eviscerate"],"picked":"Leg Sweep","floor":5},{"not_picked":["Outmaneuver","Deadly Poison"],"picked":"Underhanded Strike","floor":7},{"not_picked":["Hidden Blade","Heel Hook"],"picked":"A Thousand Cuts","floor":8},{"not_picked":["Concentrate","Draining Mist"],"picked":"Replay:Poison Smokescreen","floor":13}],"player_experience":554684,"relics_obtained":[{"floor":3,"key":"Replay:Baseball"},{"floor":9,"key":"Replay:Bottled Snecko"},{"floor":13,"key":"Pantograph"}],"event_choices":[{"damage_healed":0,"gold_gain":0,"player_choice":"Entered Light","damage_taken":14,"max_hp_gain":0,"max_hp_loss":0,"event_name":"Shining Light","floor":2,"gold_loss":0,"cards_upgraded":["Defend_G","Defend_G"]},{"damage_healed":0,"gold_gain":0,"player_choice":"Success","damage_taken":3,"relics_obtained":["Ornamental Fan"],"max_hp_gain":0,"max_hp_loss":0,"event_name":"Scrap Ooze","floor":11,"gold_loss":0},{"damage_healed":0,"gold_gain":0,"player_choice":"Got Potions","damage_taken":0,"max_hp_gain":0,"max_hp_loss":0,"event_name":"Lab","floor":14,"gold_loss":0}],"is_beta":false,"boss_relics":[],"items_purged_floors":[],"is_endless":false,"potions_floor_spawned":[5,7,8],"killed_by":"The Guardian","ascension_level":7}}