{"host":"ci7cmvrwpmzqnw7e","time":1610063026,"event":{"mods":["BaseMod","BetterRewards","Colored Map","Downfall","Hubris","Minty Spire (QoL Compilation)","Rare Cards Sparkle","Replay The Spire","Shop Mod","StSLib","The Necromancer","The Servant 0.9.4"],"gold_per_floor":[99,119,130,141,156,156,156,10,27,27,46,31,31,42,58,156,206,206,217,55,55,158,172,172,172,172,235,248,248,248,248],"floor_reached":29,"playtime":1265,"items_purged":[],"score":219,"play_id":"05d68215-2698-444e-8083-300cf3b7fbfe","local_time":"20210107164346","is_ascension_mode":false,"campfire_choices":[{"data":"Slimebound:Split","floor":1,"key":"SMITH"},{"data":"Slimebound:TongueLash","floor":10,"key":"SMITH"},{"data":"Slimebound:AcidTongue","floor":18,"key":"SMITH"},{"data":"expansioncontent:QuickStudy","floor":25,"key":"SMITH"}],"circlet_count":0,"master_deck":["Slimebound:Strike_Slimebound","Slimebound:Strike_Slimebound","Slimebound:Strike_Slimebound","Slimebound:Tackle","Slimebound:Defend_Slimebound","Slimebound:Defend_Slimebound","Slimebound:Defend_Slimebound","Slimebound:Defend_Slimebound","Slimebound:Split+1","Slimebound:CorrosiveSpit","expansioncontent:GuardianWhirl","Slimebound:Schlurp","Slimebound:SplitBruiser","Slimebound:DisruptingSlam","Slimebound:TongueLash+1","Slimebound:AcidTongue+1","Slimebound:MegaLick","Slimebound:MegaLick+1","Slimebound:HauntingLick","Slimebound:RejuvenatingLick","Slimebound:SlimeSlap+1","Slimebound:Grow","Slimebound:SlimeSlap+1","Slimebound:DivideAndConquer","Slimebound:Schlurp","Slimebound:RejuvenatingLick","Slimebound:RainOfGoop","Slimebound:AcidTongue","Slimebound:RejuvenatingLick","Slimebound:LeechLife+1","Slimebound:Dissolve","expansioncontent:QuickStudy+1","Slimebound:RainOfGoop+1","Slimebound:Dissolve"],"relics":["Slimebound:AbsorbEndCombat","Molten Egg 2","hubris:Towel","Tiny House","Bronze Scales","Ring of Panic","ReplayTheSpireMod:Ring of Challenge"],"acts_visited":["Exordium","TheCity"],"potions_floor_usage":[19,20,29,29],"damage_taken":[{"damage":14,"enemies":"Small Slimes","floor":2,"turns":2},{"damage":11,"enemies":"Cultist","floor":3,"turns":3},{"damage":11,"enemies":"2 Louse","floor":4,"turns":2},{"damage":13,"enemies":"Large Slime","floor":5,"turns":3},{"damage":21,"enemies":"downfall:FleeingMerchant","floor":8,"turns":4},{"damage":4,"enemies":"2 Fungi Beasts","floor":9,"turns":2},{"damage":16,"enemies":"Exordium Wildlife","floor":11,"turns":2},{"damage":23,"enemies":"downfall:FleeingMerchant","floor":12,"turns":4},{"damage":8,"enemies":"Gremlin Gang","floor":14,"turns":1},{"damage":12,"enemies":"2 Fungi Beasts","floor":15,"turns":2},{"damage":49,"enemies":"downfall:Silent","floor":16,"turns":6},{"damage":33,"enemies":"Shell Parasite","floor":19,"turns":3},{"damage":30,"enemies":"downfall:FleeingMerchant","floor":20,"turns":4},{"damage":0,"enemies":"downfall:FleeingMerchant","floor":22,"turns":1},{"damage":41,"enemies":"Sentry and Sphere","floor":23,"turns":4},{"damage":40,"enemies":"Snake Plant","floor":27,"turns":4},{"damage":24,"enemies":"Cultist and Chosen","floor":28,"turns":4},{"damage":43,"enemies":"Centurion and Healer","floor":29,"turns":5}],"seed_played":"3190389820662582337","potions_obtained":[{"floor":4,"key":"Swift Potion"},{"floor":9,"key":"SteroidPotion"},{"floor":14,"key":"champ:CounterPotion"},{"floor":15,"key":"Ancient Potion"},{"floor":17,"key":"SneckoOil"},{"floor":23,"key":"SneckoOil"},{"floor":27,"key":"champ:CounterPotion"}],"is_trial":false,"path_per_floor":["R","M","M","M","M","?","T","$","M","R","M","$","?","M","M","B",null,"R","M","$","?","$","M","T","R","?","M","M","M"],"character_chosen":"SLIMEBOUND","items_purchased":["Slimebound:MegaLick","Slimebound:HauntingLick","Slimebound:RainOfGoop","Slimebound:AcidTongue","Slimebound:Dissolve","expansioncontent:QuickStudy"],"campfire_rested":0,"item_purchase_floors":[8,8,20,20,22,22],"current_hp_per_floor":[60,54,59,56,60,60,60,59,60,60,60,57,57,60,60,51,65,65,58,62,62,65,46,46,46,46,24,24,0,0,0],"gold":248,"neow_bonus":"RANDOM_COLORLESS","is_daily":false,"chose_seed":false,"campfire_upgraded":4,"win_rate":0.0,"timestamp":1610063026,"path_taken":["R","M","M","M","M","?","T","$","M","R","M","?","?","M","M","BOSS","R","M","$","?","$","M","T","R","?","M","M","M"],"items_purchased_type":["Card","Card","Card","Card","Card","Card"],"build_version":"2020-12-22","purchased_purges":0,"victory":false,"max_hp_per_floor":[60,60,60,60,60,60,60,60,60,60,60,60,60,60,60,60,65,65,65,65,65,65,65,65,65,65,65,65,65,65,65],"card_choices":[{"not_picked":["Flash of Steel","Mind Blast"],"picked":"expansioncontent:GuardianWhirl","floor":0},{"not_picked":["Slimebound:GrowthPunch","Slimebound:FinishingTackle"],"picked":"Slimebound:Schlurp","floor":2},{"not_picked":["Slimebound:FormOfPuddle","Slimebound:SamplingLick"],"picked":"Slimebound:SplitBruiser","floor":3},{"not_picked":["Slimebound:ComboTackle","Slimebound:SplitMire"],"picked":"Slimebound:DisruptingSlam","floor":4},{"not_picked":["Slimebound:SamplingLick","Slimebound:SlimeBrawl"],"picked":"Slimebound:TongueLash","floor":5},{"not_picked":["Slimebound:RollThrough+1","Slimebound:FinishingTackle+1"],"picked":"Slimebound:AcidTongue","floor":8},{"not_picked":["Slimebound:RollThrough+1","Slimebound:ForwardTackle+1"],"picked":"Slimebound:RejuvenatingLick","floor":9},{"not_picked":["Slimebound:FinishingTackle+1","Slimebound:SlimeSpikes"],"picked":"Slimebound:SlimeSlap+1","floor":11},{"not_picked":["Slimebound:DisruptingSlam+1","Slimebound:PressTheAttack+1","Slimebound:ForwardTackle+1"],"picked":"SKIP","floor":12},{"not_picked":["Slimebound:HauntingLick","Slimebound:ComboTackle+1"],"picked":"Slimebound:Grow","floor":14},{"not_picked":["Slimebound:FlameTackle+1","Slimebound:FirmFortitude","Slimebound:GoopTackle+1"],"picked":"SKIP","floor":15},{"not_picked":["Slimebound:MassRepurpose","Slimebound:CheckThePlaybook"],"picked":"Slimebound:SlimeSlap+1","floor":16},{"not_picked":["Slimebound:HauntingLick","Slimebound:Schlurp"],"picked":"Slimebound:DivideAndConquer","floor":17},{"not_picked":["Slimebound:GoopSpray","Slimebound:ViciousTackle+1"],"picked":"Slimebound:Schlurp","floor":19},{"not_picked":["Slimebound:SplitMire+1","Slimebound:SplitLeeching"],"picked":"Slimebound:RejuvenatingLick","floor":20},{"not_picked":["Slimebound:MegaLick","Slimebound:Schlurp"],"picked":"Slimebound:LeechLife+1","floor":22},{"not_picked":["Slimebound:DivideAndConquer","Slimebound:ServeAndProtect","Slimebound:GoopSpray"],"picked":"SKIP","floor":23},{"not_picked":["Slimebound:BestDefense+1","Slimebound:OneTwoCombo+1"],"picked":"Slimebound:RainOfGoop+1","floor":27},{"not_picked":["Slimebound:SplitLeeching","Slimebound:Chomp+1"],"picked":"Slimebound:Dissolve","floor":28}],"player_experience":10467,"relics_obtained":[{"floor":7,"key":"Molten Egg 2"},{"floor":24,"key":"Bronze Scales"},{"floor":26,"key":"Ring of Panic"},{"floor":26,"key":"ReplayTheSpireMod:Ring of Challenge"}],"event_choices":[{"damage_healed":0,"gold_gain":0,"player_choice":"Ignored","damage_taken":0,"max_hp_gain":0,"max_hp_loss":0,"event_name":"NoteForYourself","floor":6,"gold_loss":0},{"damage_healed":0,"gold_gain":0,"player_choice":"Read","damage_taken":0,"max_hp_gain":0,"max_hp_loss":0,"event_name":"The Library","floor":21,"gold_loss":0,"cards_obtained":["Slimebound:RejuvenatingLick"]}],"is_beta":false,"boss_relics":[{"not_picked":["hubris:HollowSoul","Honey Jar"],"picked":"Tiny House"}],"items_purged_floors":[],"is_endless":false,"potions_floor_spawned":[4,9,14,15,23,27],"killed_by":"Centurion and Healer","ascension_level":0}}