{"host":"gkp57zoegrd3f2ij","time":1610042911,"event":{"mods":["BaseMod","Colored Map","Colored Powertips","Minty Spire (QoL Compilation)","StSLib"],"gold_per_floor":[115,18,18,28,6,34,34,66,66,91,102,119,137,137,137,236,236,248,25,38,38,58,58,92,106,133,146,146,245,262,281,281,383,383,402,402,154,164,181,181,212,212,212,246,246,266,276,289,289,289],"floor_reached":51,"playtime":4114,"items_purged":[],"score":835,"play_id":"abe3c488-1987-4eac-903d-d6fc9b19c0c3","local_time":"20210107190831","is_ascension_mode":true,"campfire_choices":[{"data":"Zap","floor":7,"key":"SMITH"},{"data":"Redo","floor":15,"key":"SMITH"},{"data":"Dualcast","floor":23,"key":"SMITH"},{"data":"Buffer","floor":28,"key":"SMITH"},{"data":"Compile Driver","floor":32,"key":"SMITH"},{"data":"Apotheosis","floor":40,"key":"SMITH"},{"data":"Consume","floor":42,"key":"SMITH"},{"data":"Ball Lightning","floor":45,"key":"SMITH"},{"data":"FTL","floor":49,"key":"SMITH"}],"circlet_count":0,"master_deck":["Strike_B","Strike_B","Strike_B","Defend_B","Defend_B","Defend_B","Zap+1","Dualcast+1","Go for the Eyes","FTL+1","Compile Driver+1","Steam","Coolheaded","Ball Lightning+1","Glacier","Redo+1","Self Repair","Cold Snap","Buffer+1","FTL","Auto Shields","Leap","Coolheaded+1","Sweeping Beam","Machine Learning","Redo+1","Apotheosis+1","Capacitor","Consume+1"],"relics":["Cracked Core","NeowsBlessing","TungstenRod","Ancient Tea Set","Eternal Feather","Omamori","Busted Crown","DataDisk","Pear","Oddly Smooth Stone","Toy Ornithopter","Sozu","Lizard Tail","Bottled Flame","Molten Egg 2"],"acts_visited":["Exordium","TheCity","TheBeyond"],"potions_floor_usage":[10,12,16,30,31,33,33,38],"damage_taken":[{"damage":0,"enemies":"Jaw Worm","floor":1,"turns":1},{"damage":0,"enemies":"Cultist","floor":4,"turns":1},{"damage":0,"enemies":"Lagavulin","floor":6,"turns":1},{"damage":19,"enemies":"3 Sentries","floor":8,"turns":6},{"damage":14,"enemies":"Lagavulin","floor":10,"turns":6},{"damage":0,"enemies":"Small Slimes","floor":11,"turns":3},{"damage":1,"enemies":"2 Fungi Beasts","floor":12,"turns":2},{"damage":2,"enemies":"Red Slaver","floor":13,"turns":4},{"damage":28,"enemies":"The Guardian","floor":16,"turns":13},{"damage":4,"enemies":"3 Byrds","floor":18,"turns":5},{"damage":0,"enemies":"Spheric Guardian","floor":20,"turns":3},{"damage":0,"enemies":"Centurion and Healer","floor":22,"turns":8},{"damage":10,"enemies":"Book of Stabbing","floor":24,"turns":7},{"damage":3,"enemies":"Snake Plant","floor":25,"turns":4},{"damage":2,"enemies":"Shelled Parasite and Fungi","floor":27,"turns":7},{"damage":14,"enemies":"Cultist and Chosen","floor":30,"turns":7},{"damage":0,"enemies":"Chosen and Byrds","floor":31,"turns":7},{"damage":14,"enemies":"Champ","floor":33,"turns":19},{"damage":0,"enemies":"Orb Walker","floor":35,"turns":4},{"damage":25,"enemies":"3 Shapes","floor":38,"turns":4},{"damage":20,"enemies":"3 Darklings","floor":39,"turns":7},{"damage":23,"enemies":"Giant Head","floor":41,"turns":11},{"damage":7,"enemies":"Nemesis","floor":44,"turns":9},{"damage":2,"enemies":"Spire Growth","floor":46,"turns":6},{"damage":17,"enemies":"Sphere and 2 Shapes","floor":47,"turns":5},{"damage":0,"enemies":"Transient","floor":48,"turns":5},{"damage":1,"enemies":"Awakened One","floor":50,"turns":20}],"seed_played":"2450514632639215183","potions_obtained":[{"floor":4,"key":"ColorlessPotion"},{"floor":6,"key":"Block Potion"},{"floor":10,"key":"SpeedPotion"},{"floor":16,"key":"FocusPotion"},{"floor":24,"key":"FocusPotion"},{"floor":25,"key":"Energy Potion"},{"floor":30,"key":"Explosive Potion"},{"floor":33,"key":"Regen Potion"}],"is_trial":false,"path_per_floor":["M","$","?","M","$","E","R","E","T","E","M","M","M","?","R","B",null,"M","$","M","?","M","R","E","M","T","M","R","?","M","M","R","B",null,"M","?","$","M","M","R","E","R","T","E","R","M","M","M","R","B",null],"character_chosen":"DEFECT","items_purchased":["FTL","Compile Driver","Coolheaded","DataDisk","Auto Shields","Apotheosis","Capacitor"],"campfire_rested":0,"item_purchase_floors":[2,2,5,19,19,37,37],"current_hp_per_floor":[75,75,75,75,75,75,75,56,56,42,42,41,46,46,55,34,75,75,75,75,85,85,85,82,85,85,85,85,85,78,85,85,76,85,85,85,85,74,64,79,66,81,81,84,85,85,78,85,85,84],"gold":289,"neow_bonus":"THREE_ENEMY_KILL","is_daily":false,"chose_seed":false,"campfire_upgraded":9,"win_rate":0.0,"timestamp":1610042911,"path_taken":["M","$","?","M","$","E","R","E","T","E","?","M","M","?","R","BOSS","M","$","?","?","M","R","E","M","T","M","R","?","M","M","R","BOSS","M","?","$","M","M","R","E","R","T","E","R","M","?","M","R","BOSS"],"items_purchased_type":["Card","Card","Card","Relic","Card","Card","Card"],"build_version":"2020-12-22","purchased_purges":0,"victory":true,"max_hp_per_floor":[75,75,75,75,75,75,75,75,75,75,75,75,75,75,75,75,75,75,75,75,85,85,85,85,85,85,85,85,85,85,85,85,85,85,85,85,85,85,85,85,85,85,85,85,85,85,85,85,85,85],"card_choices":[{"not_picked":["Steam","Doom and Gloom"],"picked":"Go for the Eyes","floor":1},{"not_picked":["Loop","Go for the Eyes"],"picked":"Steam","floor":4},{"not_picked":["Turbo","Redo"],"picked":"Ball Lightning","floor":6},{"not_picked":["Ball Lightning","Double Energy","Stack"],"picked":"SKIP","floor":8},{"not_picked":["Multi-Cast","Lockon"],"picked":"Glacier","floor":10},{"not_picked":["Barrage","Steam Power"],"picked":"Redo","floor":11},{"not_picked":["Redo","Core Surge"],"picked":"Self Repair","floor":12},{"not_picked":["Reinforced Body","Doom and Gloom"],"picked":"Cold Snap","floor":13},{"not_picked":["Biased Cognition","Fission"],"picked":"Buffer","floor":16},{"not_picked":[],"picked":"FTL","floor":18},{"not_picked":["Reinforced Body"],"picked":"SKIP","floor":20},{"not_picked":["Turbo"],"picked":"SKIP","floor":22},{"not_picked":[],"picked":"Leap","floor":24},{"not_picked":[],"picked":"Coolheaded+1","floor":25},{"not_picked":[],"picked":"Sweeping Beam","floor":27},{"not_picked":["Doom and Gloom"],"picked":"SKIP","floor":30},{"not_picked":["Double Energy"],"picked":"SKIP","floor":31},{"not_picked":[],"picked":"Machine Learning","floor":33},{"not_picked":["Rebound+1"],"picked":"SKIP","floor":35},{"not_picked":["Skim+1"],"picked":"SKIP","floor":38},{"not_picked":[],"picked":"Consume","floor":39},{"not_picked":["Beam Cell"],"picked":"SKIP","floor":41},{"not_picked":["Blizzard+1"],"picked":"SKIP","floor":44},{"not_picked":["Cold Snap+1"],"picked":"SKIP","floor":46},{"not_picked":["Redo"],"picked":"SKIP","floor":47},{"not_picked":["Scrape+1"],"picked":"SKIP","floor":48}],"player_experience":306786,"relics_obtained":[{"floor":6,"key":"TungstenRod"},{"floor":8,"key":"Ancient Tea Set"},{"floor":9,"key":"Eternal Feather"},{"floor":10,"key":"Omamori"},{"floor":24,"key":"Oddly Smooth Stone"},{"floor":26,"key":"Toy Ornithopter"},{"floor":41,"key":"Lizard Tail"},{"floor":43,"key":"Bottled Flame"},{"floor":44,"key":"Molten Egg 2"}],"event_choices":[{"cards_removed":["Strike_B"],"damage_healed":0,"gold_gain":0,"player_choice":"Purged","damage_taken":0,"max_hp_gain":0,"max_hp_loss":0,"event_name":"Purifier","floor":3,"gold_loss":0},{"cards_removed":["Defend_B"],"damage_healed":0,"gold_gain":0,"player_choice":"Offered Basic","damage_taken":0,"max_hp_gain":0,"max_hp_loss":0,"event_name":"Bonfire Elementals","floor":14,"gold_loss":0},{"damage_healed":0,"gold_gain":0,"player_choice":"Stole Relic","damage_taken":0,"relics_obtained":["Pear"],"max_hp_gain":0,"max_hp_loss":0,"event_name":"Addict","floor":21,"gold_loss":0,"cards_obtained":["Shame"]},{"damage_healed":0,"gold_gain":99,"player_choice":"Stole From Cult","damage_taken":0,"max_hp_gain":0,"max_hp_loss":0,"event_name":"Nest","floor":29,"gold_loss":0},{"damage_healed":0,"gold_gain":0,"player_choice":"Copied","damage_taken":0,"max_hp_gain":0,"max_hp_loss":0,"event_name":"Duplicator","floor":36,"gold_loss":0,"cards_obtained":["Redo"]}],"is_beta":false,"boss_relics":[{"not_picked":["Nuclear Battery","Coffee Dripper"],"picked":"Busted Crown"},{"not_picked":["Fusion Hammer","Philosopher\u0027s Stone"],"picked":"Sozu"}],"items_purged_floors":[],"is_endless":false,"potions_floor_spawned":[4,6,10,16,24,25,27,30,33,35,38,39,48],"ascension_level":3}}