{"host":"dzit4ljil6490tuf","time":1610061891,"event":{"mods":["BaseMod","Downfall","Hermit","Hubris","Marisa????????","Minty Spire (QoL Compilation)","StSLib","The Cursed","The Runesmith","The Servant 0.9.4"],"gold_per_floor":[99,111,128,42,57,57,57,57],"floor_reached":6,"playtime":396,"items_purged":[],"score":38,"play_id":"3dc5d552-61e5-47d2-bd51-424a6e2bac83","local_time":"20210108002451","is_ascension_mode":true,"campfire_choices":[{"data":"expansioncontent:CaCaw","floor":1,"key":"SMITH"}],"circlet_count":0,"master_deck":["hexamod:Strike","hexamod:Strike","hexamod:Strike","hexamod:Strike","hexamod:Defend","hexamod:Defend","hexamod:Defend","hexamod:Defend","hexamod:Sear","hexamod:Float","expansioncontent:CaCaw+1","hexamod:FourthSeal","hexamod:BurningTouch","hexamod:PhantomFireball","hexamod:Incineration","hexamod:FifthSeal"],"relics":["hexamod:SpiritBrand"],"acts_visited":["Exordium"],"potions_floor_usage":[4,6],"damage_taken":[{"damage":4,"enemies":"Cultist","floor":2,"turns":4},{"damage":1,"enemies":"Jaw Worm","floor":3,"turns":4},{"damage":0,"enemies":"downfall:FleeingMerchant","floor":4,"turns":4},{"damage":7,"enemies":"2 Louse","floor":5,"turns":3},{"damage":70,"enemies":"Gremlin Nob","floor":6,"turns":5}],"seed_played":"6556006995560572406","potions_obtained":[{"floor":3,"key":"EssenceOfSteel"},{"floor":4,"key":"Swift Potion"},{"floor":5,"key":"LiquidBronze"}],"is_trial":false,"path_per_floor":["R","M","M","$","M","E"],"character_chosen":"THE_SPIRIT","items_purchased":["hexamod:Incineration"],"campfire_rested":0,"item_purchase_floors":[4],"current_hp_per_floor":[70,66,65,65,58,0,0,0],"gold":57,"neow_bonus":"RANDOM_COLORLESS","is_daily":false,"chose_seed":false,"campfire_upgraded":1,"win_rate":0.0,"timestamp":1610061891,"path_taken":["R","M","M","$","M","E"],"items_purchased_type":["Card"],"build_version":"2020-12-22","purchased_purges":0,"victory":false,"max_hp_per_floor":[70,70,70,70,70,70,70,70],"card_choices":[{"not_picked":["hubris:Ssssneak","PanicButton"],"picked":"expansioncontent:CaCaw","floor":0},{"not_picked":["hexamod:FastForward","hexamod:SpectralAdrenaline"],"picked":"hexamod:FourthSeal","floor":2},{"not_picked":["hexamod:NecessarySacrifice","hexamod:GhostShield"],"picked":"hexamod:BurningTouch","floor":3},{"not_picked":["hexamod:BacktrackSmack","hexamod:RecurringNightmare"],"picked":"hexamod:PhantomFireball","floor":4},{"not_picked":["hexamod:HeatCrush","hexamod:FastForward"],"picked":"hexamod:FifthSeal","floor":5}],"player_experience":553853,"relics_obtained":[],"event_choices":[],"is_beta":false,"boss_relics":[],"items_purged_floors":[],"is_endless":false,"potions_floor_spawned":[],"killed_by":"Gremlin Nob","ascension_level":1}}