{"host":"sc0o2qwpf9j16a4i","time":1610011845,"event":{"mods":["AchievementEnabler","BaseMod","BetterRewards","Block Reminder","Colored Map","Colored Powertips","Custom Start","Highlight Path","Minty Spire (QoL Compilation)","Relic Stats"],"gold_per_floor":[109,121,139,139,150,150,178,193,216,230,230,53,80,100,100,176,176,188,188,188,63,63,63,75,101,101,16,34,51,51,70,70,155,155,167,53,103,117,117,117,117,117],"floor_reached":41,"playtime":1288,"items_purged":["Strike_G","Strike_G","Strike_G"],"score":1246,"play_id":"9249c827-dd15-4638-9eb0-a5c9822ba5c7","local_time":"20210107113045","is_ascension_mode":true,"campfire_choices":[{"data":"Noxious Fumes","floor":6,"key":"SMITH"},{"floor":11,"key":"REST"},{"data":"Skewer","floor":15,"key":"SMITH"},{"data":"Footwork","floor":23,"key":"SMITH"},{"floor":30,"key":"REST"},{"data":"Crippling Poison","floor":32,"key":"SMITH"},{"data":"Catalyst","floor":40,"key":"SMITH"}],"circlet_count":0,"master_deck":["AscendersBane","Strike_G","Defend_G","Defend_G","Defend_G","Defend_G","Survivor","Neutralize","Noxious Fumes+1","Dagger Spray","Dagger Throw","Bane","Masterful Stab","Well Laid Plans","Poisoned Stab","Crippling Poison+1","Skewer+1","Predator","Footwork+1","Bullet Time","After Image","Terror","Crippling Poison","Deadly Poison","Malaise","Catalyst+1","Bouncing Flask"],"relics":["Ring of the Snake","Lee\u0027s Waffle","Orichalcum","Pantograph","Snake Skull","OrangePellets","Pen Nib","Bag of Marbles","Centennial Puzzle","Akabeko","Snecko Eye","Matryoshka","Meat on the Bone","Shovel","CeramicFish","Philosopher\u0027s Stone"],"acts_visited":["Exordium","TheCity","TheBeyond"],"potions_floor_usage":[13,16,33],"damage_taken":[{"damage":0,"enemies":"Cultist","floor":1,"turns":3},{"damage":1,"enemies":"Small Slimes","floor":2,"turns":3},{"damage":6,"enemies":"Jaw Worm","floor":3,"turns":4},{"damage":7,"enemies":"Large Slime","floor":5,"turns":5},{"damage":14,"enemies":"Gremlin Nob","floor":7,"turns":4},{"damage":2,"enemies":"3 Louse","floor":8,"turns":4},{"damage":4,"enemies":"Exordium Thugs","floor":10,"turns":4},{"damage":9,"enemies":"Lagavulin","floor":13,"turns":6},{"damage":0,"enemies":"Lots of Slimes","floor":14,"turns":1},{"damage":0,"enemies":"Slime Boss","floor":16,"turns":3},{"damage":0,"enemies":"2 Thieves","floor":18,"turns":2},{"damage":11,"enemies":"3 Byrds","floor":24,"turns":3},{"damage":4,"enemies":"Gremlin Leader","floor":25,"turns":3},{"damage":19,"enemies":"Snecko","floor":28,"turns":5},{"damage":5,"enemies":"Centurion and Healer","floor":29,"turns":5},{"damage":0,"enemies":"Snake Plant","floor":31,"turns":2},{"damage":4,"enemies":"Automaton","floor":33,"turns":5},{"damage":4,"enemies":"Orb Walker","floor":35,"turns":3},{"damage":0,"enemies":"3 Shapes","floor":38,"turns":3},{"damage":0,"enemies":"Reptomancer","floor":41,"turns":2}],"seed_played":"-8061233481169798720","potions_obtained":[{"floor":1,"key":"PowerPotion"},{"floor":5,"key":"BlessingOfTheForge"},{"floor":14,"key":"LiquidMemories"},{"floor":28,"key":"ColorlessPotion"},{"floor":33,"key":"DuplicationPotion"}],"is_trial":false,"path_per_floor":["M","M","M","?","M","R","E","M","T","M","R","$","E","M","R","B",null,"M","?","?","$","?","R","M","E","T","?","M","M","R","M","R","B",null,"M","$","?","M","?","R","E"],"character_chosen":"THE_SILENT","items_purchased":["Lee\u0027s Waffle","Orichalcum","Pantograph","Noxious Fumes","Dagger Spray","Snake Skull","OrangePellets","Dagger Throw","Explosive Potion","Predator","Catalyst","Bouncing Flask"],"campfire_rested":2,"item_purchase_floors":[0,0,0,0,0,0,0,0,0,12,36,36],"current_hp_per_floor":[73,72,66,66,59,59,45,43,43,39,60,60,51,51,51,73,73,73,73,73,73,52,52,41,37,37,37,30,37,60,60,60,74,77,73,73,73,73,63,63,63,63],"gold":117,"neow_bonus":"","is_daily":false,"chose_seed":false,"campfire_upgraded":5,"win_rate":0.0,"timestamp":1610011845,"path_taken":["M","?","M","?","M","R","E","M","T","?","R","$","E","M","R","BOSS","M","?","?","$","?","R","M","E","T","?","?","M","R","?","R","BOSS","M","$","?","?","?","R","E"],"items_purchased_type":["Relic","Relic","Relic","Card","Card","Relic","Relic","Card","Potion","Card","Card","Card"],"build_version":"2020-12-22","purchased_purges":3,"victory":false,"max_hp_per_floor":[73,73,73,73,73,73,73,73,73,73,73,73,73,73,73,73,73,73,73,73,73,78,78,78,78,78,78,78,78,78,78,78,78,78,78,78,78,78,78,78,78,78],"relic_stats":{"Lee\u0027s Waffle":56,"counters":[61,288],"CeramicFish":36,"Snake Skull":[85],"Pen Nib":[10],"Orichalcum":[312],"OrangePellets":[11],"Centennial Puzzle":[24],"Shovel":0,"Pantograph":40,"Snecko Eye":[149,171,140,163],"obtain_stats":[{"TwistedFunnel":0,"CeramicFish":27,"Snake Skull":0,"Juzu Bracelet":44,"Boot":2,"Ancient Tea Set":14,"Cursed Key":34,"Blood Vial":26,"Lizard Tail":3,"Dream Catcher":26,"Centennial Puzzle":9,"Matryoshka":25,"Shovel":26,"DollysMirror":22,"Pantograph":10,"Philosopher\u0027s Stone":34,"Necronomicon":31,"Toxic Egg 2":9,"Ring of the Snake":0,"Runic Pyramid":17,"Girya":6,"Lee\u0027s Waffle":0,"Happy Flower":9,"Oddly Smooth Stone":24,"Pen Nib":4,"Frozen Egg 2":30,"Orichalcum":0,"Medical Kit":30,"Akabeko":13,"Du-Vu Doll":36,"OrangePellets":0,"Anchor":22,"Snecko Eye":17,"Ectoplasm":17,"Art of War":10,"Bag of Marbles":7,"StrikeDummy":7,"Pocketwatch":40,"Meat on the Bone":26},{"TwistedFunnel":19,"CeramicFish":54,"Snake Skull":41,"Juzu Bracelet":40,"Boot":20,"Ancient Tea Set":25,"Cursed Key":33,"Blood Vial":14,"Lizard Tail":20,"Dream Catcher":29,"Centennial Puzzle":47,"Matryoshka":54,"Shovel":54,"DollysMirror":13,"Pantograph":7,"Philosopher\u0027s Stone":58,"Necronomicon":32,"Toxic Egg 2":6,"Ring of the Snake":0,"Runic Pyramid":26,"Girya":22,"Lee\u0027s Waffle":41,"Happy Flower":22,"Oddly Smooth Stone":29,"Pen Nib":44,"Frozen Egg 2":17,"Orichalcum":41,"Medical Kit":32,"Akabeko":49,"Du-Vu Doll":35,"OrangePellets":41,"Anchor":13,"Snecko Eye":51,"Ectoplasm":10,"Art of War":23,"Bag of Marbles":46,"StrikeDummy":5,"Pocketwatch":38,"Meat on the Bone":54},{"TwistedFunnel":113,"CeramicFish":263,"Snake Skull":218,"Juzu Bracelet":212,"Boot":116,"Ancient Tea Set":136,"Cursed Key":177,"Blood Vial":72,"Lizard Tail":116,"Dream Catcher":156,"Centennial Puzzle":241,"Matryoshka":263,"Shovel":263,"DollysMirror":65,"Pantograph":36,"Philosopher\u0027s Stone":280,"Necronomicon":168,"Toxic Egg 2":33,"Ring of the Snake":0,"Runic Pyramid":143,"Girya":125,"Lee\u0027s Waffle":218,"Happy Flower":125,"Oddly Smooth Stone":156,"Pen Nib":228,"Frozen Egg 2":93,"Orichalcum":218,"Medical Kit":168,"Akabeko":251,"Du-Vu Doll":183,"OrangePellets":218,"Anchor":65,"Snecko Eye":255,"Ectoplasm":55,"Art of War":129,"Bag of Marbles":237,"StrikeDummy":30,"Pocketwatch":200,"Meat on the Bone":263}],"Ring of the Snake":[122],"Meat on the Bone":24},"card_choices":[{"not_picked":["Dagger Spray","Acrobatics","Flechettes"],"picked":"SKIP","floor":1},{"not_picked":["Caltrops","Choke"],"picked":"Bane","floor":2},{"not_picked":["Eviscerate","Sucker Punch"],"picked":"Masterful Stab","floor":3},{"not_picked":["Dagger Throw","Glass Knife"],"picked":"Well Laid Plans","floor":5},{"not_picked":["Riddle With Holes","Dodge and Roll"],"picked":"Poisoned Stab","floor":7},{"not_picked":["Deadly Poison","Dagger Throw"],"picked":"Crippling Poison","floor":8},{"not_picked":["Dagger Throw","Poisoned Stab"],"picked":"Skewer","floor":10},{"not_picked":["Crippling Poison","Underhanded Strike"],"picked":"Footwork","floor":13},{"not_picked":["Poisoned Stab","Expertise","Grand Finale"],"picked":"SKIP","floor":14},{"not_picked":["Unload","Phantasmal Killer"],"picked":"Bullet Time","floor":16},{"not_picked":["Setup","Flying Knee+1","Poisoned Stab"],"picked":"SKIP","floor":18},{"not_picked":["Flechettes","All Out Attack","Cloak And Dagger"],"picked":"SKIP","floor":24},{"not_picked":["Expertise","Sucker Punch"],"picked":"Crippling Poison","floor":25},{"not_picked":["Bane+1","Tactician","Dagger Spray"],"picked":"SKIP","floor":28},{"not_picked":["Sucker Punch","Quick Slash","Outmaneuver"],"picked":"SKIP","floor":29},{"not_picked":["Underhanded Strike","Blade Dance"],"picked":"Deadly Poison","floor":31},{"not_picked":["Night Terror","A Thousand Cuts"],"picked":"Malaise","floor":33},{"not_picked":["Blade Dance","Quick Slash","Deadly Poison"],"picked":"SKIP","floor":35},{"not_picked":["Sucker Punch","Deadly Poison","Terror+1"],"picked":"SKIP","floor":38}],"player_experience":557590,"relics_obtained":[{"floor":7,"key":"Bag of Marbles"},{"floor":9,"key":"Centennial Puzzle"},{"floor":13,"key":"Akabeko"},{"floor":25,"key":"Matryoshka"},{"floor":26,"key":"Meat on the Bone"},{"floor":26,"key":"Shovel"}],"event_choices":[{"damage_healed":0,"gold_gain":0,"player_choice":"Gave Potion","damage_taken":0,"relics_obtained":["Pen Nib"],"max_hp_gain":0,"max_hp_loss":0,"event_name":"WeMeetAgain","floor":4,"gold_loss":0},{"damage_healed":0,"gold_gain":0,"player_choice":"Ignored","damage_taken":0,"max_hp_gain":0,"max_hp_loss":0,"event_name":"Vampires","floor":19,"gold_loss":0},{"damage_healed":0,"gold_gain":0,"cards_transformed":["Strike_G","Defend_G"],"player_choice":"Became Test Subject","damage_taken":0,"max_hp_gain":0,"max_hp_loss":0,"event_name":"Drug Dealer","floor":20,"gold_loss":0,"cards_obtained":["After Image","Terror"]},{"damage_healed":0,"gold_gain":0,"player_choice":"Shed Blood","damage_taken":26,"max_hp_gain":5,"max_hp_loss":0,"event_name":"Forgotten Altar","floor":22,"gold_loss":0},{"damage_healed":0,"gold_gain":0,"player_choice":"Obtained Relic","damage_taken":0,"relics_obtained":["CeramicFish"],"max_hp_gain":0,"max_hp_loss":0,"event_name":"Addict","floor":27,"gold_loss":85},{"damage_healed":0,"gold_gain":50,"player_choice":"Pray","damage_taken":0,"max_hp_gain":0,"max_hp_loss":0,"event_name":"Golden Shrine","floor":37,"gold_loss":0},{"damage_healed":0,"gold_gain":0,"player_choice":"Memory 3","damage_taken":10,"max_hp_gain":0,"max_hp_loss":0,"event_name":"SensoryStone","floor":39,"gold_loss":0}],"is_beta":false,"boss_relics":[{"not_picked":["SacredBark","Pandora\u0027s Box"],"picked":"Snecko Eye"},{"not_picked":["Busted Crown","Sozu"],"picked":"Philosopher\u0027s Stone"}],"items_purged_floors":[0,12,21],"is_endless":false,"potions_floor_spawned":[1,3,5,8,14,28,31,33,35],"killed_by":"Reptomancer","ascension_level":20}}