{"host":"YagamiMirai","time":1610033421,"event":{"mods":["Act Like it!","BaseMod","Downfall","Hermit","Lobotomy","Minty Spire (QoL Compilation)","Replay The Spire","Spicy Shops","StSLib","The Animator","The Gatherer","The Mystic","vexMod","óô»ðÖ¸ÄÏ"],"gold_per_floor":[99,110,126,126,111,142,194,269,295,145,80,108,122,153,163,259,259,259,278,41,41,41,106,106,186,286,15,46,104,168,247,308,452,452,377,441,441,441,458,528,596,670,670,264,323,402,402,465,530,575,575,620,620,620],"floor_reached":52,"playtime":7467,"items_purged":["hexamod:Strike","Shame"],"score":1071,"play_id":"2a57e70c-1170-4e12-b3ec-1b0d6e33f6be","local_time":"20210107233021","is_ascension_mode":true,"campfire_choices":[{"floor":1.0,"key":"RECALL"},{"data":"hexamod:EtherealExpedition","floor":10.0,"key":"SMITH"},{"data":"hexamod:UnlimitedPower","floor":18.0,"key":"SMITH"},{"data":"hexamod:ParanormalForm","floor":35.0,"key":"SMITH"}],"circlet_count":1,"master_deck":["hexamod:Strike","hexamod:Strike","hexamod:Defend","hexamod:Defend","hexamod:Defend","hexamod:Sear","hexamod:Float","hexamod:EtherealExpedition+1","hexamod:BacktrackSmack","hexamod:SpectersWail","hexamod:RainOfEmbers","hexamod:SpectralSpark","hexamod:EmpoweredFlame","hexamod:WildfireWeapon","hexamod:TimeWarp","hexamod:SoulSteal","hexamod:Haunt","hexamod:UnlimitedPower+1","hexamod:RecurringNightmare","hexamod:Rewind","CommonCold","hexamod:RainOfEmbers+1","J.A.X.","hexamod:AdvancingGuard+1","hexamod:BurningTouch","hexamod:EmpoweringStance","hexamod:HeatShield+1","hexamod:ParanormalForm+1","hexamod:SoulSteal","hexamod:InspiringFlames+1","hexamod:UnlimitedPower","hexamod:BurningTouch+1","Replay:SS_forest_2+1","expansioncontent:DefensiveMode+1","expansioncontent:CaCaw+1","hexamod:HeatShield","hexamod:HeatCrush+1","hexamod:GhostOfSpirePast+1","Replay:SS_forest_5","hexamod:RadiantFlame+1","hexamod:SkipABeat+1"],"relics":["hexamod:SpiritBrand","Meat on the Bone","Iron Hammer","Bronze Scales","Pet Ghost","Smiling Mask","downfall:HeartBlessingRed","downfall:HeartBlessingGreen","Anchor","Happy Flower","Coffee Dripper","Mummified Hand","Replay:Kaleidoscope","ReplayTheSpireMod:Ring of Challenge","Ring of Fangs","Pear","Question Card","MutagenicStrength","Membership Card","Tiny Chest","Bottled Flame","Oddly Smooth Stone","Frozen Egg 2","Guardian:PocketSentry","Busted Crown","downfall:HeartBlessingBlue","Bottled Lightning","Replay:Bottled Flurry","vexMod:ScavengeHelm","Divine Protection","Circlet","Letter Opener","vexMod:TimeEaterHat","vexMod:RetaliationKit","HornCleat","Eternal Feather","Toy Ornithopter"],"acts_visited":["Exordium","TheCity","TheBeyond","TheEnding"],"potions_floor_usage":[],"damage_taken":[{"damage":0.0,"enemies":"2 Louse","floor":2.0,"turns":3.0},{"damage":6.0,"enemies":"Jaw Worm","floor":3.0,"turns":3.0},{"damage":4.0,"enemies":"downfall:FleeingMerchant","floor":5.0,"turns":4.0},{"damage":3.0,"enemies":"Replay:BlueRogue","floor":6.0,"turns":5.0},{"damage":15.0,"enemies":"Lagavulin","floor":9.0,"turns":5.0},{"damage":0.0,"enemies":"downfall:FleeingMerchant","floor":11.0,"turns":4.0},{"damage":8.0,"enemies":"Gremlin Nob","floor":12.0,"turns":3.0},{"damage":0.0,"enemies":"Small Slimes","floor":13.0,"turns":3.0},{"damage":0.0,"enemies":"3 Sentries","floor":14.0,"turns":3.0},{"damage":0.0,"enemies":"3 Louse","floor":15.0,"turns":2.0},{"damage":10.0,"enemies":"downfall:Watcher","floor":16.0,"turns":5.0},{"damage":0.0,"enemies":"Shell Parasite","floor":19.0,"turns":2.0},{"damage":8.0,"enemies":"downfall:FleeingMerchant","floor":20.0,"turns":3.0},{"damage":0.0,"enemies":"Chosen","floor":23.0,"turns":3.0},{"damage":26.0,"enemies":"Gremlin Leader","floor":25.0,"turns":6.0},{"damage":10.0,"enemies":"downfall:Augmenter","floor":26.0,"turns":4.0},{"damage":0.0,"enemies":"Book of Stabbing","floor":28.0,"turns":3.0},{"damage":10.0,"enemies":"3 Cultists","floor":29.0,"turns":5.0},{"damage":6.0,"enemies":"Snake Plant","floor":30.0,"turns":3.0},{"damage":13.0,"enemies":"Gremlin Leader","floor":31.0,"turns":3.0},{"damage":3.0,"enemies":"Snecko","floor":32.0,"turns":3.0},{"damage":47.0,"enemies":"downfall:Ironclad","floor":33.0,"turns":5.0},{"damage":0.0,"enemies":"Orb Walker","floor":36.0,"turns":3.0},{"damage":0.0,"enemies":"3 Darklings","floor":39.0,"turns":3.0},{"damage":68.0,"enemies":"Reptomancer","floor":40.0,"turns":4.0},{"damage":6.0,"enemies":"R_Hoarder","floor":42.0,"turns":4.0},{"damage":0.0,"enemies":"Maw","floor":45.0,"turns":4.0},{"damage":4.0,"enemies":"Nemesis","floor":46.0,"turns":7.0},{"damage":0.0,"enemies":"Jaw Worm Horde","floor":48.0,"turns":3.0},{"damage":10.0,"enemies":"Sphere and 2 Shapes","floor":49.0,"turns":3.0},{"damage":23.0,"enemies":"downfall:Defect","floor":50.0,"turns":6.0},{"damage":114,"enemies":"downfall:CharBossMerchant","floor":52,"turns":7}],"seed_played":"-7119817387820505390","potions_obtained":[{"floor":2.0,"key":"Ancient Potion"},{"floor":8.0,"key":"Toxic Potion"},{"floor":8.0,"key":"Venom Potion"},{"floor":12.0,"key":"Doom Potion"},{"floor":23.0,"key":"Adrenaline Potion"},{"floor":28.0,"key":"LiquidMemories"},{"floor":30.0,"key":"Dexterity Potion"},{"floor":32.0,"key":"champ:CounterPotion"},{"floor":40.0,"key":"Milkshake"},{"floor":42.0,"key":"DuplicationPotion"}],"is_trial":false,"path_per_floor":["R","M","M","?","$","E","T","?","E","R","$","E","M","E","M","B",null,"R","M","$","?","?","M","T","E","?","$","E","M","M","E","M","B",null,"R","M","?","?","M","E","T","E","T","R","M","E","T","M","M","B",null,"E"],"character_chosen":"THE_SPIRIT","items_purchased":["Mummified Hand","Replay:Kaleidoscope","Membership Card","Tiny Chest","Letter Opener","Replay:SS_forest_5","vexMod:TimeEaterHat","vexMod:RetaliationKit"],"campfire_rested":0,"item_purchase_floors":[20,20,27,27,44,44,44,44],"current_hp_per_floor":[63,63,57,45,53,50,50,17,14,14,26,30,42,54,54,44,84,84,84,76,76,86,86,86,60,50,50,50,52,58,57,54,19,94,104,104,94,94,94,38,38,44,44,44,56,64,64,64,54,43,104,0,0,0],"gold":620,"neow_bonus":"TWENTY_PERCENT_HP_BONUS","is_daily":false,"chose_seed":false,"campfire_upgraded":3,"win_rate":0.0,"timestamp":1610033421,"path_taken":["R","M","M","?","$","E","T","?","E","R","$","E","M","E","M","BOSS","R","M","$","?","?","M","T","E","?","$","E","M","M","E","M","BOSS","R","M","?","?","M","E","T","E","?","R","M","E","?","M","M","BOSS","E"],"items_purchased_type":["Relic","Relic","Relic","Relic","Relic","Card","Relic","Relic"],"build_version":"2020-12-18","purchased_purges":2,"victory":false,"max_hp_per_floor":[84,84,84,84,84,84,84,84,84,84,84,84,84,84,84,84,84,84,84,84,84,94,94,94,94,94,94,94,94,94,94,94,94,94,104,104,104,104,104,104,104,104,104,104,104,104,104,104,104,104,104,104,104,104],"card_choices":[{"not_picked":["hexamod:NecessarySacrifice","hexamod:ShieldOfDarkness"],"picked":"hexamod:EtherealExpedition","floor":2.0},{"not_picked":["hexamod:SpectralSpark","hexamod:AdvancingGuard"],"picked":"hexamod:BacktrackSmack","floor":3.0},{"not_picked":["hexamod:GhostLash","hexamod:NecessarySacrifice"],"picked":"hexamod:SpectersWail","floor":5.0},{"not_picked":["hexamod:Hexaguard","hexamod:ThermalTransfer"],"picked":"hexamod:RainOfEmbers","floor":6.0},{"not_picked":["hexamod:HauntingEcho","hexamod:SkipABeat"],"picked":"hexamod:SpectralSpark","floor":8.0},{"not_picked":["hexamod:SpectralSpark","hexamod:ChargedBarrage"],"picked":"hexamod:EmpoweredFlame","floor":9.0},{"not_picked":["hexamod:Incineration","hexamod:HauntingEcho"],"picked":"hexamod:WildfireWeapon","floor":11.0},{"not_picked":["hexamod:FirstSeal","hexamod:Firestarter"],"picked":"hexamod:TimeWarp","floor":12.0},{"not_picked":["hexamod:GhostLash","hexamod:ChargedBarrage"],"picked":"hexamod:SoulSteal","floor":13.0},{"not_picked":["hexamod:FastForward","hexamod:BacktrackSmack","hexamod:ThermalTransfer"],"picked":"SKIP","floor":14.0},{"not_picked":["hexamod:Firestarter","hexamod:SwordOfDarkness"],"picked":"hexamod:Haunt","floor":15.0},{"not_picked":["hexamod:CrushingStance","hexamod:ApocalypticArmor"],"picked":"hexamod:UnlimitedPower","floor":16.0},{"not_picked":["hexamod:BacktrackSmack","hexamod:HauntingEcho"],"picked":"hexamod:RecurringNightmare","floor":19.0},{"not_picked":["hexamod:ShieldOfDarkness","hexamod:SuperheatedStrike+1"],"picked":"hexamod:Rewind","floor":20.0},{"not_picked":["hexamod:FirstSeal","hexamod:SpectralSpark","hexamod:NecessarySacrifice"],"picked":"SKIP","floor":23.0},{"not_picked":["hexamod:GhostShield","hexamod:FlamesFromBeyond+1"],"picked":"hexamod:RainOfEmbers+1","floor":25.0},{"not_picked":[],"picked":"J.A.X.","floor":26.0},{"not_picked":["hexamod:RainOfEmbers","hexamod:NightmareStrike","hexamod:GhostShield"],"picked":"hexamod:AdvancingGuard+1","floor":26.0},{"not_picked":["hexamod:SecondSeal","hexamod:FastForward","hexamod:GhostLash"],"picked":"hexamod:HeatShield+1","floor":28.0},{"not_picked":["hexamod:NecessarySacrifice","hexamod:SkipABeat","hexamod:GhostShield"],"picked":"hexamod:ParanormalForm","floor":29.0},{"not_picked":["hexamod:FastForward","hexamod:SpectersWail","hexamod:SwordOfDarkness"],"picked":"hexamod:SoulSteal","floor":30.0},{"not_picked":["hexamod:GhostflameBarrier","hexamod:Haunt","hexamod:BurningTouch","hexamod:ThermalTransfer"],"picked":"SKIP","floor":31.0},{"not_picked":["hexamod:HauntingEcho","hexamod:FastForward","hexamod:Firestarter"],"picked":"hexamod:InspiringFlames+1","floor":32.0},{"not_picked":["hexamod:FifthSeal","hexamod:SearingWound","hexamod:UnleashSpirits"],"picked":"hexamod:UnlimitedPower","floor":33.0},{"not_picked":["hexamod:NightmareStrike"],"picked":"hexamod:BurningTouch+1","floor":36.0},{"not_picked":["expansioncontent:DecasProtection"],"picked":"Replay:SS_forest_2+1","floor":37.0},{"not_picked":["expansioncontent:PolyBeam"],"picked":"expansioncontent:DefensiveMode+1","floor":37.0},{"not_picked":["Replay:SS_hec_4"],"picked":"expansioncontent:CaCaw+1","floor":37.0},{"not_picked":["hexamod:BacktrackSmack+1"],"picked":"hexamod:HeatShield","floor":39.0},{"not_picked":["hexamod:HauntingEcho"],"picked":"hexamod:HeatCrush+1","floor":40.0},{"not_picked":["hexamod:FastForward"],"picked":"hexamod:GhostOfSpirePast+1","floor":42.0},{"not_picked":["hexamod:NightmareGuise+1","hexamod:NightmareStrike"],"picked":"SKIP","floor":45.0},{"not_picked":["hexamod:FifthSeal"],"picked":"hexamod:RadiantFlame+1","floor":46.0},{"not_picked":["hexamod:Hexaguard+1"],"picked":"hexamod:SkipABeat+1","floor":48.0},{"not_picked":["hexamod:InspiringFlames+1","hexamod:BacktrackSmack"],"picked":"SKIP","floor":49.0}],"player_experience":935767,"relics_obtained":[{"floor":6.0,"key":"Iron Hammer"},{"floor":7.0,"key":"Bronze Scales"},{"floor":8.0,"key":"Pet Ghost"},{"floor":9.0,"key":"Smiling Mask"},{"floor":12.0,"key":"Anchor"},{"floor":14.0,"key":"Happy Flower"},{"floor":21.0,"key":"ReplayTheSpireMod:Ring of Challenge"},{"floor":21.0,"key":"Ring of Fangs"},{"floor":25.0,"key":"Question Card"},{"floor":26.0,"key":"MutagenicStrength"},{"floor":28.0,"key":"Bottled Flame"},{"floor":30.0,"key":"Oddly Smooth Stone"},{"floor":31.0,"key":"Frozen Egg 2"},{"floor":33.0,"key":"Guardian:PocketSentry"},{"floor":40.0,"key":"Bottled Lightning"},{"floor":41.0,"key":"Replay:Bottled Flurry"},{"floor":42.0,"key":"Dead Branch"},{"floor":42.0,"key":"vexMod:ScavengeHelm"},{"floor":43.0,"key":"Divine Protection"},{"floor":46.0,"key":"HornCleat"},{"floor":47.0,"key":"Eternal Feather"},{"floor":49.0,"key":"Toy Ornithopter"}],"event_choices":[{"damage_healed":0.0,"max_hp_gain":0.0,"max_hp_loss":0.0,"gold_gain":0.0,"event_name":"Scrap Ooze","player_choice":"Success","floor":4.0,"gold_loss":0.0,"damage_taken":12.0,"relics_obtained":["Meat on the Bone"]},{"damage_healed":0.0,"max_hp_gain":0.0,"max_hp_loss":0.0,"gold_gain":0.0,"event_name":"Addict","player_choice":"Stole Relic","floor":22.0,"gold_loss":0.0,"damage_taken":0.0,"relics_obtained":["Pear"],"cards_obtained":["Shame"]}],"is_beta":true,"boss_relics":[{"not_picked":["vexMod:ImprovementManual","ChewingGum"],"picked":"Coffee Dripper"},{"not_picked":["Runic Pyramid","Fusion Hammer"],"picked":"Busted Crown"}],"items_purged_floors":[11,27],"is_endless":false,"potions_floor_spawned":[2,12,13,14,15,16,23,28,30,32,40,42,46,48],"killed_by":"downfall:CharBossMerchant","ascension_level":1}}