{"host":"2lrkmsuh7nz013qb","time":1610027225,"event":{"mods":["BaseMod","Colored Map","DeckTracker","Minty Spire (QoL Compilation)","SuperFastMode","everything is the same but u backflip on backflip"],"gold_per_floor":[15,25,41,51,62,93,111,111,111,111,125,150,0,12,12,86,86,101,101,26,38,49,49,69,89,116,128,140,152,8,8,8],"floor_reached":31,"playtime":1153,"items_purged":["Strike_G","Strike_G"],"score":502,"play_id":"16259b93-9068-4533-82c6-4e189b11b970","local_time":"20210107224705","is_ascension_mode":true,"campfire_choices":[{"data":"Neutralize","floor":8.0,"key":"SMITH"},{"data":"Well Laid Plans","floor":10.0,"key":"SMITH"},{"floor":15.0,"key":"REST"},{"data":"Acrobatics","floor":23.0,"key":"SMITH"},{"floor":27.0,"key":"REST"}],"circlet_count":0,"master_deck":["AscendersBane","Strike_G","Strike_G","Strike_G","Defend_G","Defend_G","Defend_G","Defend_G","Defend_G","Survivor","Neutralize+1","Backflip","Underhanded Strike","Backstab","Well Laid Plans+1","Heel Hook","Quick Slash","Slice","Grand Finale","Acrobatics+1","Adrenaline"],"relics":["Ring of the Snake","Gambling Chip","Ancient Tea Set","Toy Ornithopter","Juzu Bracelet","HoveringKite","Centennial Puzzle","MawBank"],"acts_visited":["Exordium","TheCity"],"potions_floor_usage":[],"damage_taken":[{"damage":9.0,"enemies":"Cultist","floor":1.0,"turns":6.0},{"damage":0.0,"enemies":"2 Louse","floor":2.0,"turns":3.0},{"damage":3.0,"enemies":"Jaw Worm","floor":3.0,"turns":3.0},{"damage":0.0,"enemies":"Looter","floor":4.0,"turns":2.0},{"damage":0.0,"enemies":"Lots of Slimes","floor":5.0,"turns":6.0},{"damage":15.0,"enemies":"3 Sentries","floor":6.0,"turns":8.0},{"damage":0.0,"enemies":"Exordium Thugs","floor":7.0,"turns":4.0},{"damage":0.0,"enemies":"Red Slaver","floor":11.0,"turns":1.0},{"damage":10.0,"enemies":"Lagavulin","floor":12.0,"turns":7.0},{"damage":11.0,"enemies":"Large Slime","floor":14.0,"turns":6.0},{"damage":16.0,"enemies":"Slime Boss","floor":16.0,"turns":6.0},{"damage":27.0,"enemies":"Spheric Guardian","floor":18.0,"turns":4.0},{"damage":4.0,"enemies":"2 Thieves","floor":21.0,"turns":4.0},{"damage":0.0,"enemies":"Shelled Parasite and Fungi","floor":22.0,"turns":1.0},{"damage":31.0,"enemies":"Sentry and Sphere","floor":24.0,"turns":6.0},{"damage":0.0,"enemies":"Centurion and Healer","floor":25.0,"turns":2.0},{"damage":15,"enemies":"Snake Plant","floor":31,"turns":2}],"seed_played":"3277973268685633047","potions_obtained":[{"floor":2.0,"key":"FearPotion"},{"floor":3.0,"key":"Strength Potion"},{"floor":7.0,"key":"EssenceOfSteel"},{"floor":14.0,"key":"EssenceOfSteel"},{"floor":18.0,"key":"SpeedPotion"},{"floor":21.0,"key":"GamblersBrew"}],"is_trial":false,"path_per_floor":["M","M","M","M","M","E","M","R","T","R","M","E","$","M","R","B",null,"M","?","$","M","M","R","M","M","T","R","$","?","$","M"],"character_chosen":"THE_SILENT","items_purchased":["Grand Finale","Block Potion"],"campfire_rested":2,"item_purchase_floors":[13,30],"current_hp_per_floor":[50,50,47,47,47,32,32,32,32,32,32,22,22,11,30,14,53,26,26,26,27,32,32,1,1,1,20,20,14,14,0,0],"gold":8,"neow_bonus":"ONE_RARE_RELIC","is_daily":false,"chose_seed":false,"campfire_upgraded":3,"win_rate":0.0,"timestamp":1610027225,"path_taken":["M","M","M","M","?","E","M","R","T","R","M","E","$","M","R","BOSS","M","?","$","M","M","R","M","M","T","R","?","?","$","M"],"items_purchased_type":["Card","Potion"],"build_version":"2020-12-22","purchased_purges":2,"victory":false,"max_hp_per_floor":[66,66,66,66,66,66,66,66,66,66,66,66,66,66,66,66,66,66,66,66,66,66,66,66,66,66,66,66,66,66,66,66],"card_choices":[{"not_picked":["Skewer","Caltrops"],"picked":"Backflip","floor":1.0},{"not_picked":["Deadly Poison","Deflect"],"picked":"Underhanded Strike","floor":2.0},{"not_picked":["Dash","Blur"],"picked":"Backstab","floor":3.0},{"not_picked":["Caltrops","Masterful Stab"],"picked":"Well Laid Plans","floor":4.0},{"not_picked":["Dodge and Roll","Skewer"],"picked":"Heel Hook","floor":5.0},{"not_picked":["Crippling Poison","Backflip"],"picked":"Quick Slash","floor":6.0},{"not_picked":["Deflect","Unload"],"picked":"Slice","floor":7.0},{"not_picked":["Skewer","Dodge and Roll","Infinite Blades"],"picked":"SKIP","floor":11.0},{"not_picked":["Skewer","Dodge and Roll","Bane"],"picked":"SKIP","floor":12.0},{"not_picked":["Flechettes","Endless Agony"],"picked":"Acrobatics","floor":14.0},{"not_picked":["Tools of the Trade","Grand Finale"],"picked":"Adrenaline","floor":16.0},{"not_picked":["Quick Slash","Flechettes","Setup"],"picked":"SKIP","floor":18.0},{"not_picked":["Concentrate","Escape Plan","Terror"],"picked":"SKIP","floor":21.0},{"not_picked":["Slice+1","Setup","Quick Slash"],"picked":"SKIP","floor":22.0},{"not_picked":["Dodge and Roll","Backstab","Flechettes"],"picked":"SKIP","floor":24.0},{"not_picked":["Endless Agony+1","Flying Knee","Prepared"],"picked":"SKIP","floor":25.0}],"player_experience":745017,"relics_obtained":[{"floor":6.0,"key":"Ancient Tea Set"},{"floor":9.0,"key":"Toy Ornithopter"},{"floor":12.0,"key":"Juzu Bracelet"},{"floor":26.0,"key":"MawBank"}],"event_choices":[{"damage_healed":0.0,"max_hp_gain":0.0,"max_hp_loss":0.0,"gold_gain":0.0,"event_name":"WeMeetAgain","player_choice":"Gave Potion","floor":19.0,"gold_loss":0.0,"damage_taken":0.0,"relics_obtained":["Centennial Puzzle"]},{"damage_healed":0.0,"max_hp_gain":0.0,"max_hp_loss":0.0,"gold_gain":0.0,"event_name":"Knowing Skull","player_choice":"","floor":29.0,"potions_obtained":[],"gold_loss":0.0,"damage_taken":6.0,"cards_obtained":[]}],"is_beta":false,"boss_relics":[{"not_picked":["Ring of the Serpent","Sozu"],"picked":"HoveringKite"}],"items_purged_floors":[20,30],"is_endless":false,"potions_floor_spawned":[2,3,7,14,18,21],"killed_by":"Snake Plant","ascension_level":20}}