{"host":"9709z2dy8v1s63sm","time":1610032976,"event":{"mods":["AchievementEnabler","BaseMod","Minty Spire (QoL Compilation)","StSLib","SuperFastMode"],"gold_per_floor":[110,127,137,212,223,223,323,323,323,338,373,386,419,369,369,470,470,481,481,11,11,11,44,71,71,71,106,117,143,190,207,207,310,310,322,342,362,377,599,616,616,641,641,668,668,693,164,193,193,193,193,193,49,77,77],"floor_reached":56,"playtime":2384,"items_purged":["Strike_R"],"score":1830,"play_id":"8276c3da-5fd8-4827-ab78-9777daf8d1f0","local_time":"20210108002256","is_ascension_mode":true,"campfire_choices":[{"data":"Bash","floor":6.0,"key":"SMITH"},{"data":"Clothesline","floor":8.0,"key":"SMITH"},{"data":"Body Slam","floor":15.0,"key":"SMITH"},{"data":"Apotheosis","floor":25.0,"key":"SMITH"},{"floor":32.0,"key":"RECALL"},{"floor":45,"key":"REST"},{"floor":49,"key":"REST"},{"floor":52,"key":"REST"}],"circlet_count":0,"master_deck":["Strike_R","Defend_R","Defend_R","Defend_R","Defend_R","Bash+1","Body Slam+1","Clothesline+1","Dropkick","Hemokinesis","Reaper","Offering","Bloodletting","Apotheosis+1","Wild Strike","Shrug It Off","Disarm","Shockwave+1","Feel No Pain","Offering","Shrug It Off+1","Warcry+1","Blood for Blood","True Grit","Dark Embrace","Finesse","Evolve+1","Power Through","Rupture"],"relics":["Burning Blood","Self Forming Clay","Gremlin Horn","Sozu","Bronze Scales","Happy Flower","TheAbacus","Lantern","Red Mask","Ornamental Fan","Potion Belt","Bottled Lightning","MealTicket","SlaversCollar","Incense Burner","Lizard Tail","Paper Frog","MawBank","Medical Kit","Bag of Preparation","Orichalcum","Turnip"],"acts_visited":["Exordium","TheCity","TheBeyond","TheEnding"],"potions_floor_usage":[],"damage_taken":[{"damage":14.0,"enemies":"Jaw Worm","floor":1.0,"turns":3.0},{"damage":1.0,"enemies":"Cultist","floor":2.0,"turns":3.0},{"damage":10.0,"enemies":"Small Slimes","floor":3.0,"turns":4.0},{"damage":7.0,"enemies":"2 Fungi Beasts","floor":5.0,"turns":5.0},{"damage":25.0,"enemies":"Exordium Thugs","floor":10.0,"turns":5.0},{"damage":27.0,"enemies":"Lagavulin","floor":11.0,"turns":6.0},{"damage":4.0,"enemies":"Blue Slaver","floor":12.0,"turns":5.0},{"damage":9.0,"enemies":"Gremlin Nob","floor":13.0,"turns":3.0},{"damage":8.0,"enemies":"Slime Boss","floor":16.0,"turns":7.0},{"damage":10.0,"enemies":"Spheric Guardian","floor":18.0,"turns":3.0},{"damage":40.0,"enemies":"Slavers","floor":23.0,"turns":5.0},{"damage":11.0,"enemies":"Masked Bandits","floor":24.0,"turns":4.0},{"damage":9.0,"enemies":"Book of Stabbing","floor":27.0,"turns":5.0},{"damage":23.0,"enemies":"Chosen","floor":28.0,"turns":5.0},{"damage":23.0,"enemies":"Slavers","floor":29.0,"turns":4.0},{"damage":4.0,"enemies":"Sentry and Sphere","floor":31.0,"turns":5.0},{"damage":40.0,"enemies":"Collector","floor":33.0,"turns":7.0},{"damage":8,"enemies":"Orb Walker","floor":35,"turns":3},{"damage":19,"enemies":"3 Darklings","floor":36,"turns":3},{"damage":17,"enemies":"Writhing Mass","floor":37,"turns":5},{"damage":11,"enemies":"Jaw Worm Horde","floor":38,"turns":2},{"damage":22,"enemies":"3 Darklings","floor":40,"turns":5},{"damage":19,"enemies":"Reptomancer","floor":42,"turns":4},{"damage":19,"enemies":"Nemesis","floor":44,"turns":3},{"damage":17,"enemies":"Giant Head","floor":46,"turns":2},{"damage":29,"enemies":"Reptomancer","floor":48,"turns":4},{"damage":40,"enemies":"Awakened One","floor":50,"turns":8},{"damage":20,"enemies":"Shield and Spear","floor":54,"turns":2},{"damage":29,"enemies":"The Heart","floor":55,"turns":7}],"seed_played":"5343599577467733046","potions_obtained":[{"floor":1.0,"key":"PowerPotion"},{"floor":3.0,"key":"Strength Potion"},{"floor":12.0,"key":"AttackPotion"},{"floor":16.0,"key":"FearPotion"}],"is_trial":false,"path_per_floor":["M","M","M","?","M","R","?","R","T","M","E","M","E","?","R","B",null,"M","?","$","?","?","E","?","R","T","E","M","E","T","M","R","B",null,"M","M","M","M","?","M","?","E","T","E","R","E","$","E","R","B",null,"R","$","E","B",null],"character_chosen":"IRONCLAD","items_purchased":["Apotheosis","Happy Flower","TheAbacus","Medical Kit","Dark Embrace","Bag of Preparation","Finesse","Power Through","Rupture"],"campfire_rested":3,"item_purchase_floors":[20,20,20,47,47,47,47,53,53],"current_hp_per_floor":[72,77,73,62,61,61,61,61,61,42,21,23,20,20,20,43,77,73,73,73,73,73,50,48,48,48,52,40,44,44,46,46,26,73,71,68,59,69,69,68,68,69,69,63,84,84,84,67,84,66,80,84,84,84,84],"gold":77,"neow_bonus":"TEN_PERCENT_HP_BONUS","is_daily":false,"chose_seed":false,"campfire_upgraded":4,"win_rate":0.0,"timestamp":1610032976,"path_taken":["M","M","M","?","M","R","?","R","T","?","E","?","E","?","R","BOSS","M","?","$","?","?","E","?","R","T","E","M","E","?","?","R","BOSS","M","M","?","M","?","M","?","E","T","E","R","E","$","E","R","BOSS","R","$","E","BOSS"],"items_purchased_type":["Card","Relic","Relic","Relic","Card","Relic","Card","Card","Card"],"build_version":"2020-12-22","purchased_purges":1,"victory":true,"max_hp_per_floor":[88,88,88,88,88,88,88,88,88,88,88,88,88,88,88,88,88,88,88,88,88,88,88,88,88,88,88,88,88,88,88,88,88,88,88,88,88,88,88,88,84,84,84,84,84,84,84,84,84,84,84,84,84,84,84],"card_choices":[{"not_picked":["Thunderclap","Fire Breathing"],"picked":"Body Slam","floor":1.0},{"not_picked":["Twin Strike","Infernal Blade"],"picked":"Clothesline","floor":2.0},{"not_picked":["Exhume","Twin Strike"],"picked":"Dropkick","floor":3.0},{"not_picked":["Armaments","Heavy Blade"],"picked":"Hemokinesis","floor":5.0},{"not_picked":["Armaments","Anger","Burning Pact"],"picked":"SKIP","floor":10.0},{"not_picked":["Warcry","Headbutt","Uppercut"],"picked":"SKIP","floor":11.0},{"not_picked":["Cleave","Clash","Flame Barrier"],"picked":"SKIP","floor":12.0},{"not_picked":["Anger","Ghostly Armor"],"picked":"Reaper","floor":13.0},{"not_picked":["Reaper","Berserk"],"picked":"Offering","floor":16.0},{"not_picked":["Seeing Red","Wild Strike"],"picked":"Bloodletting","floor":18.0},{"not_picked":["Reckless Charge+1","Perfected Strike"],"picked":"Disarm","floor":23.0},{"not_picked":["Pommel Strike","Flex+1"],"picked":"Shockwave+1","floor":27.0},{"not_picked":["Pommel Strike","Anger"],"picked":"Feel No Pain","floor":28.0},{"not_picked":["Searing Blow","Wild Strike+1","Clash"],"picked":"SKIP","floor":29.0},{"not_picked":["Bludgeon","Warcry","Wild Strike"],"picked":"SKIP","floor":31.0},{"not_picked":["Reaper","Exhume"],"picked":"Offering","floor":33.0},{"not_picked":["Pommel Strike","Cleave+1"],"picked":"Shrug It Off+1","floor":35},{"not_picked":["Entrench+1","Hemokinesis+1","True Grit"],"picked":"SKIP","floor":36},{"not_picked":["Cleave","Heavy Blade+1","Reckless Charge+1"],"picked":"SKIP","floor":37},{"not_picked":["Thunderclap+1","Headbutt"],"picked":"Warcry+1","floor":38},{"not_picked":["Cleave","Shrug It Off","Body Slam"],"picked":"SKIP","floor":40},{"not_picked":["Heavy Blade","Cleave+1"],"picked":"Blood for Blood","floor":42},{"not_picked":["Infernal Blade","Reckless Charge+1","Juggernaut"],"picked":"SKIP","floor":44},{"not_picked":["Thunderclap","Double Tap"],"picked":"True Grit","floor":46},{"not_picked":["Sentinel+1","True Grit+1"],"picked":"Evolve+1","floor":48},{"not_picked":["Iron Wave+1","Flex","Carnage+1"],"picked":"SKIP","floor":54}],"player_experience":48248,"relics_obtained":[{"floor":11.0,"key":"Self Forming Clay"},{"floor":13.0,"key":"Gremlin Horn"},{"floor":23.0,"key":"Lantern"},{"floor":24.0,"key":"Red Mask"},{"floor":26.0,"key":"Ornamental Fan"},{"floor":27.0,"key":"Potion Belt"},{"floor":29.0,"key":"Bottled Lightning"},{"floor":30.0,"key":"MealTicket"},{"floor":42,"key":"Incense Burner"},{"floor":43,"key":"Lizard Tail"},{"floor":44,"key":"Paper Frog"},{"floor":46,"key":"MawBank"},{"floor":48,"key":"Orichalcum"},{"floor":54,"key":"Turnip"}],"event_choices":[{"damage_healed":0.0,"max_hp_gain":0.0,"max_hp_loss":0.0,"gold_gain":75.0,"event_name":"World of Goop","player_choice":"Gather Gold","floor":4.0,"gold_loss":0.0,"damage_taken":11.0},{"damage_healed":0.0,"max_hp_gain":0.0,"max_hp_loss":0.0,"gold_gain":100.0,"event_name":"Golden Shrine","player_choice":"Pray","floor":7.0,"gold_loss":0.0,"damage_taken":0.0},{"cards_removed":["Strike_R"],"damage_healed":0.0,"max_hp_gain":0.0,"max_hp_loss":0.0,"gold_gain":0.0,"event_name":"The Cleric","player_choice":"Card Removal","floor":14.0,"gold_loss":50.0,"damage_taken":0.0},{"damage_healed":0.0,"max_hp_gain":0.0,"max_hp_loss":0.0,"gold_gain":0.0,"event_name":"WeMeetAgain","player_choice":"Gave Potion","floor":19.0,"gold_loss":0.0,"damage_taken":0.0,"relics_obtained":["Bronze Scales"]},{"damage_healed":0.0,"max_hp_gain":0.0,"max_hp_loss":0.0,"gold_gain":0.0,"cards_transformed":["Strike_R","Strike_R"],"event_name":"Drug Dealer","player_choice":"Became Test Subject","floor":21.0,"gold_loss":0.0,"damage_taken":0.0,"cards_obtained":["Wild Strike","Shrug It Off"]},{"damage_healed":0.0,"max_hp_gain":0.0,"max_hp_loss":0.0,"gold_gain":0.0,"event_name":"Ghosts","player_choice":"Ignored","floor":22.0,"gold_loss":0.0,"damage_taken":0.0},{"damage_healed":0.0,"max_hp_gain":0.0,"max_hp_loss":0.0,"gold_gain":0.0,"event_name":"Masked Bandits","player_choice":"Fought Bandits","floor":24.0,"gold_loss":0.0,"damage_taken":0.0},{"damage_healed":0,"gold_gain":222,"player_choice":"Wore Mask","damage_taken":0,"max_hp_gain":0,"max_hp_loss":0,"event_name":"Tomb of Lord Red Mask","floor":39,"gold_loss":0},{"damage_healed":0,"gold_gain":0,"player_choice":"Max HP","damage_taken":0,"max_hp_gain":0,"max_hp_loss":4,"event_name":"Winding Halls","floor":41,"gold_loss":0}],"is_beta":false,"boss_relics":[{"not_picked":["Cursed Key","Ectoplasm"],"picked":"Sozu"},{"not_picked":["Runic Pyramid","Black Blood"],"picked":"SlaversCollar"}],"items_purged_floors":[47],"is_endless":false,"potions_floor_spawned":[1,3,12,16,18,27,29,37,40,44],"ascension_level":6}}