{"host":"3q8x5nua6nulvkr6","time":1610012628,"event":{"mods":["Aspiration","BaseMod","Better Note","BetterRewards","Colored Map","Colored Powertips","Conspire","GifTheSpireLib","Hubris","Infinite Spire","Minty Spire (QoL Compilation)","Rare Cards Sparkle","Replay The Spire","StSLib","Stuff the Spire","Wandering Minibosses"],"gold_per_floor":[116,128,128,128,128,128,145,145,145,169,185,215,230,265,265,368,368,388,20,35,135,135,160,29,29,53,87,105,156,104,71,71,176,176,193,193,114,141,154,154,186,186,186,206,237,247,263,263,263,263],"floor_reached":51,"playtime":3850,"items_purged":["StuffTheSpire:ClusterCrunch","StuffTheSpire:Fury"],"score":764,"play_id":"6c99223a-9083-4d73-aa79-cb38ec62edbd","local_time":"20210107044348","daily_mods":["SealedDeck","Red Cards","Green Cards","Blue Cards","Purple Cards","Colorless Cards"],"is_ascension_mode":true,"campfire_choices":[{"data":"StuffTheSpire:BumpUp","floor":6.0,"key":"SMITH"},{"data":"Calculated Gamble","floor":8.0,"key":"SMITH"},{"data":"Perfected Strike","floor":15.0,"key":"SMITH"},{"data":"Perfected Strike","floor":25.0,"key":"SMITH"},{"data":"Pommel Strike","floor":32,"key":"SMITH"},{"data":"Dash","floor":40,"key":"SMITH"},{"data":"Perfected Strike","floor":42,"key":"SMITH"},{"floor":49,"key":"REST"}],"circlet_count":0,"master_deck":["Underhanded Strike","StuffTheSpire:BumpUp+1","ReplayTheSpireMod:Strike From Hell+1","Perfected Strike+1","Perfected Strike+1","Perfected Strike+1","Thunderclap+1","Leap","Pommel Strike+1","Calculated Gamble+1","Adrenaline+1","Conserve Battery+1","Apotheosis+1","Protect+1","Impervious","Dash+1","StuffTheSpire:Repulse+1"],"relics":["Burning Blood","Toy Ornithopter","Regal Pillow","StuffTheSpire:Experiment12","conspire:SpecialSausage","Blue Doll","TheAbacus","Magic Flower","Smiling Mask","hubris:ToyBattleship","infinitespire:Broken Mirror","Dream Catcher","Busted Crown","conspire:TopHat","StuffTheSpire:DarkSteelAnvil","Golden Egg","hubris:SlimyHat","hubris:Towel"],"acts_visited":["Exordium","TheCity","TheBeyond"],"potions_floor_usage":[45,50,50,50],"damage_taken":[{"damage":11.0,"enemies":"Jaw Worm","floor":1.0,"turns":2.0},{"damage":0.0,"enemies":"Small Slimes","floor":2.0,"turns":3.0},{"damage":3.0,"enemies":"conspire:RoseBush","floor":7.0,"turns":3.0},{"damage":3.0,"enemies":"Blue Slaver","floor":11.0,"turns":3.0},{"damage":9.0,"enemies":"Replay:BlueRogue","floor":12.0,"turns":4.0},{"damage":7.0,"enemies":"3 Louse","floor":13.0,"turns":2.0},{"damage":16.0,"enemies":"Gremlin Nob","floor":14.0,"turns":3.0},{"damage":29.0,"enemies":"Hexaghost","floor":16.0,"turns":7.0},{"damage":6.0,"enemies":"3 Byrds","floor":18.0,"turns":3.0},{"damage":8.0,"enemies":"2 Thieves","floor":20.0,"turns":3.0},{"damage":8.0,"enemies":"conspire:SneckoGhost","floor":23.0,"turns":4.0},{"damage":9.0,"enemies":"Replay:Snechameleon","floor":27.0,"turns":4.0},{"damage":10.0,"enemies":"Snake Plant","floor":28.0,"turns":2.0},{"damage":0,"enemies":"Centurion and Healer","floor":31,"turns":5},{"damage":27,"enemies":"Automaton","floor":33,"turns":11},{"damage":0,"enemies":"3 Shapes","floor":35,"turns":4},{"damage":3,"enemies":"3 Darklings","floor":39,"turns":5},{"damage":0,"enemies":"Reptomancer","floor":41,"turns":6},{"damage":0,"enemies":"Spire Growth","floor":44,"turns":3},{"damage":45,"enemies":"Giant Head","floor":45,"turns":9},{"damage":0,"enemies":"Maw","floor":46,"turns":6},{"damage":6,"enemies":"4 Shapes","floor":47,"turns":5},{"damage":45,"enemies":"infinitespire:MassOfShapes","floor":50,"turns":13}],"seed_played":"-5187970970056507490","potions_obtained":[{"floor":1.0,"key":"EssenceOfSteel"},{"floor":11.0,"key":"Fire Potion"},{"floor":12.0,"key":"Swift Potion"},{"floor":18.0,"key":"Strength Potion"},{"floor":20.0,"key":"LiquidMemories"},{"floor":33,"key":"Weak Potion"},{"floor":41,"key":"BloodPotion"},{"floor":46,"key":"Explosive Potion"},{"floor":47,"key":"Block Potion"}],"is_trial":true,"path_per_floor":["M","M","?","?","$","R","M","R","T","T","M","E","M","E","R","B",null,"M","$","M","?","AVR","E","$","R","T","E","M","T","$","M","R","B",null,"M","?","$","T","M","R","E","R","T","M","E","M","M","?","R","B",null],"character_chosen":"IRONCLAD","items_purchased":["Blue Doll","TheAbacus","Apotheosis+1","Weak Potion","Dash"],"campfire_rested":1,"item_purchase_floors":[19,19,24,30,37],"current_hp_per_floor":[75,80,80,64,64,64,67,67,67,67,70,67,66,56,56,38,80,80,80,78,78,78,80,80,80,80,80,80,80,80,80,80,62,80,80,80,80,80,80,80,80,80,80,80,48,57,60,60,80,69],"gold":263,"neow_bonus":"","is_daily":false,"chose_seed":false,"campfire_upgraded":7,"win_rate":0.0,"timestamp":1610012628,"path_taken":["M","M","?","?","?","R","M","R","T","?","M","E","M","E","R","BOSS","M","$","M","?","AVR","E","$","R","T","E","M","?","?","?","R","BOSS","M","?","$","?","M","R","E","R","T","M","E","M","M","?","R","BOSS"],"items_purchased_type":["Relic","Relic","Card","Potion","Card"],"build_version":"2020-12-22","purchased_purges":2,"victory":true,"max_hp_per_floor":[80,80,80,80,80,80,80,80,80,80,80,80,80,80,80,80,80,80,80,80,80,80,80,80,80,80,80,80,80,80,80,80,80,80,80,80,80,80,80,80,80,80,80,80,80,80,80,80,80,80],"card_choices":[{"not_picked":["Bane","Loop"],"picked":"Pommel Strike","floor":1.0},{"not_picked":["Searing Blow","Steam","StuffTheSpire:RockThrow"],"picked":"SKIP","floor":2.0},{"not_picked":["Rupture","hubris:Insight"],"picked":"Calculated Gamble","floor":7.0},{"not_picked":["StuffTheSpire:BumpUp","Havoc","Eclipse"],"picked":"SKIP","floor":11.0},{"not_picked":["Sentinel","Flex","Darkness"],"picked":"SKIP","floor":12.0},{"not_picked":["Cold Snap","Cleave","Fasting2"],"picked":"SKIP","floor":13.0},{"not_picked":["WreathOfFlame","Warcry","Panic Button"],"picked":"SKIP","floor":14.0},{"not_picked":["Machine Learning","Eclipse"],"picked":"Adrenaline","floor":16.0},{"not_picked":["Deflect+1","Quick Slash+1"],"picked":"Conserve Battery+1","floor":18.0},{"not_picked":["Armaments","Mind Blast","Glacier"],"picked":"SKIP","floor":20.0},{"not_picked":["Rebound","Sweeping Beam","Steam"],"picked":"SKIP","floor":23.0},{"not_picked":["Body Slam","Bandage Up","Chill"],"picked":"SKIP","floor":27.0},{"not_picked":["Hologram","Shockwave"],"picked":"Protect+1","floor":28.0},{"not_picked":["Headbutt","Cleave","Sanctity"],"picked":"SKIP","floor":31},{"not_picked":["Biased Cognition","Phantasmal Killer"],"picked":"Impervious","floor":33},{"not_picked":["Sneak Up"],"picked":"SKIP","floor":35},{"not_picked":["SashWhip"],"picked":"SKIP","floor":39},{"not_picked":[],"picked":"StuffTheSpire:Repulse+1","floor":41},{"not_picked":["PathToVictory"],"picked":"SKIP","floor":44},{"not_picked":["Cleave+1"],"picked":"SKIP","floor":45},{"not_picked":["Havoc"],"picked":"SKIP","floor":46},{"not_picked":["Flex+1"],"picked":"SKIP","floor":47}],"player_experience":1028333,"relics_obtained":[{"floor":9.0,"key":"aspiration:StickyExplosives_weak"},{"floor":10.0,"key":"Toy Ornithopter"},{"floor":12.0,"key":"Regal Pillow"},{"floor":14.0,"key":"StuffTheSpire:Experiment12"},{"floor":23.0,"key":"Smiling Mask"},{"floor":26.0,"key":"hubris:ToyBattleship"},{"floor":27.0,"key":"infinitespire:Broken Mirror"},{"floor":29.0,"key":"Dream Catcher"},{"floor":38,"key":"conspire:TopHat"},{"floor":41,"key":"StuffTheSpire:DarkSteelAnvil"},{"floor":43,"key":"Golden Egg"},{"floor":45,"key":"hubris:SlimyHat"}],"event_choices":[{"damage_healed":0.0,"max_hp_gain":0.0,"max_hp_loss":0.0,"gold_gain":0.0,"event_name":"Shining Light","player_choice":"Entered Light","floor":4.0,"gold_loss":0.0,"damage_taken":16.0,"cards_upgraded":["Thunderclap","ReplayTheSpireMod:Strike From Hell"]},{"damage_healed":0.0,"max_hp_gain":0.0,"max_hp_loss":0.0,"gold_gain":100.0,"event_name":"Golden Shrine","player_choice":"Pray","floor":21.0,"gold_loss":0.0,"damage_taken":0.0},{"damage_healed":0,"gold_gain":0,"player_choice":"Upgraded","damage_taken":0,"max_hp_gain":0,"max_hp_loss":0,"event_name":"Upgrade Shrine","floor":36,"gold_loss":0,"cards_upgraded":["Adrenaline"]}],"is_beta":false,"boss_relics":[{"not_picked":["Empty Cage","hubris:Stopwatch"],"picked":"conspire:SpecialSausage"},{"not_picked":["Replay:Ancient Bell","Runic Dome"],"picked":"Busted Crown"}],"items_purged_floors":[19,22],"is_endless":false,"potions_floor_spawned":[1,11,12,18,20,33,41,44,46,47],"ascension_level":1}}