{"host":"eemx8njkng76fu5x","time":1610036202,"event":{"mods":["2.2 Compatiblity","BaseMod","Downfall","Minty Spire (QoL Compilation)","Permanent Neow","StSLib","Unceasing Turn Reminder","Unknown Chances"],"gold_per_floor":[99,110,110,260,278,159,159,189,289,289,289,309,309,31,46,46,46,46],"floor_reached":16,"playtime":513,"items_purged":["Doubt","Slimebound:Split"],"score":176,"play_id":"d28bc6b3-2e42-4c3d-ba38-1bce0c6e9cd5","local_time":"20210108001642","is_ascension_mode":true,"campfire_choices":[{"data":"Slimebound:CorrosiveSpit","floor":1,"key":"SMITH"},{"data":"Slimebound:LivingWall","floor":11,"key":"SMITH"},{"data":"Slimebound:GoopSpray","floor":13,"key":"SMITH"}],"circlet_count":0,"master_deck":["AscendersBane","Slimebound:Strike_Slimebound","Slimebound:Strike_Slimebound","Slimebound:Strike_Slimebound","Slimebound:Tackle","Slimebound:Defend_Slimebound","Slimebound:Defend_Slimebound","Slimebound:Defend_Slimebound","Slimebound:Defend_Slimebound","Slimebound:CorrosiveSpit+1","Slimebound:SlimeSpikes","Slimebound:SlimeSpikes","Slimebound:GoopSpray+1","Slimebound:FinishingTackle","Slimebound:LivingWall+1","Slimebound:SamplingLick","Slimebound:RollThrough","Slimebound:ComboTackle"],"relics":["Slimebound:AbsorbEndCombat","MealTicket","HornCleat","Tiny Chest","downfall:ShatteredFragment","Pen Nib"],"acts_visited":["Exordium"],"potions_floor_usage":[16],"damage_taken":[{"damage":7,"enemies":"Small Slimes","floor":2,"turns":5},{"damage":0,"enemies":"2 Louse","floor":5,"turns":3},{"damage":4,"enemies":"downfall:FleeingMerchant","floor":6,"turns":4},{"damage":32,"enemies":"Gremlin Nob","floor":8,"turns":5},{"damage":4,"enemies":"Cultist","floor":12,"turns":3},{"damage":4,"enemies":"downfall:FleeingMerchant","floor":14,"turns":4},{"damage":0,"enemies":"Exordium Thugs","floor":15,"turns":5},{"damage":59,"enemies":"downfall:Defect","floor":16,"turns":6}],"seed_played":"-8306765587919686121","potions_obtained":[{"floor":5,"key":"Fruit Juice"},{"floor":15,"key":"Dexterity Potion"}],"is_trial":false,"path_per_floor":["R","M","?","?","M","$","T","E","?","?","R","M","R","$","M","B"],"character_chosen":"SLIMEBOUND","items_purchased":["Slimebound:FinishingTackle","Pen Nib"],"campfire_rested":0,"item_purchase_floors":[6,14],"current_hp_per_floor":[49,54,59,59,59,59,59,29,29,11,11,17,17,36,44,0,0,0],"gold":46,"neow_bonus":"RANDOM_COMMON_RELIC","is_daily":false,"chose_seed":false,"campfire_upgraded":3,"win_rate":0.0,"timestamp":1610036202,"path_taken":["R","M","?","?","M","$","T","E","?","?","R","M","R","$","M","BOSS"],"items_purchased_type":["Card","Relic"],"build_version":"2020-12-22","purchased_purges":2,"victory":false,"max_hp_per_floor":[54,54,59,59,59,59,59,59,59,59,59,59,59,59,59,64,64,64],"card_choices":[{"not_picked":["Slimebound:SamplingLick","Slimebound:FlameTackle"],"picked":"Slimebound:SlimeSpikes","floor":2},{"not_picked":["Slimebound:Equalize","Slimebound:LeadByExample"],"picked":"Slimebound:SlimeSpikes","floor":5},{"not_picked":["Slimebound:FirmFortitude","Slimebound:HauntingLick"],"picked":"Slimebound:GoopSpray","floor":6},{"not_picked":["Slimebound:ForwardTackle","Slimebound:Nibble"],"picked":"Slimebound:LivingWall","floor":8},{"not_picked":["Slimebound:SplitBruiser","Slimebound:FirmFortitude"],"picked":"Slimebound:SamplingLick","floor":12},{"not_picked":["Slimebound:LeadByExample","Slimebound:Teamwork"],"picked":"Slimebound:RollThrough","floor":14},{"not_picked":["Slimebound:SplitLeeching","Slimebound:GoopTackle"],"picked":"Slimebound:ComboTackle","floor":15}],"player_experience":464945,"relics_obtained":[{"floor":7,"key":"HornCleat"},{"floor":8,"key":"Tiny Chest"}],"event_choices":[{"damage_healed":0,"gold_gain":0,"player_choice":"Donut","damage_taken":0,"max_hp_gain":5,"max_hp_loss":0,"event_name":"Big Fish","floor":3,"gold_loss":0}],"is_beta":false,"boss_relics":[],"items_purged_floors":[6,14],"is_endless":false,"potions_floor_spawned":[5,15],"killed_by":"downfall:Defect","ascension_level":16}}