{"host":"9n6i2vl93jt4o42q","time":1610025616,"event":{"mods":["BaseMod","Downfall","Minty Spire (QoL Compilation)","Relic Stats","StSLib"],"gold_per_floor":[99,119,138,238,250,175,175,192,222,222,9,38,38,23,39,140,140,140,158,178,178,190,190,242,260,292,217,229,244,271,290,306,408,408,333,345,83,95,111,111,189,239,239,252,262,262,281,307,324,324],"floor_reached":51,"playtime":7900,"items_purged":["Guardian:Strike_Guardian","Guardian:Defend_Guardian"],"score":1110,"play_id":"76364e5c-d2a2-4b84-a772-03d8b8287d8d","local_time":"20210107142016","is_ascension_mode":true,"campfire_choices":[{"floor":1,"key":"RECALL"},{"data":"Guardian:PiercingHide","floor":6,"key":"SMITH"},{"data":"Guardian:ArmoredProtocol","floor":10,"key":"SMITH"},{"data":"Guardian:Suspension","floor":13,"key":"SMITH"},{"data":"Guardian:TimeSifter","floor":18,"key":"SMITH"},{"data":"Guardian:CompilePackage","floor":23,"key":"SMITH"},{"data":"Guardian:DonusPower","floor":27,"key":"SMITH"},{"data":"Guardian:PolyBeam","floor":35,"key":"SMITH"},{"data":"Guardian:StasisEngine","floor":43,"key":"SMITH"}],"circlet_count":0,"master_deck":["Guardian:Strike_Guardian","Guardian:Strike_Guardian","Guardian:Strike_Guardian","Guardian:Defend_Guardian","Guardian:Defend_Guardian","Guardian:Defend_Guardian","Guardian:CurlUp","Guardian:TwinSlam+1","Guardian:PiercingHide+1","Guardian:Planning","Guardian:Incinerate","Guardian:ArmoredProtocol+1","Guardian:PolyBeam+1","Guardian:Suspension+1","Guardian:CompilePackage+1","Guardian:Harden","Guardian:TimeSifter+1","Guardian:MultiBeam+1","Guardian:TimeCapacitor","Guardian:DonusPower+1","Guardian:ShieldCharger","Guardian:Recover+1","Guardian:Recover","Guardian:StasisEngine+1","Guardian:DonusPower","Guardian:Gem_Yellow","Guardian:Repulse+1","Guardian:Aged","Guardian:Gem_Green","Guardian:Gem_Lightblue","Guardian:Gem_Fragmented","Guardian:ChargeUp","Guardian:Reroute+1","Guardian:TemporalShield+1","Guardian:CompilePackage+1","Guardian:FuturePlans+1","Guardian:Gem_Crimson"],"relics":["Guardian:ModeShifter","downfall:HeartBlessingRed","Bottled Lightning","Odd Mushroom","Guardian:PocketSentry","Coffee Dripper","Lantern","downfall:HeartBlessingBlue","HornCleat","Cursed Key","downfall:HeartBlessingGreen","Vajra","Molten Egg 2","Guardian:SackOfGems","Juzu Bracelet"],"acts_visited":["Exordium","TheCity","TheBeyond"],"potions_floor_usage":[12,12,30,30,30],"damage_taken":[{"damage":9,"enemies":"Small Slimes","floor":2,"turns":4},{"damage":0,"enemies":"Cultist","floor":3,"turns":3},{"damage":0,"enemies":"Jaw Worm","floor":5,"turns":3},{"damage":0,"enemies":"3 Louse","floor":8,"turns":3},{"damage":7,"enemies":"The Mushroom Lair","floor":9,"turns":5},{"damage":0,"enemies":"downfall:FleeingMerchant","floor":11,"turns":4},{"damage":5,"enemies":"3 Sentries","floor":12,"turns":6},{"damage":0,"enemies":"downfall:FleeingMerchant","floor":14,"turns":4},{"damage":0,"enemies":"Lots of Slimes","floor":15,"turns":2},{"damage":0,"enemies":"downfall:Silent","floor":16,"turns":6},{"damage":0,"enemies":"Spheric Guardian","floor":19,"turns":3},{"damage":0,"enemies":"Chosen and Byrds","floor":20,"turns":5},{"damage":0,"enemies":"Snecko","floor":22,"turns":4},{"damage":0,"enemies":"Centurion and Healer","floor":25,"turns":6},{"damage":4,"enemies":"Book of Stabbing","floor":26,"turns":5},{"damage":0,"enemies":"Snake Plant","floor":28,"turns":3},{"damage":12,"enemies":"Cultist and Chosen","floor":29,"turns":4},{"damage":0,"enemies":"Gremlin Leader","floor":30,"turns":6},{"damage":0,"enemies":"Centurion and Healer","floor":31,"turns":4},{"damage":0,"enemies":"Snecko","floor":32,"turns":4},{"damage":16,"enemies":"downfall:Ironclad","floor":33,"turns":6},{"damage":0,"enemies":"3 Shapes","floor":36,"turns":2},{"damage":0,"enemies":"downfall:FleeingMerchant","floor":37,"turns":4},{"damage":0,"enemies":"3 Darklings","floor":38,"turns":3},{"damage":0,"enemies":"Spire Growth","floor":39,"turns":4},{"damage":0,"enemies":"Mind Bloom Boss Battle","floor":42,"turns":5},{"damage":0,"enemies":"Maw","floor":44,"turns":6},{"damage":0,"enemies":"3 Darklings","floor":45,"turns":3},{"damage":11,"enemies":"Sphere and 2 Shapes","floor":47,"turns":3},{"damage":9,"enemies":"Giant Head","floor":48,"turns":4},{"damage":0,"enemies":"Maw","floor":49,"turns":5},{"damage":10,"enemies":"downfall:Defect","floor":50,"turns":4}],"seed_played":"9034348596452759901","potions_obtained":[{"floor":2,"key":"Explosive Potion"},{"floor":3,"key":"ColorlessPotion"},{"floor":9,"key":"EntropicBrew"},{"floor":12,"key":"FearPotion"},{"floor":19,"key":"DistilledChaos"},{"floor":26,"key":"Guardian:AcceleratePotion"},{"floor":31,"key":"Explosive Potion"},{"floor":32,"key":"Ancient Potion"}],"is_trial":false,"path_per_floor":["R","M","M","?","M","R","T","M","?","R","$","E","R","$","M","B",null,"R","M","M","?","M","R","T","M","E","R","M","M","E","M","M","B",null,"R","M","$","M","M","?","T","?","R","M","M","?","M","E","M","B",null],"character_chosen":"GUARDIAN","items_purchased":["Guardian:PolyBeam","Guardian:Suspension","Vajra"],"campfire_rested":0,"item_purchase_floors":[11,11,37],"current_hp_per_floor":[72,63,63,63,63,63,63,63,56,56,56,51,51,51,51,51,73,73,73,73,73,73,73,73,73,69,79,79,67,67,67,67,51,80,80,80,80,80,80,80,80,80,80,80,80,80,69,60,60,50],"gold":324,"neow_bonus":"UPGRADE_CARD","is_daily":false,"chose_seed":false,"campfire_upgraded":8,"win_rate":0.0,"timestamp":1610025616,"path_taken":["R","M","M","?","M","R","T","?","?","R","$","E","R","$","M","BOSS","R","M","M","?","?","R","T","M","E","R","M","M","E","M","M","BOSS","R","M","$","M","M","?","T","?","R","M","M","?","M","E","M","BOSS"],"items_purchased_type":["Card","Card","Relic"],"build_version":"2020-12-22","purchased_purges":2,"victory":true,"max_hp_per_floor":[80,80,80,80,80,80,80,80,80,80,80,80,80,80,80,80,80,80,80,80,80,80,80,80,80,80,90,90,90,90,90,90,90,90,90,90,90,90,90,90,90,90,90,90,90,90,90,90,90,90],"relic_stats":{"counters":[32,132],"Juzu Bracelet":0,"Cursed Key":1,"obtain_stats":[{"Lantern":26,"downfall:HeartBlessingRed":6,"Guardian:ModeShifter":0,"Vajra":37,"downfall:HeartBlessingGreen":35,"Guardian:SackOfGems":42,"Guardian:PocketSentry":12,"Juzu Bracelet":48,"Odd Mushroom":9,"Cursed Key":34,"HornCleat":30,"downfall:HeartBlessingBlue":27,"Molten Egg 2":41,"Coffee Dripper":17,"Bottled Lightning":7},{"Lantern":15,"downfall:HeartBlessingRed":3,"Guardian:ModeShifter":0,"Vajra":23,"downfall:HeartBlessingGreen":21,"Guardian:SackOfGems":26,"Guardian:PocketSentry":7,"Juzu Bracelet":30,"Odd Mushroom":5,"Cursed Key":21,"HornCleat":18,"downfall:HeartBlessingBlue":15,"Molten Egg 2":25,"Coffee Dripper":10,"Bottled Lightning":3},{"Lantern":63,"downfall:HeartBlessingRed":10,"Guardian:ModeShifter":0,"Vajra":96,"downfall:HeartBlessingGreen":90,"Guardian:SackOfGems":108,"Guardian:PocketSentry":28,"Juzu Bracelet":123,"Odd Mushroom":18,"Cursed Key":90,"HornCleat":76,"downfall:HeartBlessingBlue":63,"Molten Egg 2":103,"Coffee Dripper":40,"Bottled Lightning":10}]},"card_choices":[{"not_picked":["Guardian:Gem_Crimson","Guardian:Reroute"],"picked":"Guardian:PiercingHide","floor":2},{"not_picked":["Guardian:Preprogram","Guardian:PiercingHide"],"picked":"Guardian:Planning","floor":3},{"not_picked":["Guardian:TemporalStrike","Guardian:TimeBomb"],"picked":"Guardian:Incinerate","floor":5},{"not_picked":["Guardian:Emergency","Guardian:Gem_Green"],"picked":"Guardian:Gem_White","floor":8},{"not_picked":["Guardian:Emergency","Guardian:TimeBomb"],"picked":"Guardian:ArmoredProtocol","floor":9},{"not_picked":["Guardian:FierceBash","Guardian:PrismaticBeam"],"picked":"Guardian:Gem_White","floor":11},{"not_picked":["Guardian:Reroute","Guardian:Incinerate"],"picked":"Guardian:Gem_Red","floor":12},{"not_picked":["Guardian:Reroute","Guardian:ChargeCore"],"picked":"Guardian:CompilePackage","floor":14},{"not_picked":["Guardian:Planning","Guardian:Gem_Red"],"picked":"Guardian:Harden","floor":15},{"not_picked":["Guardian:RevengeProtocol","Guardian:GatlingBeam"],"picked":"Guardian:TimeSifter","floor":16},{"not_picked":["Guardian:GuardianWhirl","Guardian:Reroute"],"picked":"Guardian:Gem_Green","floor":19},{"not_picked":["Guardian:Incinerate","Guardian:VentSteam"],"picked":"Guardian:MultiBeam","floor":20},{"not_picked":["Guardian:Gem_Green","Guardian:ArmoredProtocol","Guardian:Emergency"],"picked":"SKIP","floor":22},{"not_picked":["Guardian:ShieldSpikes","Guardian:Gem_Red"],"picked":"Guardian:TimeCapacitor","floor":25},{"not_picked":["Guardian:SentryBeam","Guardian:PolyBeam"],"picked":"Guardian:DonusPower","floor":26},{"not_picked":["Guardian:Gem_Lightblue","Guardian:StasisStrike","Guardian:CrystalBeam"],"picked":"SKIP","floor":28},{"not_picked":["Guardian:TemporalStrike","Guardian:PrismaticBeam"],"picked":"Guardian:ShieldCharger","floor":29},{"not_picked":["Guardian:CrystalBeam","Guardian:Clone","Guardian:Reroute"],"picked":"SKIP","floor":30},{"not_picked":["Guardian:ShieldCharger","Guardian:DonusPower+1"],"picked":"Guardian:Recover+1","floor":31},{"not_picked":["Guardian:FloatingOrbs","Guardian:TimeCapacitor"],"picked":"Guardian:Recover","floor":32},{"not_picked":["Guardian:FastForward","Guardian:ExploitGems"],"picked":"Guardian:StasisEngine","floor":33},{"not_picked":["Guardian:Reroute","Guardian:GuardianWhirl+1"],"picked":"Guardian:DonusPower","floor":36},{"not_picked":["Guardian:Incinerate+1","Guardian:Gem_Cyan"],"picked":"Guardian:Gem_Yellow","floor":37},{"not_picked":["Guardian:RefractedBeam+1","Guardian:Gem_Cyan","Guardian:WalkerClaw"],"picked":"SKIP","floor":38},{"not_picked":["Guardian:Gem_Red","Guardian:ShieldCharger"],"picked":"Guardian:Repulse+1","floor":39},{"not_picked":["Guardian:PolyBeam+1","Guardian:Gem_Crimson"],"picked":"Guardian:ChargeUp","floor":42},{"not_picked":["Guardian:Incinerate+1","Guardian:Gem_Cyan"],"picked":"Guardian:Reroute+1","floor":44},{"not_picked":["Guardian:RollAttack+1","Guardian:PrismaticBarrier+1"],"picked":"Guardian:TemporalShield+1","floor":45},{"not_picked":["Guardian:ShieldCharger+1","Guardian:Gem_Red"],"picked":"Guardian:FuturePlans+1","floor":47},{"not_picked":["Guardian:GemFinder","Guardian:HyperBeam_Guardian+1","Guardian:Gem_Lightblue"],"picked":"SKIP","floor":48},{"not_picked":["Guardian:Gem_Cyan","Guardian:TemporalShield+1"],"picked":"Guardian:Gem_Crimson","floor":49}],"player_experience":2197046,"relics_obtained":[{"floor":7,"key":"Bottled Lightning"},{"floor":9,"key":"Odd Mushroom"},{"floor":12,"key":"Guardian:PocketSentry"},{"floor":26,"key":"Lantern"},{"floor":30,"key":"HornCleat"},{"floor":41,"key":"Molten Egg 2"},{"floor":42,"key":"Guardian:SackOfGems"},{"floor":48,"key":"Juzu Bracelet"}],"event_choices":[{"damage_healed":0,"gold_gain":0,"player_choice":"Fought Mushrooms","damage_taken":0,"max_hp_gain":0,"max_hp_loss":0,"event_name":"Mushrooms","floor":9,"gold_loss":0},{"damage_healed":0,"gold_gain":0,"player_choice":"Copied","damage_taken":0,"max_hp_gain":0,"max_hp_loss":0,"event_name":"Duplicator","floor":46,"gold_loss":0,"cards_obtained":["Guardian:CompilePackage"]}],"is_beta":false,"boss_relics":[{"not_picked":["Guardian:StasisSlotReductionRelic","Runic Dome"],"picked":"Coffee Dripper"},{"not_picked":["SacredBark","Calling Bell"],"picked":"Cursed Key"}],"items_purged_floors":[11,37],"is_endless":false,"potions_floor_spawned":[2,3,9,12,19,26,31,32,33,38,39,45,48],"ascension_level":8}}