{"host":"j4g6ia6asvpyu2b0","time":1610062622,"event":{"mods":["BaseMod","Colored Map","Minty Spire (QoL Compilation)","Permanent Neow","Quick Restart","Relic Stats","StSLib","Unceasing Turn Reminder"],"gold_per_floor":[115,130,146,159,174,208,208,236,260,272,447,447,447,447,447,447,447],"floor_reached":16,"playtime":463,"items_purged":[],"score":157,"play_id":"e292bc04-0430-4e45-93c3-52be5af140df","local_time":"20210107163702","is_ascension_mode":true,"campfire_choices":[{"data":"Dualcast","floor":7.0,"key":"SMITH"},{"floor":13,"key":"REST"},{"data":"Hologram","floor":15,"key":"SMITH"}],"circlet_count":0,"master_deck":["Strike_B","Strike_B","Strike_B","Strike_B","Defend_B","Defend_B","Defend_B","Defend_B","Zap+1","Dualcast+1","Gash","All For One","Compile Driver","Hologram+1","Genetic Algorithm","Aggregate","Coolheaded","Gash","Doubt"],"relics":["Cracked Core","Bag of Marbles","Nunchaku","Orichalcum"],"acts_visited":["Exordium"],"potions_floor_usage":[],"damage_taken":[{"damage":4.0,"enemies":"2 Louse","floor":1.0,"turns":3.0},{"damage":0.0,"enemies":"Cultist","floor":2.0,"turns":3.0},{"damage":4.0,"enemies":"Jaw Worm","floor":3.0,"turns":3.0},{"damage":9.0,"enemies":"3 Louse","floor":4.0,"turns":3.0},{"damage":7.0,"enemies":"Large Slime","floor":5.0,"turns":5.0},{"damage":19.0,"enemies":"3 Sentries","floor":6.0,"turns":6.0},{"damage":15,"enemies":"Gremlin Nob","floor":8,"turns":3},{"damage":6,"enemies":"Looter","floor":10,"turns":3},{"damage":27,"enemies":"Slime Boss","floor":16,"turns":6}],"seed_played":"4168110230181053813","potions_obtained":[{"floor":2.0,"key":"Ancient Potion"},{"floor":3.0,"key":"Block Potion"},{"floor":6.0,"key":"FocusPotion"}],"is_trial":false,"path_per_floor":["M","M","M","M","M","E","R","E","T","M","?","?","R","?","R","B"],"character_chosen":"DEFECT","items_purchased":[],"campfire_rested":1,"item_purchase_floors":[],"current_hp_per_floor":[64,64,60,51,44,25,25,10,10,4,4,4,26,26,26,0,0],"gold":447,"neow_bonus":"UPGRADE_CARD","is_daily":false,"chose_seed":false,"campfire_upgraded":2,"win_rate":0.0,"timestamp":1610062622,"path_taken":["M","M","M","M","M","E","R","E","T","M","?","?","R","?","R","BOSS"],"items_purchased_type":[],"build_version":"2020-12-22","purchased_purges":0,"victory":false,"max_hp_per_floor":[75,75,75,75,75,75,75,75,75,75,75,75,75,75,75,75,75],"relic_stats":{"Nunchaku":[1],"counters":[9,35],"Orichalcum":[30],"obtain_stats":[{"Nunchaku":8,"Bag of Marbles":6,"Orichalcum":9,"Cracked Core":0},{"Nunchaku":7,"Bag of Marbles":6,"Orichalcum":7,"Cracked Core":0},{"Nunchaku":26,"Bag of Marbles":23,"Orichalcum":26,"Cracked Core":0}]},"card_choices":[{"not_picked":["Sweeping Beam","White Noise"],"picked":"Gash","floor":1.0},{"not_picked":["Redo","Barrage"],"picked":"All For One","floor":2.0},{"not_picked":["Go for the Eyes","Darkness"],"picked":"Compile Driver","floor":3.0},{"not_picked":["Ball Lightning","Redo"],"picked":"Hologram","floor":4.0},{"not_picked":["Steam Power","Compile Driver"],"picked":"Genetic Algorithm","floor":5.0},{"not_picked":["Thunder Strike","Hyperbeam"],"picked":"Aggregate","floor":6.0},{"not_picked":["Cold Snap","Tempest"],"picked":"Coolheaded","floor":8},{"not_picked":["White Noise","Streamline"],"picked":"Gash","floor":10}],"player_experience":762730,"relics_obtained":[{"floor":6.0,"key":"Bag of Marbles"},{"floor":8,"key":"Nunchaku"},{"floor":9,"key":"Orichalcum"}],"event_choices":[{"damage_healed":0,"gold_gain":175,"player_choice":"AGREE","damage_taken":0,"max_hp_gain":0,"max_hp_loss":0,"event_name":"Liars Game","floor":11,"gold_loss":0,"cards_obtained":["Doubt"]},{"damage_healed":0,"gold_gain":0,"player_choice":"Ignored","damage_taken":0,"max_hp_gain":0,"max_hp_loss":0,"event_name":"Shining Light","floor":12,"gold_loss":0},{"damage_healed":0,"gold_gain":0,"player_choice":"Ignored","damage_taken":0,"max_hp_gain":0,"max_hp_loss":0,"event_name":"NoteForYourself","floor":14,"gold_loss":0}],"is_beta":false,"boss_relics":[],"items_purged_floors":[],"is_endless":false,"potions_floor_spawned":[2,3,6],"killed_by":"Slime Boss","ascension_level":8}}