{"host":"7zdktqb5xjtif29d","time":1610058425,"event":{"mods":["AchievementEnabler","BaseMod","Colored Map","Colored Powertips","Highlight Path","Minty Spire (QoL Compilation)","Rare Cards Sparkle","SuperFastMode","Waifu the Spire","everything is the same but u backflip on backflip"],"gold_per_floor":[109,284,284,298,298,326,326,355,355,355,712,712,745,763,763,863,863,873,873,883,903,916,950,950,397,397,427,427,462,462,89,89,185,185,205,205,216,236,246,246,246,246,246,279,279,279,279,309,309,309,309],"floor_reached":50,"playtime":2010,"items_purged":["Defend_R","Defend_R"],"score":707,"play_id":"fcc663a2-3d03-425b-a32a-cff4927419af","local_time":"20210107222705","is_ascension_mode":true,"campfire_choices":[{"data":"Infernal Blade","floor":7.0,"key":"SMITH"},{"floor":10.0,"key":"REST"},{"floor":15.0,"key":"REST"},{"floor":24.0,"key":"REST"},{"floor":28.0,"key":"REST"},{"data":"Blood for Blood","floor":32.0,"key":"SMITH"},{"floor":40.0,"key":"REST"},{"floor":42.0,"key":"REST"},{"data":"Metamorphosis","floor":47.0,"key":"SMITH"},{"floor":49.0,"key":"REST"}],"circlet_count":0,"master_deck":["Strike_R","Strike_R","Strike_R","Strike_R","Strike_R+1","Defend_R","Defend_R","Bash","Perfected Strike","Infernal Blade+1","Clash+1","Perfected Strike","Offering","Demon Form","Pommel Strike","J.A.X.","Wild Strike+1","Infernal Blade","Blood for Blood+1","Perfected Strike","Inflame","Exhume+1","Perfected Strike+1","Pommel Strike+1","The Bomb","Metamorphosis+1","Blood for Blood","Metamorphosis","Perfected Strike"],"relics":["Burning Blood","Incense Burner","Bottled Lightning","Whetstone","Pear","Old Coin","Pen Nib","Velvet Choker","Omamori","ClockworkSouvenir","Ornamental Fan","Shuriken","Blue Candle","Blood Vial","Sling","Mark of Pain","Boot","White Beast Statue","Lizard Tail"],"acts_visited":["Exordium","TheCity","TheBeyond"],"potions_floor_usage":[],"damage_taken":[{"damage":2.0,"enemies":"2 Louse","floor":1.0,"turns":3.0},{"damage":7.0,"enemies":"Jaw Worm","floor":4.0,"turns":3.0},{"damage":23.0,"enemies":"Lagavulin","floor":6.0,"turns":7.0},{"damage":28.0,"enemies":"Gremlin Nob","floor":8.0,"turns":4.0},{"damage":28.0,"enemies":"Gremlin Nob","floor":11.0,"turns":4.0},{"damage":14.0,"enemies":"3 Sentries","floor":13.0,"turns":7.0},{"damage":7.0,"enemies":"Small Slimes","floor":14.0,"turns":2.0},{"damage":13.0,"enemies":"Slime Boss","floor":16.0,"turns":5.0},{"damage":25.0,"enemies":"Shell Parasite","floor":18.0,"turns":3.0},{"damage":16.0,"enemies":"Chosen","floor":20.0,"turns":3.0},{"damage":24.0,"enemies":"Snake Plant","floor":21.0,"turns":3.0},{"damage":18.0,"enemies":"Snecko","floor":22.0,"turns":4.0},{"damage":22.0,"enemies":"Gremlin Leader","floor":23.0,"turns":5.0},{"damage":35.0,"enemies":"Book of Stabbing","floor":27.0,"turns":4.0},{"damage":3.0,"enemies":"Gremlin Leader","floor":29.0,"turns":4.0},{"damage":55.0,"enemies":"Automaton","floor":33.0,"turns":6.0},{"damage":28.0,"enemies":"3 Shapes","floor":35.0,"turns":5.0},{"damage":15.0,"enemies":"3 Darklings","floor":37.0,"turns":3.0},{"damage":21.0,"enemies":"Transient","floor":38.0,"turns":5.0},{"damage":31.0,"enemies":"Writhing Mass","floor":39.0,"turns":3.0},{"damage":17.0,"enemies":"Giant Head","floor":44.0,"turns":5.0},{"damage":35.0,"enemies":"Reptomancer","floor":48.0,"turns":5.0},{"damage":128,"enemies":"Awakened One","floor":50,"turns":7}],"seed_played":"5277139341625831718","potions_obtained":[{"floor":4.0,"key":"Dexterity Potion"},{"floor":11.0,"key":"SmokeBomb"},{"floor":16.0,"key":"ElixirPotion"},{"floor":20.0,"key":"BlessingOfTheForge"},{"floor":27.0,"key":"PowerPotion"},{"floor":29.0,"key":"ColorlessPotion"},{"floor":33.0,"key":"LiquidMemories"},{"floor":35.0,"key":"CultistPotion"},{"floor":48.0,"key":"ElixirPotion"}],"is_trial":false,"path_per_floor":["M","?","?","M","?","E","R","E","T","R","?","?","E","M","R","B",null,"M","?","M","M","M","E","R","$","T","E","R","E","?","$","R","B",null,"M","?","M","M","M","R","?","R","T","E","?","?","R","E","R","B"],"character_chosen":"IRONCLAD","items_purchased":["Infernal Blade","ClockworkSouvenir","Ornamental Fan","Perfected Strike","Sling","Inflame"],"campfire_rested":7,"item_purchase_floors":[25,25,25,31,31,31],"current_hp_per_floor":[80,80,73,72,72,55,55,33,43,69,47,47,39,38,64,57,87,68,68,58,40,28,12,38,38,38,9,35,38,67,67,67,20,87,65,65,58,45,22,48,38,64,64,55,55,55,55,28,52,0,0],"gold":309,"neow_bonus":"ONE_RARE_RELIC","is_daily":false,"chose_seed":false,"campfire_upgraded":3,"win_rate":0.0,"timestamp":1610058425,"path_taken":["M","?","?","M","?","E","R","E","T","R","?","?","E","M","R","BOSS","M","?","M","M","M","E","R","$","T","E","R","E","?","$","R","BOSS","M","?","M","M","?","R","?","R","T","E","?","?","R","E","R","BOSS"],"items_purchased_type":["Card","Relic","Relic","Card","Relic","Card"],"build_version":"2020-12-22","purchased_purges":2,"victory":false,"max_hp_per_floor":[80,80,80,80,77,77,77,77,87,87,87,87,87,87,87,87,87,87,87,87,87,87,87,87,87,87,87,87,87,87,87,87,87,87,87,87,87,87,87,87,87,87,87,87,83,83,83,83,83,83,83],"card_choices":[{"not_picked":["True Grit","Clothesline"],"picked":"Perfected Strike","floor":1.0},{"not_picked":["Body Slam","Shrug It Off"],"picked":"Infernal Blade","floor":4.0},{"not_picked":["Power Through","Thunderclap"],"picked":"Clash","floor":6.0},{"not_picked":["Sword Boomerang","Wild Strike"],"picked":"Perfected Strike","floor":8.0},{"not_picked":["Hemokinesis","Havoc","Burning Pact"],"picked":"SKIP","floor":13.0},{"not_picked":["Thunderclap","Carnage"],"picked":"Offering","floor":14.0},{"not_picked":["Immolate","Berserk"],"picked":"Demon Form","floor":16.0},{"not_picked":["Carnage","True Grit"],"picked":"Pommel Strike","floor":18.0},{"not_picked":["Iron Wave","Feel No Pain","Sword Boomerang"],"picked":"SKIP","floor":20.0},{"not_picked":["Headbutt","Body Slam"],"picked":"Wild Strike+1","floor":21.0},{"not_picked":["Headbutt","Sword Boomerang","Body Slam"],"picked":"SKIP","floor":22.0},{"not_picked":["Entrench","Anger","Whirlwind"],"picked":"SKIP","floor":23.0},{"not_picked":["True Grit","Feel No Pain","Carnage+1"],"picked":"SKIP","floor":27.0},{"not_picked":["Shrug It Off+1","Dropkick+1"],"picked":"Blood for Blood","floor":29.0},{"not_picked":["Fiend Fire","Brutality"],"picked":"Exhume","floor":33.0},{"not_picked":["Body Slam+1","Havoc+1"],"picked":"Perfected Strike+1","floor":35.0},{"not_picked":["Heavy Blade","Body Slam+1","Headbutt"],"picked":"SKIP","floor":37.0},{"not_picked":["Wild Strike+1","Spot Weakness"],"picked":"Pommel Strike+1","floor":38.0},{"not_picked":["Berserk","Sword Boomerang","Armaments"],"picked":"SKIP","floor":39.0},{"not_picked":["Dramatic Entrance","Swift Strike"],"picked":"The Bomb","floor":41.0},{"not_picked":["Jack Of All Trades","Forethought"],"picked":"Metamorphosis","floor":41.0},{"not_picked":["Power Through","Offering"],"picked":"Blood for Blood","floor":44.0},{"not_picked":["Seeing Red","Wild Strike+1"],"picked":"Perfected Strike","floor":48.0}],"player_experience":203152,"relics_obtained":[{"floor":6.0,"key":"Bottled Lightning"},{"floor":8.0,"key":"Whetstone"},{"floor":9.0,"key":"Pear"},{"floor":13.0,"key":"Pen Nib"},{"floor":23.0,"key":"Omamori"},{"floor":26.0,"key":"Shuriken"},{"floor":27.0,"key":"Blue Candle"},{"floor":29.0,"key":"Blood Vial"},{"floor":43.0,"key":"Boot"},{"floor":44.0,"key":"White Beast Statue"},{"floor":48.0,"key":"Lizard Tail"}],"event_choices":[{"damage_healed":0.0,"max_hp_gain":0.0,"max_hp_loss":0.0,"gold_gain":175.0,"event_name":"Liars Game","player_choice":"AGREE","floor":2.0,"gold_loss":0.0,"damage_taken":0.0,"cards_obtained":["Doubt"]},{"cards_removed":["Doubt"],"damage_healed":0.0,"max_hp_gain":0.0,"max_hp_loss":0.0,"gold_gain":0.0,"event_name":"Golden Wing","player_choice":"Card Removal","floor":3.0,"gold_loss":0.0,"damage_taken":7.0},{"cards_removed":["Parasite"],"damage_healed":0.0,"max_hp_gain":0.0,"max_hp_loss":0.0,"gold_gain":0.0,"event_name":"Living Wall","player_choice":"Forget","floor":5.0,"gold_loss":0.0,"damage_taken":0.0},{"damage_healed":0.0,"max_hp_gain":0.0,"max_hp_loss":0.0,"gold_gain":0.0,"event_name":"Dead Adventurer","player_choice":"Searched \u00272\u0027 times","floor":11.0,"gold_loss":0.0,"damage_taken":0.0,"relics_obtained":["Old Coin"]},{"damage_healed":0.0,"max_hp_gain":0.0,"max_hp_loss":0.0,"gold_gain":0.0,"event_name":"Transmorgrifier","player_choice":"Ignored","floor":12.0,"gold_loss":0.0,"damage_taken":0.0},{"damage_healed":0.0,"max_hp_gain":0.0,"max_hp_loss":0.0,"gold_gain":0.0,"event_name":"Drug Dealer","player_choice":"Obtain J.A.X.","floor":19.0,"gold_loss":0.0,"damage_taken":0.0,"cards_obtained":["J.A.X."]},{"damage_healed":29.0,"max_hp_gain":0.0,"max_hp_loss":0.0,"gold_gain":0.0,"event_name":"The Library","player_choice":"Heal","floor":30.0,"gold_loss":0.0,"damage_taken":0.0},{"damage_healed":0.0,"max_hp_gain":0.0,"max_hp_loss":0.0,"gold_gain":0.0,"event_name":"Accursed Blacksmith","player_choice":"Forge","floor":36.0,"gold_loss":0.0,"damage_taken":0.0,"cards_upgraded":["Exhume"]},{"damage_healed":0.0,"max_hp_gain":0.0,"max_hp_loss":0.0,"gold_gain":0.0,"event_name":"SensoryStone","player_choice":"Memory 3","floor":41.0,"gold_loss":0.0,"damage_taken":10.0},{"damage_healed":0.0,"max_hp_gain":0.0,"max_hp_loss":4.0,"gold_gain":0.0,"event_name":"Winding Halls","player_choice":"Max HP","floor":45.0,"gold_loss":0.0,"damage_taken":0.0},{"damage_healed":0.0,"max_hp_gain":0.0,"max_hp_loss":0.0,"gold_gain":0.0,"event_name":"Duplicator","player_choice":"Copied","floor":46.0,"gold_loss":0.0,"damage_taken":0.0,"cards_obtained":["Metamorphosis"]}],"is_beta":false,"boss_relics":[{"not_picked":["Cursed Key","Astrolabe"],"picked":"Velvet Choker"},{"not_picked":["Empty Cage","Calling Bell"],"picked":"Mark of Pain"}],"items_purged_floors":[25,31],"is_endless":false,"potions_floor_spawned":[4,11,16,20,27,29,33,35,48],"killed_by":"Awakened One","ascension_level":2}}