{"host":"6dypmz777xraikqf","time":1610047138,"event":{"mods":["AchievementEnabler","BaseMod","BetterRewards","Colored Map","Colored Powertips","Downfall","Highlight Path","Hubris","Infinite Spire","Minty Spire (QoL Compilation)","Replay The Spire","StSLib"],"gold_per_floor":[114,114,128,203,203,230,230,230,230,243,259,270,297,297,297,402,402,420,436,475,162,162,196,196,208,234,234,234,266,283,315,315,417,417,435,448,459,470,470,503,503,151,178,178,212,222,39,72,72,72],"floor_reached":51,"playtime":4045,"items_purged":["Strike_G","Strike_G","Strike_G"],"score":1185,"play_id":"506a2e5b-65c1-4a63-a5ce-e9eccc5bab73","local_time":"20210107191858","is_ascension_mode":true,"campfire_choices":[{"floor":7,"key":"REST"},{"floor":32,"key":"REST"},{"floor":41,"key":"REST"},{"data":"Corpse Explosion+1","floor":49,"key":"PURGE"}],"circlet_count":0,"master_deck":["Defend_G+1","Defend_G","Defend_G","Defend_G","Defend_G","Survivor","Neutralize+1","Sucker Punch+1","Footwork","Dash+1","Blur","Blade Dance","Prepared","Adrenaline","Blade Dance","Distraction+1","Terror","expansioncontent:BronzeBeam","Deflect+1","Well Laid Plans","infinitespire:Collect+1","Acrobatics","Backflip","Adrenaline","Blade Dance+1","Replay:Bag of Tricks","Draining Mist+1","Venomology","Blur","Crow Ritual","infinitespire:FutureSight","Heel Hook+1"],"relics":["Ring of the Snake","NeowsBlessing","Gremlin Food","Toy Ornithopter","Centennial Puzzle","Nunchaku","Ninja Scroll","Replay:Bronze Core","Whetstone","Replay:Bottled Steam","PreservedInsect","hubris:CrystalStatue","Question Card","Oddly Smooth Stone","Runic Pyramid","Bottled Flame","infinitespire:BottledMercury","hubris:SlimyHat","Happy Flower","Smiling Mask"],"acts_visited":["Exordium","TheCity","TheBeyond"],"potions_floor_usage":[16,16,25,33,45,50,50,50],"damage_taken":[{"damage":0,"enemies":"2 Louse","floor":1,"turns":1},{"damage":0,"enemies":"Cultist","floor":3,"turns":1},{"damage":0,"enemies":"3 Sentries","floor":6,"turns":1},{"damage":0,"enemies":"Small Slimes","floor":10,"turns":4},{"damage":10,"enemies":"Gremlin Gang","floor":11,"turns":6},{"damage":2,"enemies":"Looter","floor":12,"turns":4},{"damage":4,"enemies":"Replay:BlueRogue","floor":13,"turns":8},{"damage":38,"enemies":"Slime Boss","floor":16,"turns":13},{"damage":2,"enemies":"Shell Parasite","floor":18,"turns":4},{"damage":16,"enemies":"Spheric Guardian","floor":19,"turns":4},{"damage":4,"enemies":"Gremlin Leader","floor":23,"turns":6},{"damage":2,"enemies":"Snake Plant","floor":25,"turns":3},{"damage":0,"enemies":"Slavers","floor":29,"turns":4},{"damage":0,"enemies":"Snecko","floor":30,"turns":4},{"damage":0,"enemies":"Replay:Snechameleon","floor":31,"turns":3},{"damage":37,"enemies":"Collector","floor":33,"turns":9},{"damage":0,"enemies":"3 Shapes","floor":35,"turns":2},{"damage":0,"enemies":"Orb Walker","floor":36,"turns":3},{"damage":0,"enemies":"4 Shapes","floor":37,"turns":1},{"damage":0,"enemies":"3 Darklings","floor":38,"turns":2},{"damage":0,"enemies":"Nemesis","floor":40,"turns":5},{"damage":3,"enemies":"R_Hoarder","floor":45,"turns":7},{"damage":0,"enemies":"Spire Growth","floor":46,"turns":4},{"damage":0,"enemies":"Nightmare","floor":48,"turns":5},{"damage":19,"enemies":"Awakened One","floor":50,"turns":10}],"seed_played":"-5964635601263916768","potions_obtained":[{"floor":6,"key":"sneckomod:MuddlingPotion"},{"floor":10,"key":"Weak Potion"},{"floor":11,"key":"champ:CounterPotion"},{"floor":20,"key":"Languid Potion"},{"floor":20,"key":"LiquidBronze"},{"floor":23,"key":"Adrenaline Potion"},{"floor":30,"key":"champ:CounterPotion"},{"floor":33,"key":"Doom Potion"},{"floor":35,"key":"SteroidPotion"},{"floor":46,"key":"Strength Potion"},{"floor":48,"key":"sneckomod:MuddlingPotion"}],"is_trial":false,"path_per_floor":["M","?","M","?","?","E","R","?","T","M","M","M","E","?","R_BF","B",null,"M","M","?","$","?","E","?","M","T","T","AVR","E","M","E","R","B",null,"M","M","M","M","?","E","R","$","T","?","E","M","$","NM","R_BF","B",null],"character_chosen":"THE_SILENT","items_purchased":["Whetstone","expansioncontent:BronzeBeam","infinitespire:BottledMercury","Crow Ritual"],"campfire_rested":3,"item_purchase_floors":[21,21,42,47],"current_hp_per_floor":[70,70,70,59,59,59,70,70,70,70,60,58,54,54,54,26,59,57,41,41,41,41,37,37,40,40,40,40,40,40,40,61,29,60,60,60,60,60,60,60,66,66,66,66,63,63,63,63,63,52],"gold":72,"neow_bonus":"THREE_ENEMY_KILL","is_daily":false,"chose_seed":false,"campfire_upgraded":0,"win_rate":0.0,"timestamp":1610047138,"path_taken":["M","?","?","?","?","E","R","?","T","M","?","M","E","?","R_BF","BOSS","M","?","?","$","?","E","?","M","T","?","AVR","E","?","E","R","BOSS","M","?","M","M","?","E","R","$","T","?","E","M","$","NM","R_BF","BOSS"],"items_purchased_type":["Relic","Card","Relic","Card"],"build_version":"2020-12-22","purchased_purges":3,"victory":true,"max_hp_per_floor":[70,70,70,70,70,70,70,70,70,70,70,70,70,70,70,70,70,70,70,70,70,70,70,70,70,70,70,70,70,70,70,70,70,70,70,70,70,70,66,66,66,66,66,66,66,66,66,66,66,66],"card_choices":[{"not_picked":["Bane","Deflect"],"picked":"Prepared","floor":1},{"not_picked":["Setup","Endless Agony"],"picked":"Sucker Punch","floor":3},{"not_picked":["Escape Plan","Envenom"],"picked":"Footwork","floor":6},{"not_picked":["Outmaneuver","Bane"],"picked":"Dash","floor":10},{"not_picked":["Poisoned Stab","Quick Slash"],"picked":"Blur","floor":11},{"not_picked":["Deadly Poison","Terror"],"picked":"Blade Dance","floor":12},{"not_picked":["Outmaneuver","Flying Knee"],"picked":"Prepared","floor":13},{"not_picked":["Bullet Time","Corpse Explosion"],"picked":"Adrenaline","floor":16},{"not_picked":["Underhanded Strike","Prepared"],"picked":"Blade Dance","floor":18},{"not_picked":["Dagger Throw","Leg Sweep+1"],"picked":"Distraction+1","floor":19},{"not_picked":["Finisher","Deadly Poison"],"picked":"Terror","floor":20},{"not_picked":["Dodge and Roll","Leg Sweep"],"picked":"Deflect+1","floor":23},{"not_picked":["Draining Mist","Dagger Throw"],"picked":"Well Laid Plans","floor":25},{"not_picked":["Tactician","Bouncing Flask+1","Replay:Poison Smokescreen"],"picked":"SKIP","floor":29},{"not_picked":["Sucker Punch+1","Quick Slash+1","hubris:SlightOfHand"],"picked":"Acrobatics","floor":30},{"not_picked":["Dagger Spray","Slice","Burst"],"picked":"Backflip","floor":31},{"not_picked":["Atom Bomb","Bullet Time","Tools of the Trade"],"picked":"Adrenaline","floor":33},{"not_picked":["hubris:TrickCloak+1","PiercingWail+1","Dagger Throw+1"],"picked":"Blade Dance+1","floor":35},{"not_picked":["Acrobatics+1","Dagger Throw","Blur+1"],"picked":"Replay:Bag of Tricks","floor":36},{"not_picked":["Underhanded Strike","PiercingWail","hubris:SlightOfHand"],"picked":"Draining Mist+1","floor":37},{"not_picked":["Leg Sweep","Sucker Punch+1","Dodge and Roll+1","Endless Agony"],"picked":"SKIP","floor":38},{"not_picked":["Catalyst","Poisoned Stab","Underhanded Strike+1"],"picked":"Venomology","floor":40},{"not_picked":["ReplayTheSpireMod:Exploit Weakness+1","Draining Mist+1","Acrobatics","Finisher+1"],"picked":"SKIP","floor":45},{"not_picked":["Poisoned Stab+1","Dagger Throw+1","Acrobatics"],"picked":"Blur","floor":46},{"not_picked":["hubris:Fate","infinitespire:SealOfDarkness+"],"picked":"infinitespire:FutureSight","floor":48},{"not_picked":["Poisoned Stab+1","Reflex","Quick Slash+1"],"picked":"Heel Hook+1","floor":48}],"player_experience":127540,"relics_obtained":[{"floor":5,"key":"Toy Ornithopter"},{"floor":6,"key":"Centennial Puzzle"},{"floor":9,"key":"Nunchaku"},{"floor":13,"key":"Ninja Scroll"},{"floor":23,"key":"Replay:Bottled Steam"},{"floor":26,"key":"PreservedInsect"},{"floor":27,"key":"hubris:CrystalStatue"},{"floor":29,"key":"Question Card"},{"floor":31,"key":"Oddly Smooth Stone"},{"floor":40,"key":"Bottled Flame"},{"floor":43,"key":"hubris:SlimyHat"},{"floor":45,"key":"Happy Flower"},{"floor":48,"key":"Smiling Mask"}],"event_choices":[{"cards_removed":["Prepared"],"damage_healed":0,"gold_gain":0,"player_choice":"Gave Card","damage_taken":0,"relics_obtained":["Gremlin Food"],"max_hp_gain":0,"max_hp_loss":0,"event_name":"WeMeetAgain","floor":2,"gold_loss":0},{"damage_healed":0,"gold_gain":75,"player_choice":"Gather Gold","damage_taken":11,"max_hp_gain":0,"max_hp_loss":0,"event_name":"World of Goop","floor":4,"gold_loss":0},{"damage_healed":0,"gold_gain":0,"player_choice":"Forge","damage_taken":0,"max_hp_gain":0,"max_hp_loss":0,"event_name":"Accursed Blacksmith","floor":8,"gold_loss":0,"cards_upgraded":["Neutralize"]},{"cards_removed":["Strike_G"],"damage_healed":0,"gold_gain":0,"player_choice":"Purged","damage_taken":0,"max_hp_gain":0,"max_hp_loss":0,"event_name":"Purifier","floor":14,"gold_loss":0},{"damage_healed":0,"gold_gain":0,"player_choice":"Max HP","damage_taken":0,"max_hp_gain":0,"max_hp_loss":4,"event_name":"Winding Halls","floor":39,"gold_loss":0}],"is_beta":false,"boss_relics":[{"not_picked":["Calling Bell","Busted Crown"],"picked":"Replay:Bronze Core"},{"not_picked":["hubris:HollowSoul","Astrolabe"],"picked":"Runic Pyramid"}],"items_purged_floors":[21,28,42],"is_endless":false,"potions_floor_spawned":[6,10,11,23,30,33,35,46,48],"ascension_level":5}}