{"host":"61ejhfsushs0xmcl","time":1610025247,"event":{"mods":["ATMod(°¢èªMod)","Act Like it!","BaseMod","Colored Map","Gold Saver","Minty Spire (QoL Compilation)","MostiFishMod","Prisma Mod","Spicy Shops","StSLib","TestMod","Waifu the Spire","[IsaacMod]ÒÔÈö¼âËþ","¡¾ÒÅÎï¿¨ÅÆ¡¿REMEMod","óô»ðÖ¸ÄÏ"],"gold_per_floor":[1368,1368,787,803,815,847,866,922,966,741,755,755,772,785,785,889,889,899,899,1298,1344,1355,1355,1384,908,908,941,965,965,983,1017,21,743,743,1357,1973,1193,1210,582,582,1210,1210,1210,1210,1858,1858,1880,1360,1360,1360,1360,681,211,842,842],"floor_reached":56,"playtime":2686,"items_purged":["Parasite","PrismaMod:ChloeBetterTracePools","PrismaMod:ChloeCommonDefend","PrismaMod:ChloeCommonAttack","PrismaMod:ChloeCommonDefend","PrismaMod:ChloeCommonAttack","PrismaMod:ChloeCommonAttack","PrismaMod:ChloeCommonAttack","PrismaMod:ChloeCommonAttack","PrismaMod:ChloeCommonDefend","AT_EmpoweredMortalDraw","PrismaMod:ChloeCommonDefend","PrismaMod:ChloeCheapDefend","PrismaMod:ChloeCheapAttack","PrismaMod:ChloeCarnivalAttack"],"score":1768,"play_id":"2896fe00-1a44-4eda-925a-f1dd72eec31b","local_time":"20210107211407","is_ascension_mode":false,"campfire_choices":[{"data":"PrismaMod:ChloeAnyRareTrace","floor":12.0,"key":"SMITH"},{"data":"PrismaMod:ChloeGreatTracePools","floor":15.0,"key":"SMITH"},{"data":"PrismaMod:ChloeRhongomyniad","floor":23.0,"key":"SMITH"},{"data":"PrismaMod:ChloeChristmas","floor":29.0,"key":"SMITH"},{"floor":40.0,"key":"RECALL"},{"data":"1","floor":42.0,"key":"LIFT"},{"data":"2","floor":44.0,"key":"LIFT"},{"data":"3","floor":49.0,"key":"LIFT"}],"circlet_count":0,"master_deck":["testmod-Arrangement+1","PrismaMod:ChloeGreatTracePools+1","PrismaMod:ChloeAnyRareTrace+1","PrismaMod:ChloeRhongomyniad+1","PrismaMod:ChloeChristmas+1","PrismaMod:ChloeCarnivalDefend","PrismaMod:ChloeDoubleRelicSpeed+1","PrismaMod:ChloeAnyRareTrace+1","Madness+1","Madness+1"],"relics":["PrismaMod:PrismaTraceOn","testmod-TestBox","AT_ATBox","REME_ComplimentaryCards","HushsDoor","testmod-Charity","GuanYuAspect","NineVolt","NeowsBlessing","SynthV:TestCard","Dodecahedron","Strawberry","SalivaCoin","Gambling Chip","testmod-Recursion","InkBottle","Lantern","AnarchistCookbook","testmod-Justice","Enchiridion","DoctorsRemote","SteamSale","Mummified Hand","AT_ArcaneBoots","TheBible","ChiXiaoBlade","Centennial Puzzle","Bag of Preparation","Girya","Technique","DollysMirror","ClockworkSouvenir","testmod-AssaultLearning","FossilizedHelix","CeramicFish","ImprovedEquipment","SatanicBible","Vajra","Sundial","HowToJump","Sling","War Paint","StrikeDummy","Chemical X","BionicSphere","OrangePellets","Thread and Needle","Unceasing Top"],"acts_visited":["Exordium","TheCity","TheBeyond","TheEnding"],"potions_floor_usage":[55],"damage_taken":[{"damage":0.0,"enemies":"Jaw Worm","floor":1.0,"turns":1.0},{"damage":0.0,"enemies":"2 Louse","floor":4.0,"turns":1.0},{"damage":0.0,"enemies":"Small Slimes","floor":5.0,"turns":1.0},{"damage":13.0,"enemies":"Gremlin Nob","floor":6.0,"turns":3.0},{"damage":4.0,"enemies":"Looter","floor":7.0,"turns":3.0},{"damage":37.0,"enemies":"Lagavulin","floor":8.0,"turns":10.0},{"damage":0.0,"enemies":"3 Louse","floor":11.0,"turns":1.0},{"damage":0.0,"enemies":"2 Fungi Beasts","floor":13.0,"turns":1.0},{"damage":0.0,"enemies":"Gremlin Gang","floor":14.0,"turns":1.0},{"damage":0.0,"enemies":"The Guardian","floor":16.0,"turns":7.0},{"damage":0.0,"enemies":"2 Thieves","floor":18.0,"turns":1.0},{"damage":0.0,"enemies":"Chosen","floor":21.0,"turns":1.0},{"damage":0.0,"enemies":"3 Cultists","floor":22.0,"turns":2.0},{"damage":0.0,"enemies":"Gremlin Leader","floor":24.0,"turns":2.0},{"damage":0.0,"enemies":"Book of Stabbing","floor":27.0,"turns":3.0},{"damage":0.0,"enemies":"Snake Plant","floor":30.0,"turns":2.0},{"damage":0.0,"enemies":"Slavers","floor":31.0,"turns":1.0},{"damage":0.0,"enemies":"Champ","floor":33.0,"turns":4.0},{"damage":0.0,"enemies":"3 Shapes","floor":35.0,"turns":2.0},{"damage":0.0,"enemies":"Orb Walker","floor":36.0,"turns":1.0},{"damage":0.0,"enemies":"Spire Growth","floor":38.0,"turns":2.0},{"damage":0.0,"enemies":"Nemesis","floor":41.0,"turns":3.0},{"damage":0.0,"enemies":"Mind Bloom Boss Battle","floor":45.0,"turns":3.0},{"damage":0.0,"enemies":"Time Eater","floor":50.0,"turns":1.0},{"damage":0.0,"enemies":"Shield and Spear","floor":54.0,"turns":1.0},{"damage":0,"enemies":"LittleHush","floor":55,"turns":4}],"seed_played":"-6031385402996664752","potions_obtained":[{"floor":1.0,"key":"Energy Potion"},{"floor":7.0,"key":"DuplicationPotion"},{"floor":14.0,"key":"ColorlessPotion"},{"floor":16.0,"key":"REME_GoldPotion"},{"floor":21.0,"key":"Regen Potion"},{"floor":27.0,"key":"DistilledChaos"},{"floor":31.0,"key":"REME_GoldPotion"},{"floor":33.0,"key":"SkillPotion"},{"floor":36.0,"key":"AttackPotion"},{"floor":38.0,"key":"Strength Potion"}],"is_trial":false,"path_per_floor":["M","?","$","M","M","E","M","E","T","$","M","R","M","M","R","B",null,"M","?","?","M","M","R","E","R","T","E","?","R","M","E","R","B",null,"M","M","$","M","$","R","E","R","T","R","?","?","?","$","R","B",null,"R","$","E","B",null],"character_chosen":"CHLOE","items_purchased":["PrismaMod:ChloeBetterTracePools","Dodecahedron","Strawberry","Regen Potion","SalivaCoin","PrismaMod:ChloeRhongomyniad","Lantern","SteamSale","Mummified Hand","AT_SpeedBoots","TheBible","Centennial Puzzle","Bag of Preparation","Girya","Technique","DollysMirror","ClockworkSouvenir","testmod-AssaultLearning","FossilizedHelix","Vajra","Sundial","HowToJump","Sling","War Paint","StrikeDummy","Fruit Juice","Chemical X","BionicSphere","OrangePellets","Thread and Needle","BlessingOfTheForge"],"campfire_rested":0,"item_purchase_floors":[3,3,3,3,3,17,25,32,32,32,32,37,37,37,37,37,39,39,39,48,48,48,48,52,52,52,52,52,53,53,53],"current_hp_per_floor":[39,32,36,39,40,35,43,23,24,24,25,25,26,30,30,55,55,59,59,60,65,69,69,73,73,73,78,66,66,81,85,85,90,81,83,85,85,89,89,89,91,91,91,91,93,93,84,84,84,87,96,100,100,105,105],"gold":842,"neow_bonus":"THREE_ENEMY_KILL","is_daily":false,"chose_seed":false,"campfire_upgraded":4,"win_rate":0.0,"timestamp":1610025247,"path_taken":["M","?","$","M","M","E","M","E","T","$","M","R","M","M","R","BOSS","M","?","?","M","M","R","E","R","T","E","?","R","?","E","R","BOSS","M","?","$","M","$","R","E","R","T","R","?","?","?","$","R","BOSS","R","$","E","BOSS"],"items_purchased_type":["Card","Relic","Relic","Potion","Relic","Card","Relic","Relic","Relic","Relic","Relic","Relic","Relic","Relic","Relic","Relic","Relic","Relic","Relic","Relic","Relic","Relic","Relic","Relic","Relic","Potion","Relic","Relic","Relic","Relic","Potion"],"build_version":"2020-12-22","purchased_purges":15,"victory":true,"max_hp_per_floor":[39,39,43,44,45,47,50,58,59,59,60,60,61,62,62,63,55,59,59,60,65,69,69,73,73,73,78,82,82,86,87,87,90,81,83,85,85,89,89,89,91,91,91,91,93,93,96,96,96,96,96,103,103,105,105],"card_choices":[{"not_picked":["PrismaMod:ChloeCheapDefend","PrismaMod:ChloeDiscardRecovery"],"picked":"Bomb","floor":1.0},{"not_picked":["PrismaMod:ChloeCommonAOEAttack","PrismaMod:ChloeDemonicTutor","PrismaMod:ChloeRuleBreaker","PrismaMod:ChloeExhaustOne"],"picked":"Bomb","floor":4.0},{"not_picked":["Bomb","PrismaMod:ChloeExhaustOne","PrismaMod:ChloeCheapDefend","PrismaMod:ChloeCheapAttack"],"picked":"PrismaMod:ChloeGreatTracePools","floor":5.0},{"not_picked":["PrismaMod:ChloeExcalibur","PrismaMod:ChloeCheapAttack","PrismaMod:ChloeCheapAttackTwo","PrismaMod:ChloeRitsuka"],"picked":"PrismaMod:ChloeAnyRareTrace","floor":6.0},{"not_picked":["PrismaMod:ChloeCheapAttack","PrismaMod:ChloeExhaustOne","PrismaMod:ChloeDiscardRecovery","PrismaMod:ChloeExhaustTwo"],"picked":"Bomb","floor":7.0},{"not_picked":["PrismaMod:ChloeCheapDefendTwo","PrismaMod:ChloeCheapDefend","PrismaMod:ChloeCheapAttack","PrismaMod:ChloeRitsuka"],"picked":"PrismaMod:ChloeChristmas","floor":8.0},{"not_picked":["PrismaMod:ChloeCaladbolg","PrismaMod:ChloeDiscardRecovery","PrismaMod:ChloeBetterTracePools","PrismaMod:ChloeDemonicTutor"],"picked":"Bomb","floor":11.0},{"not_picked":["PrismaMod:ChloeMordred","PrismaMod:ChloeDevil","PrismaMod:ChloeCaladbolg","PrismaMod:ChloeExhaustTwo"],"picked":"Bomb","floor":13.0},{"not_picked":["PrismaMod:ChloeCheapAttack","PrismaMod:ChloeExcalibur","PrismaMod:ChloeExhaustOne","PrismaMod:ChloeMaid"],"picked":"Bomb","floor":14.0},{"not_picked":["PrismaMod:ChloeAnySkillTrace","PrismaMod:ChloeAnyCommonTrace","PrismaMod:ChloeAnyAttackTrace","PrismaMod:ChloeAnyUncommonTrace"],"picked":"PrismaMod:ChloeCarnivalAttack","floor":16.0},{"not_picked":["PrismaMod:ChloeDiscardRecovery","PrismaMod:ChloeCheapAttack","PrismaMod:ChloeCheapDefend","PrismaMod:ChloeCommonAOEAttack"],"picked":"PrismaMod:ChloeChristmas+1","floor":18.0},{"not_picked":["PrismaMod:ChloeExhaustOne","PrismaMod:ChloeCheapAttack","PrismaMod:ChloeCommonAOEAttack","PrismaMod:ChloeAnySkillTrace","PrismaMod:ChloeDiscardRecovery+1"],"picked":"SKIP","floor":21.0},{"not_picked":["PrismaMod:ChloeBetterTracePools","PrismaMod:ChloeExhaustOne","PrismaMod:ChloeRuleBreaker","PrismaMod:ChloeDiscardRecovery","PrismaMod:ChloeCheapDefend"],"picked":"SKIP","floor":22.0},{"not_picked":["PrismaMod:ChloeCheapAttack","PrismaMod:ChloeCommonAOEAttack","PrismaMod:ChloeUncommonAttack","PrismaMod:ChloeExhaustOne","PrismaMod:ChloeCheapAttackTwo"],"picked":"SKIP","floor":24.0},{"not_picked":["PrismaMod:ChloeCheapAttackTwo","PrismaMod:ChloeHalloween","PrismaMod:ChloeEyeOfTheEuryale","PrismaMod:ChloeUncommonAttack+1"],"picked":"PrismaMod:ChloeCarnivalDefend","floor":27.0},{"not_picked":["PrismaMod:ChloeUncommonAttack","PrismaMod:ChloeMordred","PrismaMod:ChloeCheapAttack","PrismaMod:ChloeGaeBolg","PrismaMod:ChloeEyeOfTheEuryale"],"picked":"SKIP","floor":30.0},{"not_picked":["PrismaMod:ChloeUncommonAttack","PrismaMod:ChloeMordred","PrismaMod:ChloeCheapAttack","PrismaMod:ChloeGaeBolg","PrismaMod:ChloeEyeOfTheEuryale"],"picked":"SKIP","floor":30.0},{"not_picked":["PrismaMod:ChloeDiscardRecovery+1","PrismaMod:ChloeUncommonAttack","PrismaMod:ChloeMaid","PrismaMod:ChloeCommonAOEAttack","PrismaMod:ChloeCheapAttack"],"picked":"SKIP","floor":31.0},{"not_picked":["PrismaMod:ChloeHalloween","PrismaMod:ChloeCarnivalDefend","PrismaMod:ChloeAnyAttackTrace","PrismaMod:ChloeAnyUncommonTrace"],"picked":"PrismaMod:ChloeDoubleRelicSpeed","floor":33.0},{"not_picked":["PrismaMod:ChloeCheapDefend+1","PrismaMod:ChloeMaid+1","PrismaMod:ChloeGaeBolg","PrismaMod:ChloeEyeOfTheEuryale","PrismaMod:ChloeUncommonDefend"],"picked":"SKIP","floor":35.0},{"not_picked":["PrismaMod:ChloeUncommonAOEAttack+1","PrismaMod:ChloeExhaustOne+1","PrismaMod:ChloeCheapAttack","PrismaMod:ChloeCheapAttackTwo","PrismaMod:ChloeCheapDefendTwo"],"picked":"SKIP","floor":36.0},{"not_picked":["PrismaMod:ChloeCheapAttackTwo","PrismaMod:ChloeExhaustOne","PrismaMod:ChloeCommonAOEAttack","PrismaMod:ChloeDevil","PrismaMod:ChloeCheapDefend"],"picked":"SKIP","floor":38.0},{"not_picked":["PrismaMod:ChloeDiscardRecovery+1","PrismaMod:ChloeChristmas","PrismaMod:ChloeCheapAttackTwo+1","PrismaMod:ChloeCaladbolg","PrismaMod:ChloeRuleBreaker+1"],"picked":"SKIP","floor":41.0},{"not_picked":["PrismaMod:ChloeDiscardRecovery","PrismaMod:ChloeChristmas","PrismaMod:ChloeCheapAttackTwo+1","PrismaMod:ChloeUncommonAttack","PrismaMod:ChloeCheapAttack"],"picked":"SKIP","floor":54.0}],"player_experience":805711,"relics_obtained":[{"floor":1.0,"key":"SynthV:TestCard"},{"floor":6.0,"key":"Gambling Chip"},{"floor":24.0,"key":"InkBottle"},{"floor":26.0,"key":"AnarchistCookbook"},{"floor":27.0,"key":"testmod-Justice"},{"floor":28.0,"key":"Enchiridion"},{"floor":31.0,"key":"DoctorsRemote"},{"floor":41.0,"key":"CeramicFish"},{"floor":43.0,"key":"ImprovedEquipment"},{"floor":45.0,"key":"SatanicBible"},{"floor":54.0,"key":"Unceasing Top"}],"event_choices":[{"cards_removed":["PrismaMod:ChloeCommonDefend"],"damage_healed":0.0,"max_hp_gain":0.0,"max_hp_loss":0.0,"gold_gain":0.0,"event_name":"Golden Wing","player_choice":"Card Removal","floor":2.0,"gold_loss":0.0,"damage_taken":7.0},{"damage_healed":19.0,"max_hp_gain":0.0,"max_hp_loss":0.0,"gold_gain":0.0,"event_name":"The Library","player_choice":"Heal","floor":19.0,"gold_loss":0.0,"damage_taken":0.0},{"damage_healed":0.0,"max_hp_gain":0.0,"max_hp_loss":0.0,"gold_gain":400.0,"event_name":"¶÷ÂåË¹µÄÅÌ×Ó","player_choice":"Sell","floor":20.0,"relics_lost":["DaveBox"],"gold_loss":0.0,"damage_taken":0.0},{"damage_healed":0.0,"max_hp_gain":0.0,"max_hp_loss":0.0,"gold_gain":0.0,"event_name":"Cursed Tome","player_choice":"Obtained Book","floor":28.0,"gold_loss":0.0,"damage_taken":16.0},{"damage_healed":0.0,"max_hp_gain":0.0,"max_hp_loss":0.0,"gold_gain":0.0,"event_name":"MindBloom","player_choice":"Fight","floor":45.0,"gold_loss":0.0,"damage_taken":0.0},{"cards_removed":["PrismaMod:ChloeChristmas"],"damage_healed":0.0,"max_hp_gain":0.0,"max_hp_loss":0.0,"gold_gain":0.0,"event_name":"Falling","player_choice":"Removed Skill","floor":46.0,"gold_loss":0.0,"damage_taken":0.0},{"damage_healed":0.0,"max_hp_gain":0.0,"max_hp_loss":0.0,"gold_gain":0.0,"event_name":"Winding Halls","player_choice":"Embrace Madness","floor":47.0,"gold_loss":0.0,"damage_taken":12.0,"cards_obtained":["Madness","Madness"]}],"is_beta":false,"boss_relics":[{"not_picked":["testmod-StringDisintegrator","ExusiaiGun"],"picked":"testmod-Recursion"},{"not_picked":[]},{"not_picked":["testmod-EnergyCheck","Transparent"],"picked":"ChiXiaoBlade"},{"not_picked":[]}],"items_purged_floors":[3,10,10,17,25,25,32,34,37,37,39,39,48,52,53],"is_endless":false,"potions_floor_spawned":[1,7,14,16,18,21,27,31,33,36,38,45],"ascension_level":0}}