{"host":"s794kqxf2n1qz2yr","time":1610052000,"event":{"mods":["100% Spire Juice","2.2 Compatiblity","AchievementEnabler","Aspiration","BaseMod","ChefMod","Downfall","Friendly Minions","Hermit","HololiveMod","Melee Mod","Minty Spire (QoL Compilation)","Permanent Neow","StSLib","The Disciple","The Marked"],"gold_per_floor":[119,131,231,245,245,245,265,265,265,265,276,293,326,338,338,443,443,458,458,470,420,430,430,430,430],"floor_reached":24,"playtime":2187,"items_purged":[],"score":223,"play_id":"381dd9df-239b-43c5-90fb-b3dbdb1faeb5","local_time":"20210107204000","is_ascension_mode":false,"campfire_choices":[{"data":"chefmod:TodaysSpecial","floor":6,"key":"SMITH"},{"data":"chefmod:FreshProduce","floor":15,"key":"SMITH"},{"data":"chefmod:OrderUp","floor":23,"key":"SMITH"}],"circlet_count":0,"master_deck":["chefmod:Strike","chefmod:Strike","chefmod:Defend","chefmod:Defend","chefmod:Defend","chefmod:QuickThaw+1","chefmod:TodaysSpecial+1","expansioncontent:Corrupt+1","chefmod:CuttingBoard","chefmod:CuttingBoard","Strike_G","Predator","aspiration:Lunge","chefmod:FreshProduce+1","chefmod:OrderUp+1"],"relics":["chefmod:TrustyPot","Odd Mushroom","aspiration:StickyExplosives_weak","Turnip","SlaversCollar","CultistMask"],"acts_visited":["Exordium","TheCity"],"potions_floor_usage":[7,16,18,18,22],"damage_taken":[{"damage":1,"enemies":"Jaw Worm","floor":1,"turns":5},{"damage":0,"enemies":"Cultist","floor":2,"turns":3},{"damage":3,"enemies":"2 Louse","floor":4,"turns":3},{"damage":10,"enemies":"The Mushroom Lair","floor":7,"turns":3},{"damage":1,"enemies":"Large Slime","floor":11,"turns":7},{"damage":0,"enemies":"3 Louse","floor":12,"turns":2},{"damage":0,"enemies":"Lagavulin","floor":13,"turns":7},{"damage":4,"enemies":"Red Slaver","floor":14,"turns":6},{"damage":10,"enemies":"The Guardian","floor":16,"turns":16},{"damage":17,"enemies":"3 Byrds","floor":18,"turns":8},{"damage":25,"enemies":"2 Thieves","floor":20,"turns":3},{"damage":1,"enemies":"Shelled Parasite and Fungi","floor":22,"turns":9},{"damage":35,"enemies":"3 Cultists","floor":24,"turns":3}],"seed_played":"-8699551637289373513","potions_obtained":[{"floor":1,"key":"EssenceOfSteel"},{"floor":2,"key":"Guardian:BlockOnCardUsePotion"},{"floor":4,"key":"DistilledChaos"},{"floor":14,"key":"Fire Potion"},{"floor":20,"key":"Energy Potion"}],"is_trial":false,"path_per_floor":["M","M","?","M","?","R","?","?","T","?","M","M","E","M","R","B",null,"M","?","M","?","M","R","M"],"character_chosen":"THE_CHEF","items_purchased":[],"campfire_rested":0,"item_purchase_floors":[],"current_hp_per_floor":[54,54,54,51,51,51,41,41,41,41,40,40,40,36,36,26,76,59,59,34,34,33,33,0,0],"gold":430,"neow_bonus":"RANDOM_COLORLESS_2","is_daily":false,"chose_seed":false,"campfire_upgraded":3,"win_rate":0.0,"timestamp":1610052000,"path_taken":["M","M","?","?","?","R","?","?","T","?","M","?","E","M","R","BOSS","M","?","?","?","?","R","M"],"items_purchased_type":[],"build_version":"2020-12-22","purchased_purges":0,"victory":false,"max_hp_per_floor":[76,76,76,76,76,76,76,76,76,76,76,76,76,76,76,76,76,76,76,76,76,76,76,76,76],"card_choices":[{"not_picked":["Apotheosis","Chrysalis"],"picked":"expansioncontent:Corrupt","floor":0},{"not_picked":["chefmod:Ratatouille","chefmod:GroceryDelivery"],"picked":"chefmod:CuttingBoard","floor":1},{"not_picked":["chefmod:NoSoupForYou","chefmod:Chop"],"picked":"chefmod:CuttingBoard","floor":2},{"not_picked":["chefmod:BaoBuns","chefmod:DinoKale","chefmod:Chop"],"picked":"SKIP","floor":4},{"not_picked":["chefmod:FryPan","chefmod:ZaruSoba"],"picked":"chefmod:FreshProduce","floor":7},{"not_picked":["chefmod:BaoBuns","chefmod:Chop","chefmod:Julienne"],"picked":"SKIP","floor":11},{"not_picked":["chefmod:Ratatouille","chefmod:DoubleChop","chefmod:IcePick"],"picked":"SKIP","floor":12},{"not_picked":["chefmod:IcePick","chefmod:DeepFreeze","chefmod:CuttingBoard"],"picked":"SKIP","floor":13},{"not_picked":["chefmod:Chop","chefmod:BleedOut","chefmod:Defrost"],"picked":"SKIP","floor":14},{"not_picked":["chefmod:TwoForOne","chefmod:DeepFreeze"],"picked":"chefmod:OrderUp","floor":16},{"not_picked":["chefmod:VegetableTart+1","chefmod:Defrost","chefmod:ColdSteel"],"picked":"SKIP","floor":18},{"not_picked":["chefmod:BaoBuns","chefmod:Chop","chefmod:Granita"],"picked":"SKIP","floor":20},{"not_picked":["chefmod:DinoKale","chefmod:FryPan+1","chefmod:ColdSteel"],"picked":"SKIP","floor":22}],"player_experience":322217,"relics_obtained":[{"floor":7,"key":"Odd Mushroom"},{"floor":9,"key":"aspiration:StickyExplosives_weak"},{"floor":13,"key":"Turnip"}],"event_choices":[{"damage_healed":0,"gold_gain":100,"player_choice":"Pray","damage_taken":0,"max_hp_gain":0,"max_hp_loss":0,"event_name":"Golden Shrine","floor":3,"gold_loss":0},{"damage_healed":0,"gold_gain":0,"player_choice":"Fought Mushrooms","damage_taken":0,"max_hp_gain":0,"max_hp_loss":0,"event_name":"Mushrooms","floor":7,"gold_loss":0},{"damage_healed":0,"gold_gain":0,"player_choice":"Grow","damage_taken":0,"max_hp_gain":0,"max_hp_loss":0,"event_name":"Living Wall","floor":8,"gold_loss":0,"cards_upgraded":["expansioncontent:Corrupt"]},{"damage_healed":0,"gold_gain":0,"player_choice":"Upgraded","damage_taken":0,"max_hp_gain":0,"max_hp_loss":0,"event_name":"Upgrade Shrine","floor":10,"gold_loss":0,"cards_upgraded":["chefmod:QuickThaw"]},{"damage_healed":0,"gold_gain":0,"player_choice":"Trade","damage_taken":0,"relics_obtained":["CultistMask"],"max_hp_gain":0,"max_hp_loss":0,"event_name":"FaceTrader","floor":19,"gold_loss":0},{"damage_healed":0,"gold_gain":0,"player_choice":"Bet on Murderer","damage_taken":0,"max_hp_gain":0,"max_hp_loss":0,"event_name":"The Joust","floor":21,"gold_loss":50}],"is_beta":false,"boss_relics":[{"not_picked":["aspiration:WatcherSkillbook","chefmod:PepperMill"],"picked":"SlaversCollar"}],"items_purged_floors":[],"is_endless":false,"potions_floor_spawned":[1,2,4,14,20],"killed_by":"3 Cultists","ascension_level":0}}