{"host":"6dypmz777xraikqf","time":1610050365,"event":{"mods":["AchievementEnabler","BaseMod","BetterRewards","Colored Map","Colored Powertips","Downfall","Highlight Path","Hubris","Infinite Spire","Minty Spire (QoL Compilation)","Replay The Spire","StSLib"],"gold_per_floor":[114,131,150,168,187,187,216,216,239,254,271,19,50,325,325,425,425,445,33,33,83,98,98,131,143,182,194,235,247,290,317,329,439,451,473,505,537,53,103,133,133,166,211,211,211,229,252,284,284,284],"floor_reached":51,"playtime":3174,"items_purged":["Strike_G","Pain","Regret","Sickly"],"score":1519,"play_id":"51ca30cf-b6db-486f-9eae-7b45a3f425b9","local_time":"20210107201245","is_ascension_mode":true,"campfire_choices":[{"floor":6,"key":"REST"},{"floor":8,"key":"REST"},{"floor":15,"key":"DIG"},{"floor":23,"key":"REST"},{"data":"Enlightenment","floor":25,"key":"SMITH"},{"floor":27,"key":"REST"},{"floor":32,"key":"REST"},{"floor":41,"key":"REST"},{"floor":45,"key":"REST"},{"floor":49,"key":"REST"}],"circlet_count":0,"master_deck":["Strike_G","Strike_G","Strike_G","Defend_G","Defend_G","Defend_G","Defend_G","Defend_G","Survivor","Neutralize","Draining Mist","Terror","Deflect","Acrobatics","Underhanded Strike","ReplayTheSpireMod:Scrap Shanks","Calculated Gamble","Cloak And Dagger","Calculated Gamble","Underhanded Strike","Finisher","Expertise","Footwork+1","Escape Plan","A Thousand Cuts","Underhanded Strike","Enlightenment+1","Secret Weapon","Footwork","infinitespire:Fortify","Slice","Escape Plan+1","Cloak And Dagger","hubris:Sniper","Setup+1","infinitespire:Fortify","Slice+1","Escape Plan+1","Concentrate+1","Tools of the Trade","Deflect+1","Blur+1","ReplayTheSpireMod:Speed Training+1","Acrobatics","infinitespire:Fortify","Prepared+1","Sucker Punch","Replay:Bag of Tricks","Reflex","Endless Agony+1","Sucker Punch+1","Expertise+1"],"relics":["Ring of the Snake","Incense Burner","Tiny Chest","sneckomod:BabySnecko","Dream Catcher","PreservedInsect","ReplayTheSpireMod:CursedCoin","infinitespire:EmpoweringShard","Bag of Marbles","Art of War","Runic Pyramid","Happy Flower","MawBank","Toy Ornithopter","infinitespire:Beetle Shell","HoveringKite","infinitespire:Lucky Rock","Fusion Hammer","DollysMirror","Lantern","hubris:AstralHammer","Paper Crane","hubris:TenFootPole","Bronze Scales","Blood Vial","hubris:SlimyHat"],"acts_visited":["Exordium","TheCity","TheBeyond"],"potions_floor_usage":[7,7,28,33,36,46,46,46],"damage_taken":[{"damage":0,"enemies":"2 Louse","floor":1,"turns":2},{"damage":0,"enemies":"Cultist","floor":2,"turns":3},{"damage":2,"enemies":"Small Slimes","floor":3,"turns":3},{"damage":3,"enemies":"Looter","floor":4,"turns":3},{"damage":0,"enemies":"Exordium Thugs","floor":5,"turns":4},{"damage":5,"enemies":"Lagavulin","floor":7,"turns":5},{"damage":4,"enemies":"Red Slaver","floor":10,"turns":3},{"damage":0,"enemies":"Blue Slaver","floor":11,"turns":2},{"damage":0,"enemies":"3 Sentries","floor":13,"turns":2},{"damage":32,"enemies":"Hexaghost","floor":16,"turns":11},{"damage":8,"enemies":"Chosen","floor":18,"turns":4},{"damage":9,"enemies":"Spheric Guardian","floor":22,"turns":4},{"damage":6,"enemies":"Replay:Snechameleon","floor":24,"turns":4},{"damage":20,"enemies":"Nightmare","floor":28,"turns":7},{"damage":0,"enemies":"Gremlin Leader","floor":30,"turns":4},{"damage":3,"enemies":"Chosen and Byrds","floor":31,"turns":3},{"damage":48,"enemies":"Automaton","floor":33,"turns":8},{"damage":20,"enemies":"3 Shapes","floor":35,"turns":3},{"damage":0,"enemies":"Orb Walker","floor":36,"turns":2},{"damage":2,"enemies":"Jaw Worm Horde","floor":37,"turns":3},{"damage":0,"enemies":"Mind Bloom Boss Battle","floor":39,"turns":5},{"damage":0,"enemies":"Giant Head","floor":40,"turns":3},{"damage":48,"enemies":"Nightmare","floor":42,"turns":7},{"damage":10,"enemies":"Transient","floor":46,"turns":5},{"damage":2,"enemies":"Giant Head","floor":48,"turns":5},{"damage":9,"enemies":"Awakened One","floor":50,"turns":7}],"seed_played":"8020769812380420709","potions_obtained":[{"floor":1,"key":"AttackPotion"},{"floor":4,"key":"Swift Potion"},{"floor":5,"key":"SpeedPotion"},{"floor":10,"key":"Explosive Potion"},{"floor":22,"key":"LiquidMemories"},{"floor":24,"key":"SpeedPotion"},{"floor":28,"key":"Venom Potion"},{"floor":35,"key":"Swift Potion"},{"floor":37,"key":"Elixir"},{"floor":40,"key":"SpeedPotion"},{"floor":42,"key":"Weak Potion"},{"floor":48,"key":"LiquidMemories"}],"is_trial":false,"path_per_floor":["M","M","M","M","M","R","E","R","T","M","M","$","E","?","R_BF","B",null,"M","$","?","T","M","R","E","R","T","R","NM","AVR","E","M","R","B",null,"M","M","M","$","?","E","R","NM","T","?","R","M","T","E","R","B",null],"character_chosen":"THE_SILENT","items_purchased":["Deflect","Acrobatics","Underhanded Strike","Footwork+1","ReplayTheSpireMod:CursedCoin","infinitespire:EmpoweringShard","Enlightenment","Secret Weapon","Footwork","Acrobatics","DollysMirror","Lantern"],"campfire_rested":8,"item_purchase_floors":[0,0,0,12,12,12,19,19,19,38,38,38],"current_hp_per_floor":[27,27,25,22,22,43,38,59,59,55,55,55,55,55,55,23,58,50,50,34,34,25,46,40,40,40,61,46,46,46,43,64,21,58,38,43,41,41,41,41,62,14,14,14,35,40,40,40,61,54],"gold":284,"neow_bonus":"","is_daily":false,"chose_seed":false,"campfire_upgraded":1,"win_rate":0.0,"timestamp":1610050365,"path_taken":["M","M","M","M","M","R","E","R","T","M","M","$","E","?","R_BF","BOSS","M","?","?","?","M","R","E","R","T","R","NM","AVR","E","?","R","BOSS","M","M","M","$","?","E","R","NM","T","?","R","M","?","E","R","BOSS"],"items_purchased_type":["Card","Card","Card","Card","Relic","Relic","Card","Card","Card","Card","Relic","Relic"],"build_version":"2020-12-22","purchased_purges":4,"victory":true,"max_hp_per_floor":[70,70,70,70,70,70,70,70,70,70,70,70,70,70,70,70,70,70,70,70,70,70,70,70,70,70,70,70,70,70,70,70,70,70,70,70,70,70,70,70,70,70,70,70,70,70,70,70,70,70],"card_choices":[{"not_picked":["Concentrate","Setup"],"picked":"ReplayTheSpireMod:Scrap Shanks","floor":1},{"not_picked":["Backflip","Expertise","Poisoned Stab"],"picked":"SKIP","floor":2},{"not_picked":["Replay:Poison Smokescreen","ReplayTheSpireMod:Speed Training"],"picked":"Underhanded Strike","floor":3},{"not_picked":["Cloak And Dagger","Dagger Throw"],"picked":"Calculated Gamble","floor":4},{"not_picked":["Well Laid Plans","Acrobatics"],"picked":"Cloak And Dagger","floor":5},{"not_picked":["Dodge and Roll","Infinite Blades"],"picked":"Calculated Gamble","floor":7},{"not_picked":["Bane","Bouncing Flask"],"picked":"Underhanded Strike","floor":8},{"not_picked":["Backflip","Sucker Punch"],"picked":"Finisher","floor":10},{"not_picked":["Endless Agony","Bullet Time"],"picked":"Expertise","floor":11},{"not_picked":["hubris:SlightOfHand","hubris:TrickCloak"],"picked":"Escape Plan","floor":13},{"not_picked":["Poison Darts","Malaise"],"picked":"A Thousand Cuts","floor":16},{"not_picked":["Prepared","PiercingWail"],"picked":"Underhanded Strike","floor":18},{"not_picked":["infinitespire:Oblivion","ReplayTheSpireMod:Haul"],"picked":"infinitespire:Fortify","floor":20},{"not_picked":["ReplayTheSpireMod:Tripwire","Deadly Poison"],"picked":"Slice","floor":22},{"not_picked":["Outmaneuver","hubris:SlightOfHand"],"picked":"Escape Plan+1","floor":23},{"not_picked":["Bouncing Flask","All Out Attack"],"picked":"Cloak And Dagger","floor":24},{"not_picked":["Quick Slash","Catalyst"],"picked":"hubris:Sniper","floor":27},{"not_picked":["Bouncing Flask","Die Die Die"],"picked":"Setup+1","floor":28},{"not_picked":["Quick Slash+1","Cloak And Dagger"],"picked":"Slice+1","floor":30},{"not_picked":["PiercingWail","Blade Dance"],"picked":"Escape Plan+1","floor":31},{"not_picked":["hubris:Counter","hubris:TrickCloak"],"picked":"Concentrate+1","floor":32},{"not_picked":["Die Die Die","infinitespire:Neurotoxin"],"picked":"Tools of the Trade","floor":33},{"not_picked":["PiercingWail+1","Terror"],"picked":"Deflect+1","floor":35},{"not_picked":["Dodge and Roll","Dagger Spray"],"picked":"Blur+1","floor":36},{"not_picked":["Deflect","Heel Hook+1"],"picked":"ReplayTheSpireMod:Speed Training+1","floor":37},{"not_picked":["Backflip","Poisoned Stab"],"picked":"Prepared+1","floor":39},{"not_picked":["Flechettes","hubris:TrickCloak"],"picked":"Sucker Punch","floor":40},{"not_picked":["Deadly Poison+1","Predator"],"picked":"Replay:Bag of Tricks","floor":41},{"not_picked":["Predator+1","Draining Mist+1","Flying Knee"],"picked":"SKIP","floor":42},{"not_picked":["Quick Slash","Concentrate"],"picked":"Endless Agony+1","floor":45},{"not_picked":["Deflect","Flechettes"],"picked":"Sucker Punch+1","floor":46},{"not_picked":["Dagger Throw+1","Terror"],"picked":"Expertise+1","floor":48}],"player_experience":131585,"relics_obtained":[{"floor":7,"key":"Dream Catcher"},{"floor":9,"key":"PreservedInsect"},{"floor":13,"key":"Bag of Marbles"},{"floor":15,"key":"Art of War"},{"floor":21,"key":"Happy Flower"},{"floor":24,"key":"MawBank"},{"floor":26,"key":"Toy Ornithopter"},{"floor":28,"key":"infinitespire:Beetle Shell"},{"floor":30,"key":"infinitespire:Lucky Rock"},{"floor":39,"key":"hubris:AstralHammer"},{"floor":40,"key":"Paper Crane"},{"floor":42,"key":"hubris:TenFootPole"},{"floor":43,"key":"Bronze Scales"},{"floor":47,"key":"Blood Vial"},{"floor":48,"key":"hubris:SlimyHat"}],"event_choices":[{"damage_healed":0,"gold_gain":275,"player_choice":"Desecrate","damage_taken":0,"max_hp_gain":0,"max_hp_loss":0,"event_name":"Golden Shrine","floor":14,"gold_loss":0,"cards_obtained":["Regret"]},{"damage_healed":0,"gold_gain":0,"player_choice":"Fight","damage_taken":0,"max_hp_gain":0,"max_hp_loss":0,"event_name":"MindBloom","floor":39,"gold_loss":0},{"damage_healed":0,"gold_gain":0,"cards_transformed":["Underhanded Strike"],"player_choice":"Transformed","damage_taken":0,"max_hp_gain":0,"max_hp_loss":0,"event_name":"Transmorgrifier","floor":44,"gold_loss":0,"cards_obtained":["Reflex"]}],"is_beta":false,"boss_relics":[{"not_picked":["Philosopher\u0027s Stone","SacredBark"],"picked":"Runic Pyramid"},{"not_picked":["Replay:Grab Bag","Busted Crown"],"picked":"Fusion Hammer"}],"items_purged_floors":[0,12,19,38],"is_endless":false,"potions_floor_spawned":[1,4,5,10,22,24,28,35,37,40,42,48],"ascension_level":6}}