{"host":"kdt6w7ix8lwe69i9","time":1610022416,"event":{"mods":["100% Spire Juice","Bartender","BaseMod","ChefMod","Downfall","Fiend Mod","Jorbs\u0027s Wanderer Trilogy","Minty Spire (QoL Compilation)","Reimu（博丽灵梦）","Robot Space Explorer","StSLib","The Caster","The Cursed","The Disciple","The Dragon Tamer","The Druid","The Elementalist","The Forsaken","The Gatherer","The Marked","TheBandit"],"gold_per_floor":[360,360,360,375,391,391,142,176,200,214,271,2,20,33,33,135,135,148,148,148,14,31,31,5,16,93,111,111,142,241,241,241,344,344,357,357,41,51,51,81,81,81,135,135,135,135],"floor_reached":44,"playtime":27473,"items_purged":["Regret"],"score":529,"play_id":"7ff7e1c7-ac9a-43b7-9ccb-1bffa2865eff","local_time":"20210107072656","is_ascension_mode":false,"metric_token":1363,"campfire_choices":[{"floor":6,"key":"REST"},{"floor":15,"key":"REST"},{"data":"DTMod:SealedStrike","floor":23,"key":"SMITH"},{"floor":28,"key":"REST"},{"data":"DTMod:SealedStrike+1","floor":32,"key":"SMITH"},{"floor":41,"key":"REST"}],"dtmod_dragon_data":[0,50,3,1,14,9],"circlet_count":0,"master_deck":["DTMod:Strike","DTMod:DoubleHit+1","DTMod:TargetDefense","DTMod:TargetDefense","DTMod:TargetDefense","DTMod:TargetDefense","DTMod:SwitchingTactic+1","DTMod:Observe+1","DTMod:Training","DTMod:Training","DTMod:ComboAttack","DTMod:Training","DTMod:Hide","DTMod:MagiciansMark","DTMod:BlazingStrike","DTMod:Dissolve","expansioncontent:DarkVoid","DTMod:CleansingStrike","DTMod:HeatWave","DTMod:SealedStrike+2","DTMod:DragonDance","DTMod:CleansingStrike","DTMod:MagiciansMark","DTMod:CleansingStrike","DTMod:ForkedFire","DTMod:Hide","DTMod:BurningForce","DTMod:QuickFly+1","DTMod:ResonanceForm","DTMod:StunTrap","DTMod:MagiciansMark+1","DTMod:GhostSkin+1","DTMod:FlameSlash+1","DTMod:HeatWave+1","DTMod:Dissolve","DTMod:Cover","DTMod:InvisibleFlame"],"relics":["DTMod:PactStone","War Paint","Juzu Bracelet","Bag of Marbles","Toy Ornithopter","RuthlessExorcism:ReiMu","Membership Card","theForsaken:PaleLantern","Ornamental Fan","DTMod:OddArmor","Mastiff:ReiMu","Astrolabe","Pear","Calipers","Protect_Vest","White Beast Statue","Omamori"],"acts_visited":["Exordium","TheCity","TheBeyond"],"potions_floor_usage":[11,11,11,16,22,29],"damage_taken":[{"damage":0,"enemies":"Jaw Worm","floor":1,"turns":3},{"damage":1,"enemies":"Cultist","floor":4,"turns":3},{"damage":0,"enemies":"2 Louse","floor":5,"turns":3},{"damage":15,"enemies":"Lagavulin","floor":8,"turns":8},{"damage":5,"enemies":"Looter","floor":10,"turns":3},{"damage":11,"enemies":"3 Sentries","floor":11,"turns":6},{"damage":0,"enemies":"Exordium Wildlife","floor":13,"turns":2},{"damage":0,"enemies":"2 Fungi Beasts","floor":14,"turns":2},{"damage":38,"enemies":"The Guardian","floor":16,"turns":13},{"damage":0,"enemies":"Chosen","floor":18,"turns":4},{"damage":7,"enemies":"Shell Parasite","floor":22,"turns":3},{"damage":0,"enemies":"Centurion and Healer","floor":25,"turns":6},{"damage":19,"enemies":"Snecko","floor":27,"turns":4},{"damage":0,"enemies":"Gremlin Leader","floor":29,"turns":3},{"damage":20,"enemies":"Champ","floor":33,"turns":11},{"damage":0,"enemies":"3 Darklings","floor":35,"turns":5},{"damage":2,"enemies":"Orb Walker","floor":38,"turns":2},{"damage":33,"enemies":"Reptomancer","floor":40,"turns":8},{"damage":42,"enemies":"Sphere and 2 Shapes","floor":44,"turns":8}],"seed_played":"-6734548356775459015","potions_obtained":[{"floor":5,"key":"Guardian:BlockOnCardUsePotion"},{"floor":8,"key":"AttackPotion"},{"floor":10,"key":"Swift Potion"},{"floor":14,"key":"LiquidBronze"},{"floor":18,"key":"Fire Potion"},{"floor":25,"key":"MagicPotion:ReiMu"},{"floor":40,"key":"DuplicationPotion"}],"is_trial":false,"path_per_floor":["M","?","?","M","M","R","$","E","T","M","?","$","M","M","R","B",null,"M","?","?","$","M","R","$","M","T","M","R","E","?","?","R","B",null,"M","?","$","M","?","E","R","?","T","M"],"character_chosen":"THE_DT","items_purchased":["Juzu Bracelet","DTMod:ComboAttack","DTMod:Training","Membership Card","DTMod:Dissolve","expansioncontent:DarkVoid","DTMod:OddArmor","DTMod:MagiciansMark","DTMod:CleansingStrike","DTMod:Hide","Pear","Calipers","DTMod:Dissolve"],"campfire_rested":4,"item_purchase_floors":[7,7,7,12,12,12,21,21,21,24,37,37,37],"current_hp_per_floor":[33,33,33,32,32,45,45,30,30,25,29,29,29,29,42,7,45,45,45,45,45,38,38,38,38,38,19,32,37,37,37,37,17,45,45,45,55,53,53,20,36,36,36,0,0,0],"gold":135,"neow_bonus":"TWO_FIFTY_GOLD","is_daily":false,"chose_seed":false,"campfire_upgraded":2,"win_rate":0.0,"timestamp":1610022416,"path_taken":["M","?","?","M","?","R","$","E","T","M","?","$","M","M","R","BOSS","M","?","?","?","M","R","$","M","T","M","R","E","?","?","R","BOSS","M","?","?","M","?","E","R","?","T","M"],"items_purchased_type":["Relic","Card","Card","Relic","Card","Card","Relic","Card","Card","Card","Relic","Relic","Card"],"build_version":"2020-12-22","purchased_purges":1,"victory":false,"max_hp_per_floor":[45,45,45,45,45,45,45,45,45,45,45,45,45,45,45,45,45,45,45,45,45,45,45,45,45,45,45,45,45,45,45,45,45,45,45,45,55,55,55,55,55,55,55,55,55,55],"card_choices":[{"not_picked":["DTMod:BreakAttack","DTMod:Astonish"],"picked":"DTMod:Observe","floor":1},{"not_picked":["DTMod:InvisibleFlame","DTMod:FlameSlash"],"picked":"DTMod:Training","floor":4},{"not_picked":["DTMod:Punisher","DTMod:RecklessFlurry"],"picked":"DTMod:Training","floor":5},{"not_picked":["DTMod:GearUp","DTMod:RecklessFlurry"],"picked":"DTMod:Hide","floor":8},{"not_picked":["DTMod:TauntingStrike","DTMod:Haste"],"picked":"DTMod:MagiciansMark","floor":10},{"not_picked":["DTMod:Weaken","DTMod:WarmUp"],"picked":"DTMod:BlazingStrike","floor":11},{"not_picked":["DTMod:Punisher","DTMod:BurningEnergy"],"picked":"DTMod:CleansingStrike","floor":13},{"not_picked":["DTMod:Punisher","DTMod:DeepFocus"],"picked":"DTMod:HeatWave","floor":14},{"not_picked":["DTMod:Outburst","DTMod:ExcessFootwork"],"picked":"DTMod:SealedStrike","floor":16},{"not_picked":["DTMod:Hide","DTMod:Weaken"],"picked":"DTMod:DragonDance","floor":18},{"not_picked":["DTMod:LowKick","DTMod:BlazingStrike"],"picked":"DTMod:ForkedFire","floor":22},{"not_picked":["DTMod:CalculatedDefense","DTMod:CrossStep"],"picked":"DTMod:BurningForce","floor":25},{"not_picked":["DTMod:LowKick+1","DTMod:Threaten"],"picked":"DTMod:QuickFly+1","floor":27},{"not_picked":["DTMod:ForkedFire","DTMod:Feint"],"picked":"DTMod:ResonanceForm","floor":29},{"not_picked":["DTMod:Safeguard","DTMod:EchoTactic"],"picked":"DTMod:StunTrap","floor":33},{"not_picked":["DTMod:Haste","DTMod:RunningTactic"],"picked":"DTMod:HeatWave+1","floor":35},{"not_picked":["DTMod:StarRain","DTMod:MaximumCharge"],"picked":"DTMod:Cover","floor":38},{"not_picked":["DTMod:CleansingStrike+1","DTMod:LastStand"],"picked":"DTMod:InvisibleFlame","floor":40}],"player_experience":1703950,"relics_obtained":[{"floor":8,"key":"Bag of Marbles"},{"floor":9,"key":"Toy Ornithopter"},{"floor":11,"key":"RuthlessExorcism:ReiMu"},{"floor":29,"key":"Mastiff:ReiMu"},{"floor":40,"key":"Protect_Vest"},{"floor":43,"key":"Omamori"}],"event_choices":[{"damage_healed":0,"gold_gain":0,"player_choice":"Box","damage_taken":0,"relics_obtained":["War Paint"],"max_hp_gain":0,"max_hp_loss":0,"event_name":"Big Fish","floor":2,"gold_loss":0,"cards_obtained":["Regret"]},{"damage_healed":0,"gold_gain":0,"player_choice":"Upgraded","damage_taken":0,"max_hp_gain":0,"max_hp_loss":0,"event_name":"Upgrade Shrine","floor":3,"gold_loss":0,"cards_upgraded":["DTMod:DoubleHit"]},{"damage_healed":0,"gold_gain":30,"player_choice":"Searched \u00273\u0027 times","damage_taken":0,"max_hp_gain":0,"max_hp_loss":0,"event_name":"Dead Adventurer","floor":11,"gold_loss":0},{"damage_healed":0,"gold_gain":0,"player_choice":"Read","damage_taken":0,"max_hp_gain":0,"max_hp_loss":0,"event_name":"The Library","floor":19,"gold_loss":0,"cards_obtained":["DTMod:CleansingStrike"]},{"damage_healed":0,"gold_gain":0,"player_choice":"Stole Relic","damage_taken":0,"relics_obtained":["Ornamental Fan"],"max_hp_gain":0,"max_hp_loss":0,"event_name":"Addict","floor":20,"gold_loss":0,"cards_obtained":["Shame"]},{"damage_healed":0,"gold_gain":99,"player_choice":"Stole From Cult","damage_taken":0,"max_hp_gain":0,"max_hp_loss":0,"event_name":"Nest","floor":30,"gold_loss":0},{"cards_removed":["Shame"],"damage_healed":0,"gold_gain":0,"player_choice":"Removed Curses","damage_taken":0,"max_hp_gain":0,"max_hp_loss":0,"event_name":"Fountain of Cleansing","floor":36,"gold_loss":0},{"damage_healed":0,"gold_gain":0,"player_choice":"Gave Potion","damage_taken":0,"relics_obtained":["White Beast Statue"],"max_hp_gain":0,"max_hp_loss":0,"event_name":"WeMeetAgain","floor":42,"gold_loss":0}],"is_beta":false,"boss_relics":[{"not_picked":["Runic Pyramid","RedLine:ReiMu"],"picked":"theForsaken:PaleLantern"},{"not_picked":["Runic Dome","Busted Crown"],"picked":"Astrolabe"}],"items_purged_floors":[12],"is_endless":false,"potions_floor_spawned":[5,8,10,14,18,25,29,40],"killed_by":"Sphere and 2 Shapes","ascension_level":0}}