{"host":"qq27suot6m8koe0b","time":1610002849,"event":{"mods":["Act Like it!","BaseMod","CapriCore","GifTheSpireLib","Lobotomy","Minty Spire (QoL Compilation)","StSLib","Waifu the Spire"],"gold_per_floor":[118,118,118,118,17,17,43,62,62,82,97,97,108,108,108,210,210,220,235,148,148,73,73,73,73],"floor_reached":24,"playtime":1004,"items_purged":["Regret"],"score":219,"play_id":"a7a2b669-b254-4371-8a10-15ddfe6d9f34","local_time":"20210107150049","is_ascension_mode":false,"campfire_choices":[{"data":"Neutralize","floor":6,"key":"SMITH"},{"floor":15,"key":"REST"},{"floor":23,"key":"REST"}],"circlet_count":0,"master_deck":["Strike_G","Strike_G","Strike_G","Strike_G","Defend_G","Defend_G+1","Defend_G","Defend_G","Defend_G+1","Survivor+1","Neutralize+1","CrumblingArmor","Flying Knee","BeautyBeast","Escape Plan","MHz","Cloak And Dagger","Funeral","Noxious Fumes","Scorched","Caltrops","A Thousand Cuts","BlueStar","Escape Plan","LittleHelper","Sucker Punch","Bandage Up"],"relics":["Ring of the Snake","CogitoBucket","Pear","War Paint","Sundial","Meat on the Bone","FleshIdol","SlaversCollar"],"acts_visited":["Exordium","TheCity"],"potions_floor_usage":[13,16],"damage_taken":[{"damage":0,"enemies":"Jaw Worm","floor":1,"turns":4},{"damage":59,"enemies":"Lagavulin","floor":7,"turns":7},{"damage":0,"enemies":"2 Louse","floor":8,"turns":3},{"damage":0,"enemies":"Small Slimes","floor":10,"turns":4},{"damage":0,"enemies":"3 Louse","floor":11,"turns":2},{"damage":20,"enemies":"Large Slime","floor":13,"turns":4},{"damage":17,"enemies":"The Guardian","floor":16,"turns":11},{"damage":24,"enemies":"Spheric Guardian","floor":18,"turns":4},{"damage":51,"enemies":"2 Thieves","floor":19,"turns":4},{"damage":31,"enemies":"Snake Plant","floor":24,"turns":2}],"seed_played":"-3815427111301861714","potions_obtained":[{"floor":10,"key":"EssenceOfSteel"},{"floor":14,"key":"AttackPotion"},{"floor":14,"key":"BlessingOfTheForge"},{"floor":14,"key":"Poison Potion"},{"floor":16,"key":"FearPotion"}],"is_trial":false,"path_per_floor":["M","?","?","?","$","R","E","M","T","M","M","?","M","?","R","B",null,"M","M","$","?","?","R","M"],"character_chosen":"THE_SILENT","items_purchased":["Flying Knee","Bandage Up"],"campfire_rested":2,"item_purchase_floors":[5,20],"current_hp_per_floor":[70,70,73,73,73,73,14,14,14,26,38,22,15,15,39,45,80,56,18,18,3,3,28,0,0],"gold":73,"neow_bonus":"","is_daily":false,"chose_seed":false,"campfire_upgraded":1,"win_rate":0.0,"timestamp":1610002849,"path_taken":["M","?","?","?","$","R","E","?","T","M","M","?","M","?","R","BOSS","M","?","$","?","?","R","M"],"items_purchased_type":["Card","Card"],"build_version":"2020-12-22","purchased_purges":1,"victory":false,"max_hp_per_floor":[70,70,80,80,80,80,80,80,80,80,80,80,80,80,80,80,80,80,80,80,85,85,85,85,85],"card_choices":[{"not_picked":["FairyFestival","ShyLook"],"picked":"CrumblingArmor","floor":1},{"not_picked":["Terror","Dagger Throw"],"picked":"PiercingWail","floor":1},{"not_picked":["CherryBlossoms","BlackSwan"],"picked":"BeautyBeast","floor":7},{"not_picked":["Slice","Dodge and Roll"],"picked":"Escape Plan","floor":7},{"not_picked":["BlackArmy","CherryBlossoms"],"picked":"MHz","floor":8},{"not_picked":["Flechettes","Poisoned Stab"],"picked":"Crippling Poison","floor":8},{"not_picked":["Bloodbath","WallGazer"],"picked":"MeatLantern","floor":10},{"not_picked":["Tools of the Trade","Dodge and Roll"],"picked":"Cloak And Dagger","floor":10},{"not_picked":["BlackSwan","LaLuna"],"picked":"Funeral","floor":11},{"not_picked":["Infinite Blades","PiercingWail"],"picked":"Noxious Fumes","floor":11},{"not_picked":["DreamingCurrent","WallGazer"],"picked":"Scorched","floor":13},{"not_picked":["Slice","Backstab"],"picked":"Caltrops","floor":13},{"not_picked":["Storm of Steel","Tools of the Trade"],"picked":"A Thousand Cuts","floor":16},{"not_picked":["CherryBlossoms","Porccubus"],"picked":"BlueStar","floor":16},{"not_picked":["OldLady","Mercenary"],"picked":"Murderer","floor":18},{"not_picked":["Leg Sweep","Blade Dance"],"picked":"Escape Plan","floor":18},{"not_picked":["VoidDream","QueenBee"],"picked":"LittleHelper","floor":19},{"not_picked":["Outmaneuver","Footwork"],"picked":"Sucker Punch","floor":19}],"player_experience":246313,"relics_obtained":[{"floor":7,"key":"Sundial"},{"floor":9,"key":"Meat on the Bone"}],"event_choices":[{"damage_healed":0,"gold_gain":0,"player_choice":"Ignored","damage_taken":0,"max_hp_gain":0,"max_hp_loss":0,"event_name":"Golden Wing","floor":2,"gold_loss":0},{"damage_healed":0,"gold_gain":0,"player_choice":"Success","damage_taken":7,"relics_obtained":["Pear"],"max_hp_gain":0,"max_hp_loss":0,"event_name":"Scrap Ooze","floor":3,"gold_loss":0},{"damage_healed":0,"gold_gain":0,"player_choice":"Box","damage_taken":0,"relics_obtained":["War Paint"],"max_hp_gain":0,"max_hp_loss":0,"event_name":"Big Fish","floor":4,"gold_loss":0,"cards_obtained":["Regret"]},{"damage_healed":0,"gold_gain":0,"player_choice":"Entered Light","damage_taken":16,"max_hp_gain":0,"max_hp_loss":0,"event_name":"Shining Light","floor":12,"gold_loss":0,"cards_upgraded":["Strike_G","Defend_G"]},{"damage_healed":0,"gold_gain":0,"player_choice":"Got Potions","damage_taken":0,"max_hp_gain":0,"max_hp_loss":0,"event_name":"Lab","floor":14,"gold_loss":0},{"damage_healed":0,"gold_gain":0,"player_choice":"Shed Blood","damage_taken":20,"max_hp_gain":5,"max_hp_loss":0,"event_name":"Forgotten Altar","floor":21,"gold_loss":0},{"cards_removed":["MeatLantern"],"damage_healed":0,"gold_gain":0,"player_choice":"Gave Gold","damage_taken":0,"max_hp_gain":0,"max_hp_loss":0,"event_name":"Beggar","floor":22,"gold_loss":75}],"is_beta":false,"boss_relics":[{"not_picked":["Philosopher\u0027s Stone","Snecko Eye"],"picked":"SlaversCollar"}],"items_purged_floors":[5],"is_endless":false,"potions_floor_spawned":[10,16],"killed_by":"Snake Plant","ascension_level":0}}