{"host":"j4g6ia6asvpyu2b0","time":1610023372,"event":{"mods":["BaseMod","Colored Map","Minty Spire (QoL Compilation)","Permanent Neow","Quick Restart","Relic Stats","StSLib","Unceasing Turn Reminder"],"gold_per_floor":[112,112,112,124,141,171,187,187,187,187,262,290,309,309,309],"floor_reached":14,"playtime":293,"items_purged":[],"score":169,"play_id":"f8142b73-7a17-4f2d-be0d-e0307800d395","local_time":"20210107054252","is_ascension_mode":true,"campfire_choices":[{"data":"Static Discharge","floor":8,"key":"SMITH"},{"floor":10,"key":"REST"}],"circlet_count":0,"master_deck":["Strike_B","Strike_B","Strike_B","Strike_B","Defend_B","Defend_B","Defend_B","Defend_B","Zap","Dualcast","Creative AI+1","Gash","Double Energy","FTL","Compile Driver","Static Discharge+1","Ball Lightning","Defragment"],"relics":["Cracked Core","Shuriken","Question Card","Turnip"],"acts_visited":["Exordium"],"potions_floor_usage":[12,12,13],"damage_taken":[{"damage":7,"enemies":"2 Louse","floor":1,"turns":3},{"damage":3,"enemies":"Jaw Worm","floor":4,"turns":5},{"damage":1,"enemies":"Cultist","floor":5,"turns":3},{"damage":36,"enemies":"Lagavulin","floor":6,"turns":8},{"damage":6,"enemies":"3 Louse","floor":7,"turns":3},{"damage":0,"enemies":"3 Sentries","floor":12,"turns":2},{"damage":14,"enemies":"Red Slaver","floor":13,"turns":3},{"damage":32,"enemies":"Gremlin Nob","floor":14,"turns":3}],"seed_played":"1785722961486466205","potions_obtained":[{"floor":1,"key":"BlessingOfTheForge"},{"floor":4,"key":"Ancient Potion"},{"floor":7,"key":"PowerPotion"},{"floor":13,"key":"Fruit Juice"}],"is_trial":false,"path_per_floor":["M","?","?","M","M","E","M","R","T","R","?","E","M","E"],"character_chosen":"DEFECT","items_purchased":[],"campfire_rested":1,"item_purchase_floors":[],"current_hp_per_floor":[61,66,66,63,62,26,20,20,20,44,33,33,24,0,0],"gold":309,"neow_bonus":"ONE_RANDOM_RARE_CARD","is_daily":false,"chose_seed":false,"campfire_upgraded":1,"win_rate":0.0,"timestamp":1610023372,"path_taken":["M","?","?","M","M","E","?","R","T","R","?","E","M","E"],"items_purchased_type":[],"build_version":"2020-12-22","purchased_purges":0,"victory":false,"max_hp_per_floor":[75,80,80,80,80,80,80,80,80,80,80,80,85,85,85],"relic_stats":{"counters":[8,30],"Shuriken":[4],"Turnip":[0],"Question Card":2,"obtain_stats":[{"Shuriken":6,"Turnip":12,"Cracked Core":0,"Question Card":9},{"Shuriken":4,"Turnip":6,"Cracked Core":0,"Question Card":5},{"Shuriken":19,"Turnip":24,"Cracked Core":0,"Question Card":22}]},"card_choices":[{"not_picked":["Consume","Turbo"],"picked":"Gash","floor":1},{"not_picked":["Hologram","Steam Power"],"picked":"Double Energy","floor":4},{"not_picked":["Turbo","Streamline"],"picked":"FTL","floor":5},{"not_picked":["Redo","Reboot"],"picked":"Compile Driver","floor":6},{"not_picked":["Coolheaded","Darkness"],"picked":"Static Discharge","floor":7},{"not_picked":["Rip and Tear","Auto Shields","Conserve Battery"],"picked":"Ball Lightning","floor":12},{"not_picked":["Loop","Hologram","Stack"],"picked":"Defragment","floor":13}],"player_experience":745543,"relics_obtained":[{"floor":6,"key":"Shuriken"},{"floor":9,"key":"Question Card"},{"floor":12,"key":"Turnip"}],"event_choices":[{"damage_healed":0,"gold_gain":0,"player_choice":"Donut","damage_taken":0,"max_hp_gain":5,"max_hp_loss":0,"event_name":"Big Fish","floor":2,"gold_loss":0},{"damage_healed":0,"gold_gain":0,"player_choice":"Upgraded","damage_taken":0,"max_hp_gain":0,"max_hp_loss":0,"event_name":"Upgrade Shrine","floor":3,"gold_loss":0,"cards_upgraded":["Creative AI"]},{"damage_healed":0,"gold_gain":75,"player_choice":"Gather Gold","damage_taken":11,"max_hp_gain":0,"max_hp_loss":0,"event_name":"World of Goop","floor":11,"gold_loss":0}],"is_beta":false,"boss_relics":[],"items_purged_floors":[],"is_endless":false,"potions_floor_spawned":[1,4,7,13],"killed_by":"Gremlin Nob","ascension_level":7}}