{"host":"pq8o62wp0h1hflf3","time":1610049356,"event":{"mods":["BaseMod","Minty Spire (QoL Compilation)","Relic Stats","ojb\u0027s Info Mod"],"gold_per_floor":[114,114,114,189,86,118,132,163,163,177,203,220,246,259,259,259,259],"floor_reached":16,"playtime":662,"items_purged":["Strike_R"],"score":310,"play_id":"037fe600-4ac9-4e7f-b13a-072ef0e9a0da","local_time":"20210107145556","is_ascension_mode":true,"campfire_choices":[{"data":"True Grit","floor":15,"key":"SMITH"}],"circlet_count":0,"master_deck":["AscendersBane","Strike_R","Strike_R","Strike_R","Strike_R","Defend_R","Defend_R","Defend_R","Defend_R","Bash","Carnage+1","Shrug It Off","Rampage","Disarm","Reaper","Shrug It Off","True Grit+1"],"relics":["Burning Blood","NeowsBlessing","Eternal Feather","Shuriken","Bag of Preparation","Sundial","Boot"],"acts_visited":["Exordium"],"potions_floor_usage":[11,16],"damage_taken":[{"damage":0,"enemies":"Small Slimes","floor":1,"turns":1},{"damage":0,"enemies":"Gremlin Nob","floor":6,"turns":1},{"damage":0,"enemies":"2 Louse","floor":7,"turns":2},{"damage":34,"enemies":"3 Sentries","floor":8,"turns":8},{"damage":1,"enemies":"Cultist","floor":10,"turns":3},{"damage":4,"enemies":"Gremlin Nob","floor":11,"turns":3},{"damage":11,"enemies":"2 Fungi Beasts","floor":12,"turns":3},{"damage":24,"enemies":"3 Sentries","floor":13,"turns":8},{"damage":14,"enemies":"Gremlin Gang","floor":14,"turns":6},{"damage":74,"enemies":"Hexaghost","floor":16,"turns":11}],"seed_played":"-9042751915496267804","potions_obtained":[{"floor":7,"key":"DistilledChaos"},{"floor":12,"key":"Fire Potion"},{"floor":14,"key":"PowerPotion"}],"is_trial":false,"path_per_floor":["M","?","?","?","$","E","M","E","T","M","E","M","E","M","R","B"],"character_chosen":"IRONCLAD","items_purchased":["Shrug It Off"],"campfire_rested":0,"item_purchase_floors":[5],"current_hp_per_floor":[74,79,79,68,68,74,80,52,52,57,59,62,56,54,63,0,0],"gold":259,"neow_bonus":"THREE_ENEMY_KILL","is_daily":false,"chose_seed":false,"campfire_upgraded":1,"win_rate":0.0,"timestamp":1610049356,"path_taken":["M","?","?","?","?","E","M","E","T","M","E","M","E","M","R","BOSS"],"items_purchased_type":["Card"],"build_version":"2020-12-22","purchased_purges":1,"victory":false,"max_hp_per_floor":[75,80,80,80,80,80,80,80,80,80,80,80,80,80,80,80,80],"relic_stats":{"counters":[10,46],"Shuriken":[4],"Sundial":[6],"Eternal Feather":9,"Bag of Preparation":[12],"Boot":[0],"obtain_stats":[{"NeowsBlessing":0,"Shuriken":8,"Sundial":11,"Eternal Feather":6,"Bag of Preparation":9,"Boot":13,"Burning Blood":0},{"NeowsBlessing":0,"Shuriken":4,"Sundial":6,"Eternal Feather":2,"Bag of Preparation":4,"Boot":8,"Burning Blood":0},{"NeowsBlessing":0,"Shuriken":12,"Sundial":18,"Eternal Feather":2,"Bag of Preparation":12,"Boot":29,"Burning Blood":0}],"Burning Blood":54},"card_choices":[{"not_picked":["Armaments","Shockwave"],"picked":"Carnage","floor":1},{"not_picked":["Sword Boomerang","Limit Break","Pummel"],"picked":"SKIP","floor":6},{"not_picked":["Havoc","Body Slam"],"picked":"Rampage","floor":7},{"not_picked":["Perfected Strike","Pommel Strike"],"picked":"Disarm","floor":8},{"not_picked":["Wild Strike","Body Slam","Fire Breathing"],"picked":"SKIP","floor":10},{"not_picked":["Wild Strike","Thunderclap"],"picked":"Reaper","floor":11},{"not_picked":["Flex","Burning Pact","Twin Strike"],"picked":"SKIP","floor":12},{"not_picked":["Havoc","Flex"],"picked":"Shrug It Off","floor":13},{"not_picked":["Cleave","Hemokinesis"],"picked":"True Grit","floor":14}],"player_experience":1115413,"relics_obtained":[{"floor":6,"key":"Eternal Feather"},{"floor":8,"key":"Shuriken"},{"floor":9,"key":"Bag of Preparation"},{"floor":11,"key":"Sundial"},{"floor":13,"key":"Boot"}],"event_choices":[{"damage_healed":0,"gold_gain":0,"player_choice":"Donut","damage_taken":0,"max_hp_gain":5,"max_hp_loss":0,"event_name":"Big Fish","floor":2,"gold_loss":0},{"damage_healed":0,"gold_gain":0,"player_choice":"Grow","damage_taken":0,"max_hp_gain":0,"max_hp_loss":0,"event_name":"Living Wall","floor":3,"gold_loss":0,"cards_upgraded":["Carnage"]},{"damage_healed":0,"gold_gain":75,"player_choice":"Gather Gold","damage_taken":11,"max_hp_gain":0,"max_hp_loss":0,"event_name":"World of Goop","floor":4,"gold_loss":0}],"is_beta":false,"boss_relics":[],"items_purged_floors":[5],"is_endless":false,"potions_floor_spawned":[7,12,14],"killed_by":"Hexaghost","ascension_level":20}}