{"host":"egyxg9lnjq7g2hmw","time":1610001778,"event":{"mods":["AchievementEnabler","BaseMod","Block Reminder","Colored Map","Colored Powertips","Highlight Path","Minty Spire (QoL Compilation)","Rare Cards Sparkle","StSLib"],"gold_per_floor":[213,42,42,61,71,96,96,96,96,114,146,160,187,207,207,311,311,325,308,308,326,337,337,337,337],"floor_reached":24,"playtime":1701,"items_purged":[],"score":428,"play_id":"812dd20a-5065-47e1-adaf-45612f3b36d1","local_time":"20210106224258","is_ascension_mode":true,"campfire_choices":[{"data":"Recycle","floor":8.0,"key":"SMITH"},{"data":"Fusion","floor":15,"key":"SMITH"},{"data":"Defragment","floor":23,"key":"SMITH"}],"circlet_count":0,"master_deck":["Strike_B+1","Strike_B","Defend_B","Defend_B","Defend_B","Defend_B","Zap","Dualcast","Ball Lightning","Redo","Reboot","Rebound","Doom and Gloom+1","Recycle+1","Conserve Battery","Fusion+1","Multi-Cast","Defragment+1","Meteor Strike","Chill","Lockon+1","Multi-Cast","Static Discharge","Reinforced Body+1"],"relics":["FrozenCore","DataDisk","FossilizedHelix","Ornamental Fan","Nunchaku","Whetstone"],"acts_visited":["Exordium","TheCity"],"potions_floor_usage":[16,21,24,24,24],"damage_taken":[{"damage":7.0,"enemies":"Small Slimes","floor":1.0,"turns":3.0},{"damage":1.0,"enemies":"Cultist","floor":4.0,"turns":3.0},{"damage":4.0,"enemies":"2 Louse","floor":5.0,"turns":2.0},{"damage":9.0,"enemies":"Lagavulin","floor":6.0,"turns":5.0},{"damage":0.0,"enemies":"Lots of Slimes","floor":10.0,"turns":2.0},{"damage":0.0,"enemies":"Gremlin Nob","floor":11.0,"turns":3.0},{"damage":0.0,"enemies":"Large Slime","floor":12.0,"turns":3.0},{"damage":10.0,"enemies":"3 Sentries","floor":13.0,"turns":4.0},{"damage":0,"enemies":"2 Fungi Beasts","floor":14,"turns":3},{"damage":0,"enemies":"Slime Boss","floor":16,"turns":6},{"damage":0,"enemies":"Spheric Guardian","floor":18,"turns":3},{"damage":0,"enemies":"2 Thieves","floor":19,"turns":4},{"damage":10,"enemies":"Snecko","floor":21,"turns":5},{"damage":22,"enemies":"Sentry and Sphere","floor":22,"turns":6},{"damage":46,"enemies":"Slavers","floor":24,"turns":6}],"seed_played":"-4576717516487320597","potions_obtained":[{"floor":4.0,"key":"SkillPotion"},{"floor":6.0,"key":"Dexterity Potion"},{"floor":7.0,"key":"LiquidMemories"},{"floor":7.0,"key":"PotionOfCapacity"},{"floor":14,"key":"ColorlessPotion"},{"floor":16,"key":"Regen Potion"},{"floor":18,"key":"FocusPotion"},{"floor":21,"key":"Block Potion"}],"is_trial":false,"path_per_floor":["M","$","?","M","M","E","?","R","T","M","E","M","E","M","R","B",null,"M","M","?","M","M","R","E"],"character_chosen":"DEFECT","items_purchased":["DataDisk","Redo"],"campfire_rested":0,"item_purchase_floors":[2,2],"current_hp_per_floor":[61,61,61,60,56,47,47,47,47,47,47,47,37,37,37,37,66,66,66,66,65,43,43,0,0],"gold":337,"neow_bonus":"HUNDRED_GOLD","is_daily":false,"chose_seed":false,"campfire_upgraded":3,"win_rate":0.0,"timestamp":1610001778,"path_taken":["M","$","?","?","M","E","?","R","T","M","E","M","E","M","R","BOSS","M","?","?","M","M","R","E"],"items_purchased_type":["Relic","Card"],"build_version":"2020-12-22","purchased_purges":0,"victory":false,"max_hp_per_floor":[75,75,75,75,75,75,75,75,75,75,75,75,75,75,75,75,75,75,75,75,75,75,75,75,75],"card_choices":[{"not_picked":["Conserve Battery","Capacitor"],"picked":"Ball Lightning","floor":1.0},{"not_picked":["Barrage","Beam Cell"],"picked":"Rebound","floor":4.0},{"not_picked":["Leap","Rebound"],"picked":"Doom and Gloom","floor":5.0},{"not_picked":["Go for the Eyes","Storm"],"picked":"Recycle","floor":6.0},{"not_picked":["Recycle","Gash"],"picked":"Conserve Battery","floor":10.0},{"not_picked":["Thunder Strike","Steam"],"picked":"Fusion","floor":11.0},{"not_picked":["Ball Lightning","Blizzard","Go for the Eyes"],"picked":"SKIP","floor":12.0},{"not_picked":["Leap","Ball Lightning"],"picked":"Multi-Cast","floor":13.0},{"not_picked":["Gash","Beam Cell"],"picked":"Defragment","floor":14},{"not_picked":["Biased Cognition","Machine Learning"],"picked":"Meteor Strike","floor":16},{"not_picked":["Hello World+1","Ball Lightning"],"picked":"Chill","floor":18},{"not_picked":["Turbo","Blizzard"],"picked":"Lockon+1","floor":19},{"not_picked":["Gash","Cold Snap"],"picked":"Reinforced Body+1","floor":21},{"not_picked":["Stack+1","Rip and Tear","Tempest"],"picked":"SKIP","floor":22}],"player_experience":590401,"relics_obtained":[{"floor":6.0,"key":"FossilizedHelix"},{"floor":9.0,"key":"Ornamental Fan"},{"floor":11.0,"key":"Nunchaku"},{"floor":13.0,"key":"Whetstone"}],"event_choices":[{"damage_healed":0.0,"max_hp_gain":0.0,"max_hp_loss":0.0,"gold_gain":0.0,"event_name":"Match and Keep!","player_choice":"1 cards matched","floor":3.0,"gold_loss":0.0,"damage_taken":0.0,"cards_obtained":["Reboot"]},{"damage_healed":0.0,"max_hp_gain":0.0,"max_hp_loss":0.0,"gold_gain":0.0,"event_name":"Lab","player_choice":"Got Potions","floor":7.0,"gold_loss":0.0,"damage_taken":0.0},{"damage_healed":0,"gold_gain":0,"cards_transformed":["Strike_B","Strike_B"],"player_choice":"Became Test Subject","damage_taken":0,"max_hp_gain":0,"max_hp_loss":0,"event_name":"Drug Dealer","floor":20,"gold_loss":0,"cards_obtained":["Multi-Cast","Static Discharge"]}],"is_beta":false,"boss_relics":[{"not_picked":["Sozu","Black Star"],"picked":"FrozenCore"}],"items_purged_floors":[],"is_endless":false,"potions_floor_spawned":[4,6,10,14,16,18,21],"killed_by":"Slavers","ascension_level":9}}