{"host":"a1eatafr7pisesky","time":1610036314,"event":{"mods":["AchievementEnabler","BaseMod","Colored Map","Keyboard Shortcuts","Minty Spire (QoL Compilation)","Say the Spire","StSLib","SuperFastMode","everything is the same but u backflip on backflip"],"gold_per_floor":[113,129,143,162,174,174,99,99,123,156,11,11,41,61,61,156,156,173,173,190,100,117,117,117],"floor_reached":23,"playtime":537,"items_purged":["Strike_B","Strike_B"],"score":274,"play_id":"9826f490-e0ea-43fb-b5b3-b1e7ec98c5ee","local_time":"20210108011834","is_ascension_mode":true,"campfire_choices":[{"floor":6,"key":"REST"},{"data":"Dualcast","floor":8,"key":"SMITH"},{"floor":12,"key":"REST"},{"data":"Cold Snap","floor":15,"key":"SMITH"}],"circlet_count":0,"master_deck":["Strike_B","Defend_B","Defend_B","Defend_B","Defend_B","Zap","Dualcast+1","Cold Snap+1","Cold Snap","Doom and Gloom","Turbo","Ball Lightning","Sweeping Beam","Reboot","Sweeping Beam+1","Chaos"],"relics":["Cracked Core","Oddly Smooth Stone","Blood Vial","Membership Card","Vajra","Nuclear Battery"],"acts_visited":["Exordium","TheCity"],"potions_floor_usage":[16,16,16,23,23],"damage_taken":[{"damage":7,"enemies":"Small Slimes","floor":1,"turns":3},{"damage":6,"enemies":"2 Louse","floor":2,"turns":2},{"damage":6,"enemies":"Jaw Worm","floor":3,"turns":4},{"damage":17,"enemies":"2 Fungi Beasts","floor":4,"turns":4},{"damage":12,"enemies":"Exordium Wildlife","floor":5,"turns":2},{"damage":35,"enemies":"Lagavulin","floor":10,"turns":7},{"damage":23,"enemies":"Gremlin Nob","floor":13,"turns":4},{"damage":0,"enemies":"Blue Slaver","floor":14,"turns":3},{"damage":20,"enemies":"Hexaghost","floor":16,"turns":9},{"damage":5,"enemies":"3 Byrds","floor":18,"turns":3},{"damage":22,"enemies":"Shell Parasite","floor":20,"turns":3},{"damage":14,"enemies":"Shelled Parasite and Fungi","floor":22,"turns":6},{"damage":39,"enemies":"Book of Stabbing","floor":23,"turns":4}],"seed_played":"3838141069323088670","potions_obtained":[{"floor":4,"key":"Energy Potion"},{"floor":5,"key":"SteroidPotion"},{"floor":13,"key":"SmokeBomb"},{"floor":14,"key":"Regen Potion"},{"floor":18,"key":"PowerPotion"},{"floor":20,"key":"SkillPotion"}],"is_trial":false,"path_per_floor":["M","M","M","M","M","R","$","R","T","E","$","R","E","M","R","B",null,"M","?","M","$","M","E"],"character_chosen":"DEFECT","items_purchased":["Membership Card","Chaos"],"campfire_rested":2,"item_purchase_floors":[11,21],"current_hp_per_floor":[68,62,56,39,27,51,51,51,51,16,16,40,19,21,21,18,66,63,63,43,43,31,0,0],"gold":117,"neow_bonus":"TEN_PERCENT_HP_BONUS","is_daily":false,"chose_seed":false,"campfire_upgraded":2,"win_rate":0.0,"timestamp":1610036314,"path_taken":["M","M","M","M","M","R","$","R","T","E","$","R","E","M","R","BOSS","M","?","M","$","M","E"],"items_purchased_type":["Relic","Card"],"build_version":"2020-12-22","purchased_purges":2,"victory":false,"max_hp_per_floor":[82,82,82,82,82,82,82,82,82,82,82,82,82,82,82,82,82,82,82,82,82,82,82,82],"card_choices":[{"not_picked":["Hologram","Steam"],"picked":"Cold Snap","floor":1},{"not_picked":["Barrage","Steam Power","Double Energy"],"picked":"SKIP","floor":2},{"not_picked":["Compile Driver","Fusion"],"picked":"Cold Snap","floor":3},{"not_picked":["Steam","Ball Lightning"],"picked":"Doom and Gloom","floor":4},{"not_picked":["Beam Cell","Stack"],"picked":"Turbo","floor":5},{"not_picked":["Gash","Steam Power","Hologram"],"picked":"SKIP","floor":10},{"not_picked":["Blizzard","Leap"],"picked":"Ball Lightning","floor":13},{"not_picked":["Beam Cell","Leap"],"picked":"Sweeping Beam","floor":14},{"not_picked":["Biased Cognition","All For One"],"picked":"Reboot","floor":16},{"not_picked":["Loop","Leap"],"picked":"Sweeping Beam+1","floor":18},{"not_picked":["Skim","Chill","Heatsinks"],"picked":"SKIP","floor":20},{"not_picked":["Hello World","Sweeping Beam","Storm"],"picked":"SKIP","floor":22}],"player_experience":288165,"relics_obtained":[{"floor":9,"key":"Oddly Smooth Stone"},{"floor":10,"key":"Blood Vial"},{"floor":13,"key":"Vajra"}],"event_choices":[{"cards_removed":["Strike_B"],"damage_healed":0,"gold_gain":0,"player_choice":"Elegance","damage_taken":0,"max_hp_gain":0,"max_hp_loss":0,"event_name":"Back to Basics","floor":19,"gold_loss":0}],"is_beta":false,"boss_relics":[{"not_picked":["Philosopher\u0027s Stone","Tiny House"],"picked":"Nuclear Battery"}],"items_purged_floors":[7,21],"is_endless":false,"potions_floor_spawned":[4,5,13,14,18,20],"killed_by":"Book of Stabbing","ascension_level":7}}