{"host":"mmqs5ul2bvb60kyc","time":1610020928,"event":{"mods":["AchievementEnabler","BaseMod","Minty Spire (QoL Compilation)","StSLib"],"gold_per_floor":[116,191,203,213,213,213,226,226,250,25,41,90,103,119,119,220,220,230,230,246,49,49,49,78,78,103,103,138,84,84,95,95,194,194,212,87,1305,1305,1315,1315,946,946,946,583,583,617,617,617,617,617,617,617,118,153,153],"floor_reached":56,"playtime":2901,"items_purged":["Strike_B","Zap","Undo","Defend_B","Fasting2+1","Defend_B+1"],"score":1728,"play_id":"8fc0bc76-7e4a-4248-ade5-f8fbab9708e4","local_time":"20210107200208","is_ascension_mode":true,"campfire_choices":[{"data":"Defragment","floor":6.0,"key":"SMITH"},{"data":"Dualcast","floor":8.0,"key":"SMITH"},{"data":"Conserve Battery","floor":15.0,"key":"SMITH"},{"data":"Coolheaded","floor":23.0,"key":"SMITH"},{"data":"Night Terror","floor":25.0,"key":"SMITH"},{"data":"SandsOfTime","floor":27.0,"key":"SMITH"},{"data":"Coolheaded","floor":30.0,"key":"SMITH"},{"floor":32.0,"key":"REST"},{"floor":40.0,"key":"DIG"},{"floor":42.0,"key":"RECALL"},{"data":"Defend_B","floor":45.0,"key":"PURGE"},{"data":"Machine Learning+1","floor":47.0,"key":"PURGE"},{"data":"Compile Driver+1","floor":49.0,"key":"PURGE"},{"data":"Defend_B","floor":52.0,"key":"PURGE"}],"circlet_count":0,"master_deck":["Dualcast+1","Defragment+1","Conserve Battery+1","SandsOfTime+1","Glacier","Night Terror+1","Storm+1","Escape Plan","Coolheaded+1","Turbo+1","Defragment+1","Alpha","Coolheaded+1","Tools of the Trade+1","Master of Strategy","Terror+1","Capacitor","Double Energy","InnerPeace+1"],"relics":["Cracked Core","Lantern","Toy Ornithopter","PrismaticShard","PreservedInsect","Astrolabe","Orichalcum","WingedGreaves","Boot","Runic Pyramid","StoneCalendar","Gambling Chip","Shovel","Old Coin","FossilizedHelix","Thread and Needle","Ginger","CaptainsWheel","Peace Pipe","Unceasing Top","Turnip","Emotion Chip","Girya","Incense Burner","Torii","Lizard Tail","Du-Vu Doll","Bird Faced Urn","TheAbacus","Kunai","War Paint","Ornamental Fan","DataDisk","Lee\u0027s Waffle","Centennial Puzzle"],"acts_visited":["Exordium","TheCity","TheBeyond","TheEnding"],"potions_floor_usage":[54,55,55,55],"damage_taken":[{"damage":2.0,"enemies":"Jaw Worm","floor":1.0,"turns":3.0},{"damage":0.0,"enemies":"2 Louse","floor":3.0,"turns":3.0},{"damage":0.0,"enemies":"Cultist","floor":4.0,"turns":3.0},{"damage":0.0,"enemies":"Large Slime","floor":7.0,"turns":5.0},{"damage":23.0,"enemies":"Gremlin Gang","floor":11.0,"turns":4.0},{"damage":23.0,"enemies":"Lagavulin","floor":12.0,"turns":6.0},{"damage":0.0,"enemies":"2 Fungi Beasts","floor":13.0,"turns":3.0},{"damage":16.0,"enemies":"Exordium Thugs","floor":14.0,"turns":7.0},{"damage":11.0,"enemies":"Hexaghost","floor":16.0,"turns":16.0},{"damage":19.0,"enemies":"2 Thieves","floor":18.0,"turns":4.0},{"damage":11.0,"enemies":"Shell Parasite","floor":20.0,"turns":5.0},{"damage":0.0,"enemies":"Gremlin Leader","floor":24.0,"turns":6.0},{"damage":21.0,"enemies":"Slavers","floor":28.0,"turns":6.0},{"damage":16.0,"enemies":"Shelled Parasite and Fungi","floor":31.0,"turns":6.0},{"damage":3.0,"enemies":"Collector","floor":33.0,"turns":13.0},{"damage":13.0,"enemies":"Orb Walker","floor":35.0,"turns":6.0},{"damage":40.0,"enemies":"2 Orb Walkers","floor":37.0,"turns":5.0},{"damage":0.0,"enemies":"3 Darklings","floor":39.0,"turns":7.0},{"damage":9.0,"enemies":"Reptomancer","floor":46.0,"turns":6.0},{"damage":0.0,"enemies":"Awakened One","floor":50.0,"turns":12.0},{"damage":0,"enemies":"Shield and Spear","floor":54,"turns":4},{"damage":15,"enemies":"The Heart","floor":55,"turns":7}],"seed_played":"8114687629363369068","potions_obtained":[{"floor":3.0,"key":"SkillPotion"},{"floor":4.0,"key":"ColorlessPotion"},{"floor":11.0,"key":"Block Potion"},{"floor":12.0,"key":"Dexterity Potion"},{"floor":16.0,"key":"Explosive Potion"},{"floor":20.0,"key":"Energy Potion"},{"floor":24.0,"key":"Dexterity Potion"},{"floor":28.0,"key":"FearPotion"},{"floor":37.0,"key":"Ancient Potion"},{"floor":37.0,"key":"Regen Potion"},{"floor":37.0,"key":"PowerPotion"},{"floor":37.0,"key":"DistilledChaos"},{"floor":46.0,"key":"DistilledChaos"},{"floor":54,"key":"ColorlessPotion"}],"is_trial":false,"path_per_floor":["M","?","M","M","?","R","M","R","T","$","M","E","M","M","R","B",null,"M","?","M","$","?","R","E","R","T","R","E","$","R","M","R","B",null,"M","$","?","?","M","R","$","R","T","$","R","E","R","?","R","B",null,"R","$","E","B",null],"character_chosen":"DEFECT","items_purchased":["PrismaticShard","Coolheaded","Turbo","Coolheaded","TheAbacus","Capacitor","Double Energy","War Paint","DataDisk","Lee\u0027s Waffle"],"campfire_rested":1,"item_purchase_floors":[10,21,21,29,41,41,44,44,53,53],"current_hp_per_floor":[66,55,55,55,75,75,75,75,75,75,57,44,44,28,28,22,62,48,48,37,37,37,37,42,42,42,42,26,26,26,15,37,34,65,52,52,12,12,12,12,12,12,12,12,12,26,26,26,26,38,66,66,82,82,78],"gold":153,"neow_bonus":"RANDOM_COMMON_RELIC","is_daily":false,"chose_seed":false,"campfire_upgraded":7,"win_rate":0.0,"timestamp":1610020928,"path_taken":["M","?","M","M","?","R","M","R","T","$","M","E","?","M","R","BOSS","M","?","?","$","?","R","E","R","T","R","E","?","R","M","R","BOSS","M","?","?","?","M","R","$","R","T","$","R","E","R","?","R","BOSS","R","$","E","BOSS"],"items_purchased_type":["Relic","Card","Card","Card","Relic","Card","Card","Relic","Relic","Relic"],"build_version":"2020-12-22","purchased_purges":6,"victory":true,"max_hp_per_floor":[75,75,75,75,75,75,75,75,75,75,75,75,75,75,75,75,75,75,75,75,75,75,75,75,75,75,75,75,75,75,75,75,75,75,75,75,75,75,75,75,75,75,75,75,75,75,75,75,75,75,75,75,82,82,82],"card_choices":[{"not_picked":["Hologram","Fusion"],"picked":"Defragment","floor":1.0},{"not_picked":["Streamline","Lockon"],"picked":"Conserve Battery","floor":3.0},{"not_picked":["Steam","Leap"],"picked":"BootSequence","floor":4.0},{"not_picked":["Beam Cell","Blizzard"],"picked":"Consume","floor":7.0},{"not_picked":["Halt","LikeWater"],"picked":"Undo","floor":11.0},{"not_picked":["SignatureMove","Judgement"],"picked":"SandsOfTime","floor":12.0},{"not_picked":["Forethought","Finisher"],"picked":"Glacier","floor":13.0},{"not_picked":["Poisoned Stab","Prepared","Thunderclap"],"picked":"SKIP","floor":14.0},{"not_picked":["Judgement","Vault"],"picked":"Night Terror","floor":16.0},{"not_picked":["Cloak And Dagger+1","Steam","Leap"],"picked":"SKIP","floor":18.0},{"not_picked":["Leap+1","Warcry+1"],"picked":"Escape Plan","floor":20.0},{"not_picked":["Reprogram+1","Thunder Strike"],"picked":"Alpha","floor":24.0},{"not_picked":["Ball Lightning","SashWhip+1"],"picked":"Fasting2+1","floor":28.0},{"not_picked":["Streamline","Leg Sweep"],"picked":"Turbo","floor":31.0},{"not_picked":["Thunder Strike","Brilliance"],"picked":"Tools of the Trade","floor":33.0},{"not_picked":["Redo+1","Iron Wave","CrushJoints"],"picked":"SKIP","floor":35.0},{"not_picked":["Stack","Streamline"],"picked":"Master of Strategy","floor":37.0},{"not_picked":["Dagger Throw+1","Meditate+1"],"picked":"Terror+1","floor":39.0},{"not_picked":["WindmillStrike+1","PiercingWail+1"],"picked":"InnerPeace+1","floor":46.0},{"not_picked":["Choke+1","Force Field+1","Skewer+1"],"picked":"SKIP","floor":54}],"player_experience":234468,"relics_obtained":[{"floor":9.0,"key":"Toy Ornithopter"},{"floor":12.0,"key":"PreservedInsect"},{"floor":24.0,"key":"WingedGreaves"},{"floor":28.0,"key":"Boot"},{"floor":37.0,"key":"StoneCalendar"},{"floor":37.0,"key":"Gambling Chip"},{"floor":37.0,"key":"Shovel"},{"floor":37.0,"key":"Old Coin"},{"floor":37.0,"key":"FossilizedHelix"},{"floor":37.0,"key":"Thread and Needle"},{"floor":37.0,"key":"Ginger"},{"floor":37.0,"key":"CaptainsWheel"},{"floor":37.0,"key":"Peace Pipe"},{"floor":37.0,"key":"Unceasing Top"},{"floor":37.0,"key":"Turnip"},{"floor":37.0,"key":"Emotion Chip"},{"floor":37.0,"key":"Girya"},{"floor":37.0,"key":"Incense Burner"},{"floor":37.0,"key":"Torii"},{"floor":37.0,"key":"Lizard Tail"},{"floor":37.0,"key":"Du-Vu Doll"},{"floor":40.0,"key":"Bird Faced Urn"},{"floor":43.0,"key":"Kunai"},{"floor":46.0,"key":"Ornamental Fan"},{"floor":54,"key":"Centennial Puzzle"}],"event_choices":[{"damage_healed":0.0,"max_hp_gain":0.0,"max_hp_loss":0.0,"gold_gain":75.0,"event_name":"World of Goop","player_choice":"Gather Gold","floor":2.0,"gold_loss":0.0,"damage_taken":11.0},{"cards_removed":["BootSequence"],"damage_healed":20.0,"max_hp_gain":0.0,"max_hp_loss":0.0,"gold_gain":0.0,"event_name":"Bonfire Elementals","player_choice":"Offered Uncommon","floor":5.0,"gold_loss":0.0,"damage_taken":0.0},{"cards_removed":["Consume"],"damage_healed":0.0,"max_hp_gain":0.0,"max_hp_loss":0.0,"gold_gain":0.0,"event_name":"WeMeetAgain","player_choice":"Gave Card","floor":19.0,"gold_loss":0.0,"damage_taken":0.0,"relics_obtained":["Orichalcum"]},{"damage_healed":0.0,"max_hp_gain":0.0,"max_hp_loss":0.0,"gold_gain":0.0,"event_name":"Duplicator","player_choice":"Copied","floor":22.0,"gold_loss":0.0,"damage_taken":0.0,"cards_obtained":["Defragment"]},{"damage_healed":0.0,"max_hp_gain":0.0,"max_hp_loss":0.0,"gold_gain":0.0,"event_name":"Mysterious Sphere","player_choice":"Fight","floor":37.0,"gold_loss":0.0,"damage_taken":0.0},{"damage_healed":0.0,"max_hp_gain":0.0,"max_hp_loss":0.0,"gold_gain":0.0,"event_name":"Mysterious Sphere","player_choice":"Fight","floor":37.0,"gold_loss":0.0,"damage_taken":0.0},{"damage_healed":0.0,"max_hp_gain":0.0,"max_hp_loss":0.0,"gold_gain":0.0,"event_name":"Mysterious Sphere","player_choice":"Fight","floor":37.0,"gold_loss":0.0,"damage_taken":0.0},{"damage_healed":0.0,"max_hp_gain":0.0,"max_hp_loss":0.0,"gold_gain":0.0,"event_name":"Mysterious Sphere","player_choice":"Fight","floor":37.0,"gold_loss":0.0,"damage_taken":0.0},{"damage_healed":0.0,"max_hp_gain":0.0,"max_hp_loss":0.0,"gold_gain":0.0,"event_name":"Mysterious Sphere","player_choice":"Fight","floor":37.0,"gold_loss":0.0,"damage_taken":0.0},{"damage_healed":0.0,"max_hp_gain":0.0,"max_hp_loss":0.0,"gold_gain":0.0,"event_name":"Mysterious Sphere","player_choice":"Fight","floor":37.0,"gold_loss":0.0,"damage_taken":0.0},{"damage_healed":0.0,"max_hp_gain":0.0,"max_hp_loss":0.0,"gold_gain":0.0,"event_name":"Mysterious Sphere","player_choice":"Fight","floor":37.0,"gold_loss":0.0,"damage_taken":0.0},{"damage_healed":0.0,"max_hp_gain":0.0,"max_hp_loss":0.0,"gold_gain":0.0,"event_name":"Mysterious Sphere","player_choice":"Fight","floor":37.0,"gold_loss":0.0,"damage_taken":0.0},{"damage_healed":0.0,"max_hp_gain":0.0,"max_hp_loss":0.0,"gold_gain":0.0,"event_name":"Mysterious Sphere","player_choice":"Fight","floor":37.0,"gold_loss":0.0,"damage_taken":0.0},{"damage_healed":0.0,"max_hp_gain":0.0,"max_hp_loss":0.0,"gold_gain":0.0,"event_name":"Mysterious Sphere","player_choice":"Fight","floor":37.0,"gold_loss":0.0,"damage_taken":0.0},{"damage_healed":0.0,"max_hp_gain":0.0,"max_hp_loss":0.0,"gold_gain":0.0,"event_name":"Mysterious Sphere","player_choice":"Fight","floor":37.0,"gold_loss":0.0,"damage_taken":0.0},{"damage_healed":0.0,"max_hp_gain":0.0,"max_hp_loss":0.0,"gold_gain":0.0,"event_name":"Mysterious Sphere","player_choice":"Fight","floor":37.0,"gold_loss":0.0,"damage_taken":0.0},{"damage_healed":0.0,"max_hp_gain":0.0,"max_hp_loss":0.0,"gold_gain":0.0,"event_name":"Mysterious Sphere","player_choice":"Fight","floor":37.0,"gold_loss":0.0,"damage_taken":0.0},{"damage_healed":0.0,"max_hp_gain":0.0,"max_hp_loss":0.0,"gold_gain":0.0,"event_name":"Mysterious Sphere","player_choice":"Fight","floor":37.0,"gold_loss":0.0,"damage_taken":0.0},{"damage_healed":0.0,"max_hp_gain":0.0,"max_hp_loss":0.0,"gold_gain":0.0,"event_name":"Mysterious Sphere","player_choice":"Fight","floor":37.0,"gold_loss":0.0,"damage_taken":0.0},{"damage_healed":0.0,"max_hp_gain":0.0,"max_hp_loss":0.0,"gold_gain":0.0,"event_name":"Mysterious Sphere","player_choice":"Fight","floor":37.0,"gold_loss":0.0,"damage_taken":0.0},{"damage_healed":0.0,"max_hp_gain":0.0,"max_hp_loss":0.0,"gold_gain":0.0,"event_name":"Mysterious Sphere","player_choice":"Fight","floor":37.0,"gold_loss":0.0,"damage_taken":0.0},{"cards_removed":["Turbo"],"damage_healed":0.0,"max_hp_gain":0.0,"max_hp_loss":0.0,"gold_gain":0.0,"event_name":"Falling","player_choice":"Removed Skill","floor":38.0,"gold_loss":0.0,"damage_taken":0.0},{"damage_healed":0.0,"max_hp_gain":0.0,"max_hp_loss":0.0,"gold_gain":0.0,"event_name":"Accursed Blacksmith","player_choice":"Forge","floor":48.0,"gold_loss":0.0,"damage_taken":0.0,"cards_upgraded":["Tools of the Trade"]}],"is_beta":false,"boss_relics":[{"not_picked":["Cursed Key","Busted Crown"],"picked":"Astrolabe"},{"not_picked":["SlaversCollar","Empty Cage"],"picked":"Runic Pyramid"}],"items_purged_floors":[10,21,36,41,44,53],"is_endless":false,"potions_floor_spawned":[3,4,11,12,16,20,24,28,37,37,37,37,37,37,37,37,39,46,54],"ascension_level":8}}