{"host":"ueaobptuyu87ouwy","time":1610009175,"event":{"mods":["Aspiration","Bard","BaseMod","Better Altar","Better Match","Better Note","Better Sensory Stone","Better Skull","Better Third Choice","BetterRewards","CCEM","Colored Map","Conspire","Downfall","GifTheSpireLib","Halation","Hermit","Highlight Path","Hubris","Infinite Spire","Jedi Mod","Jorbs\u0027s Wanderer Trilogy","Marisa????????","Mimic Mod","Minty Spire (QoL Compilation)","Permanent Neow","Replay The Spire","StSLib","Stuff the Spire","The Runesmith","Unceasing Turn Reminder","everything is the same but u backflip on backflip","slay the spire mod where everything is the same but ironclad has a cowboy hat"],"gold_per_floor":[110,110,122,132,152,152,165,190,222,253,253,267,267,285,285,383,383,393,393,413,413,413,447,447,464,519,519,550,562,562,573,573,675,675,685,685,700,347,363,363,392,392,392,418,418,434,446,460,460,460,460,460,105,140,140],"floor_reached":56,"playtime":3864,"items_purged":["Strike_R","Defend_R"],"score":1414,"play_id":"8157ff93-9503-48df-a14b-52cabceb615a","local_time":"20210107164615","is_ascension_mode":true,"campfire_choices":[{"data":"Armaments","floor":6.0,"key":"SMITH"},{"floor":13.0,"key":"REST"},{"data":"Infernal Blade","floor":15.0,"key":"SMITH"},{"data":"Whirlwind","floor":24.0,"key":"SMITH"},{"data":"Crescendo","floor":27.0,"key":"SMITH"},{"data":"infinitespire:NeuralNetwork","floor":32.0,"key":"SMITH"},{"floor":40,"key":"RECALL"},{"data":"ReplayTheSpireMod:Limb From Limb","floor":42,"key":"SMITH"},{"floor":49,"key":"REST"},{"data":"conspire:HitWhereItHurts","floor":52,"key":"SMITH"}],"circlet_count":0,"master_deck":["Strike_R","Strike_R","Strike_R","Strike_R","Defend_R","Defend_R","Defend_R","Bash+1","Shrug It Off","Whirlwind+1","Armaments+1","Ghostly Armor","Iron Wave","Infernal Blade+1","conspire:HitWhereItHurts+1","CurseOfTheBell","Pot Of Greed","Pot Of Greed","Crescendo+1","conspire:Charge+1","Life Link+1","infinitespire:NeuralNetwork+1","Reaper","Pot Of Greed","Armaments+1","ReplayTheSpireMod:Limb From Limb+1","Replay:SS_forest_2+1"],"relics":["Burning Blood","Blue Doll","Pet Ghost","Smiling Mask","jedi:heavyjacket","Replay:Grab Bag","Mark of Pain","Busted Crown","Calling Bell","Grinning Jar","Paper Frog","StuffTheSpire:BottledHeartBeat","hubris:ScarierMask","jedi:HeartOfTheCards","Ornamental Fan","Bird Faced Urn","halation:KoshaPiece","Vajra","aspiration:MobileForge","halation:AfternoonTea","StuffTheSpire:Mouthbags","infinitespire:Satchel","Bottled Lightning","CCEMRelics:Sandal","conspire:BottledYoYo","Lantern","CCEMRelics:GrindingGear","jedi:crownofsimplicity","Ice Cream","StuffTheSpire:HeavyRock"],"acts_visited":["Exordium","TheCity","TheBeyond","TheEnding"],"potions_floor_usage":[33,50,50,55,55],"damage_taken":[{"damage":11.0,"enemies":"Jaw Worm","floor":1.0,"turns":3.0},{"damage":2.0,"enemies":"Small Slimes","floor":3.0,"turns":4.0},{"damage":6.0,"enemies":"Cultist","floor":4.0,"turns":3.0},{"damage":4.0,"enemies":"Blue Slaver","floor":5.0,"turns":5.0},{"damage":8.0,"enemies":"Lots of Slimes","floor":7.0,"turns":3.0},{"damage":39.0,"enemies":"Gremlin Nob","floor":8.0,"turns":5.0},{"damage":5.0,"enemies":"Exordium Wildlife","floor":9.0,"turns":13.0},{"damage":12.0,"enemies":"3 Sentries","floor":10.0,"turns":6.0},{"damage":14.0,"enemies":"Exordium Wildlife","floor":12.0,"turns":5.0},{"damage":0.0,"enemies":"2 Fungi Beasts","floor":14.0,"turns":3.0},{"damage":43.0,"enemies":"The Guardian","floor":16.0,"turns":12.0},{"damage":25.0,"enemies":"2 Thieves","floor":18.0,"turns":5.0},{"damage":12.0,"enemies":"Spheric Guardian","floor":20.0,"turns":6.0},{"damage":0.0,"enemies":"conspire:SneckoGhost","floor":23.0,"turns":7.0},{"damage":0.0,"enemies":"Snake Plant","floor":25.0,"turns":3.0},{"damage":1.0,"enemies":"conspire:Head Lice","floor":28.0,"turns":3.0},{"damage":0.0,"enemies":"Snecko","floor":29.0,"turns":3.0},{"damage":0.0,"enemies":"Chosen and Byrds","floor":31.0,"turns":2.0},{"damage":22,"enemies":"Collector","floor":33,"turns":6},{"damage":0,"enemies":"3 Shapes","floor":35,"turns":2},{"damage":0,"enemies":"Orb Walker","floor":37,"turns":2},{"damage":11,"enemies":"Writhing Mass","floor":39,"turns":3},{"damage":2,"enemies":"R_Hoarder","floor":41,"turns":7},{"damage":0,"enemies":"Giant Head","floor":44,"turns":6},{"damage":0,"enemies":"3 Darklings","floor":46,"turns":3},{"damage":0,"enemies":"Jaw Worm Horde","floor":47,"turns":3},{"damage":8,"enemies":"Maw","floor":48,"turns":5},{"damage":5,"enemies":"hubris:GrandSnecko","floor":50,"turns":6},{"damage":0,"enemies":"Shield and Spear","floor":54,"turns":4},{"damage":48,"enemies":"The Heart","floor":55,"turns":9}],"seed_played":"7135060672766955484","potions_obtained":[{"floor":3.0,"key":"EssenceOfSteel"},{"floor":5.0,"key":"champ:CounterPotion"},{"floor":10.0,"key":"AttackPotion"},{"floor":14.0,"key":"Block Potion"},{"floor":16.0,"key":"Elixir"},{"floor":20.0,"key":"DuplicationPotion"},{"floor":33,"key":"Strength Potion"},{"floor":44,"key":"Venom Potion"},{"floor":54,"key":"BloodPotion"}],"is_trial":false,"path_per_floor":["M","?","M","M","M","R","M","E","MIM","E","?","M","R","M","R","B",null,"M","?","M","AVR","?","E","R","M","T","R","E","M","?","M","R","B",null,"M","?","M","$","M","R","E","R","T","E","$","M","M","M","R","B",null,"R","$","E","B",null],"character_chosen":"IRONCLAD","items_purchased":["halation:AfternoonTea","StuffTheSpire:Mouthbags","CCEMRelics:Sandal","conspire:BottledYoYo","Lantern","CCEMRelics:GrindingGear","jedi:crownofsimplicity","Ice Cream","Replay:SS_forest_2+1"],"campfire_rested":2,"item_purchase_floors":[38,38,45,45,45,45,45,53,53],"current_hp_per_floor":[75,63,67,67,69,69,67,34,35,29,29,21,45,51,51,14,80,61,61,55,55,55,61,61,67,67,67,74,80,60,70,70,58,80,80,80,80,80,77,77,80,80,80,80,18,30,46,48,72,82,82,82,82,82,65],"gold":140,"neow_bonus":"UPGRADE_CARD","is_daily":false,"chose_seed":false,"campfire_upgraded":7,"win_rate":0.0,"timestamp":1610009175,"path_taken":["M","?","M","M","M","R","M","E","MIM","E","?","M","R","M","R","BOSS","M","?","?","AVR","?","E","R","M","T","R","E","M","?","M","R","BOSS","M","?","?","$","M","R","E","R","T","E","?","M","M","?","R","BOSS","R","$","E","BOSS"],"items_purchased_type":["Relic","Relic","Relic","Relic","Relic","Relic","Relic","Relic","Card"],"build_version":"2020-12-13","purchased_purges":2,"victory":true,"max_hp_per_floor":[80,80,80,80,80,80,80,80,80,80,80,80,80,80,80,80,80,80,80,80,80,80,80,80,80,80,80,80,80,80,80,80,80,80,80,80,80,80,80,80,80,80,80,80,80,82,82,82,82,82,82,82,82,82,82],"card_choices":[{"not_picked":["Power Through","Replay:Undeath\u0027s Touch"],"picked":"Shrug It Off","floor":1.0},{"not_picked":["Heavy Blade","Carnage"],"picked":"Whirlwind","floor":3.0},{"not_picked":["Clash","Cleave"],"picked":"Armaments","floor":4.0},{"not_picked":["Pommel Strike","StuffTheSpire:RockThrow","Entrench"],"picked":"SKIP","floor":5.0},{"not_picked":["Pommel Strike","Warcry","Searing Blow"],"picked":"SKIP","floor":7.0},{"not_picked":["Pommel Strike","Warcry","Searing Blow"],"picked":"SKIP","floor":7.0},{"not_picked":["Armaments","Evolve"],"picked":"Ghostly Armor","floor":8.0},{"not_picked":["StuffTheSpire:TitanForm","Abandon"],"picked":"Iron Wave","floor":9.0},{"not_picked":["conspire:ExplosiveBarrier","Power Through"],"picked":"ReplayTheSpireMod:Limb From Limb","floor":10.0},{"not_picked":["Anger","Pommel Strike","StuffTheSpire:Slingshot"],"picked":"SKIP","floor":12.0},{"not_picked":["Bloodletting","jedi:fear"],"picked":"Infernal Blade","floor":14.0},{"not_picked":["Immolate","jedi:unlimitedpower"],"picked":"conspire:HitWhereItHurts","floor":16.0},{"not_picked":["Pommel Strike"],"picked":"SKIP","floor":18.0},{"not_picked":[],"picked":"conspire:Charge+1","floor":20.0},{"not_picked":[],"picked":"Life Link+1","floor":23.0},{"not_picked":["hubris:CleavingFinish"],"picked":"SKIP","floor":25.0},{"not_picked":["StuffTheSpire:RagingBull"],"picked":"SKIP","floor":28.0},{"not_picked":["Run Through"],"picked":"SKIP","floor":29.0},{"not_picked":["infinitespire:Oblivion","infinitespire:SevenWalls"],"picked":"infinitespire:NeuralNetwork","floor":30.0},{"not_picked":["StuffTheSpire:RockThrow+1"],"picked":"SKIP","floor":31.0},{"not_picked":[],"picked":"Reaper","floor":33},{"not_picked":[],"picked":"Armaments+1","floor":35},{"not_picked":["Cleave+1"],"picked":"SKIP","floor":37},{"not_picked":["Ghostly Armor"],"picked":"SKIP","floor":39},{"not_picked":["Brutality"],"picked":"SKIP","floor":41},{"not_picked":["jedi:suffering+1"],"picked":"SKIP","floor":44},{"not_picked":["Warcry"],"picked":"SKIP","floor":46},{"not_picked":["Dropkick"],"picked":"SKIP","floor":47},{"not_picked":["Twin Strike"],"picked":"SKIP","floor":48},{"not_picked":["Cleave"],"picked":"SKIP","floor":54}],"player_experience":55416,"relics_obtained":[{"floor":8.0,"key":"Pet Ghost"},{"floor":9.0,"key":"Smiling Mask"},{"floor":10.0,"key":"jedi:heavyjacket"},{"floor":17.0,"key":"Grinning Jar"},{"floor":17.0,"key":"Paper Frog"},{"floor":17.0,"key":"StuffTheSpire:BottledHeartBeat"},{"floor":23.0,"key":"Bird Faced Urn"},{"floor":26.0,"key":"halation:KoshaPiece"},{"floor":28.0,"key":"Vajra"},{"floor":41,"key":"infinitespire:Satchel"},{"floor":44,"key":"Bottled Lightning"},{"floor":54,"key":"StuffTheSpire:HeavyRock"}],"event_choices":[{"damage_healed":0.0,"max_hp_gain":0.0,"max_hp_loss":0.0,"gold_gain":0.0,"event_name":"betterThird:BetterScrap","player_choice":"Relic ","floor":2.0,"gold_loss":0.0,"damage_taken":12.0,"cards_obtained":["jedi:acidrain"]},{"damage_healed":0.0,"max_hp_gain":0.0,"max_hp_loss":0.0,"gold_gain":0.0,"event_name":"betterThird:BetterSerpent","player_choice":"Ignored","floor":11.0,"gold_loss":0.0,"damage_taken":253.0},{"damage_healed":0.0,"max_hp_gain":0.0,"max_hp_loss":0.0,"gold_gain":0.0,"event_name":"The Library","player_choice":"Read","floor":19.0,"gold_loss":0.0,"damage_taken":0.0,"cards_obtained":["Crescendo"]},{"damage_healed":0.0,"max_hp_gain":0.0,"max_hp_loss":0.0,"gold_gain":0.0,"event_name":"The Mausoleum","player_choice":"Opened","floor":22.0,"gold_loss":0.0,"damage_taken":0.0,"relics_obtained":["Ornamental Fan"]},{"damage_healed":0,"gold_gain":0,"player_choice":"Bought 0 Potions","damage_taken":0,"max_hp_gain":0,"max_hp_loss":0,"event_name":"The Woman in Blue","floor":36,"gold_loss":0}],"is_beta":false,"boss_relics":[{"not_picked":["Tiny House","Runic Dome"],"picked":"Replay:Grab Bag"},{"not_picked":["aspiration:FutureDiary","Painkiller Herb"],"picked":"Mark of Pain"},{"not_picked":["hubris:RunicObelisk","halation:ForbiddenBikini"],"picked":"Busted Crown"},{"not_picked":["Black Blood","Empty Cage"],"picked":"Calling Bell"},{"not_picked":["CCEMRelics:TransientCore","Replay:Drink Me"],"picked":"aspiration:MobileForge"}],"items_purged_floors":[21,38],"is_endless":false,"potions_floor_spawned":[3,5,10,14,16,20,23,29,33,35,44,46,54],"ascension_level":1}}