{"host":"9l1knhxfturzliqa","time":1610004564,"event":{"mods":["BaseMod","Colored Map","Colored Powertips","DeckTracker","Highlight Path","Keyboard Shortcuts","Minty Spire (QoL Compilation)","Random Character Button"],"gold_per_floor":[110,125,300,313,4,4,4,4,4,4,4,29,68,94,106,220,232,261,283,309,338,366,378,410,457,523,535,563,575,575],"floor_reached":29,"playtime":2245,"items_purged":[],"score":374,"play_id":"9cbc4053-b9cf-4727-954a-3e03478814b8","local_time":"20210107162924","is_ascension_mode":true,"campfire_choices":[{"data":"Sadistic Nature","floor":6.0,"key":"SMITH"},{"data":"Neutralize","floor":8.0,"key":"SMITH"},{"data":"Poisoned Stab","floor":10.0,"key":"SMITH"},{"data":"Envenom","floor":15.0,"key":"SMITH"},{"data":"Night Terror","floor":23.0,"key":"SMITH"},{"floor":27.0,"key":"REST"}],"circlet_count":0,"master_deck":["AscendersBane","Survivor","Neutralize+1","Good Instincts","Backflip","Poisoned Stab+1","Bane","Sadistic Nature+1","Well Laid Plans","Envenom+1","Blur","Night Terror+1","Outmaneuver","Reflex","Distraction","Poisoned Stab","Quick Slash","Backflip","Glass Knife","Dagger Throw","Footwork","Burst","Crippling Poison","Acrobatics","Deadly Poison","Blade Dance"],"relics":["Ring of the Snake","Snake Skull","CaptainsWheel","MawBank","Letter Opener","Pandora\u0027s Box","Smiling Mask","Potion Belt"],"acts_visited":["Exordium","TheCity"],"potions_floor_usage":[],"damage_taken":[{"damage":0.0,"enemies":"Cultist","floor":1.0,"turns":4.0},{"damage":0.0,"enemies":"Small Slimes","floor":2.0,"turns":5.0},{"damage":0.0,"enemies":"2 Louse","floor":4.0,"turns":3.0},{"damage":0.0,"enemies":"Blue Slaver","floor":12.0,"turns":3.0},{"damage":15.0,"enemies":"Gremlin Nob","floor":13.0,"turns":5.0},{"damage":6.0,"enemies":"Lots of Slimes","floor":14.0,"turns":4.0},{"damage":11.0,"enemies":"Hexaghost","floor":16.0,"turns":6.0},{"damage":6.0,"enemies":"2 Thieves","floor":18.0,"turns":2.0},{"damage":7.0,"enemies":"Chosen","floor":19.0,"turns":4.0},{"damage":13.0,"enemies":"Snecko","floor":20.0,"turns":3.0},{"damage":8.0,"enemies":"Sentry and Sphere","floor":21.0,"turns":6.0},{"damage":6.0,"enemies":"Chosen and Byrds","floor":22.0,"turns":4.0},{"damage":0.0,"enemies":"Snecko","floor":24.0,"turns":5.0},{"damage":15.0,"enemies":"Gremlin Leader","floor":25.0,"turns":4.0},{"damage":19.0,"enemies":"Sentry and Sphere","floor":28.0,"turns":6.0},{"damage":7,"enemies":"Book of Stabbing","floor":29,"turns":2}],"seed_played":"-7042157570335865943","potions_obtained":[{"floor":2.0,"key":"GamblersBrew"},{"floor":14.0,"key":"Explosive Potion"},{"floor":16.0,"key":"LiquidMemories"},{"floor":21.0,"key":"CunningPotion"},{"floor":22.0,"key":"FearPotion"},{"floor":28.0,"key":"CultistPotion"}],"is_trial":false,"path_per_floor":["M","M","?","M","$","R","?","R","T","R","?","M","E","M","R","B",null,"M","M","M","M","M","R","M","E","T","R","M","E"],"character_chosen":"THE_SILENT","items_purchased":["Sadistic Nature","Snake Skull"],"campfire_rested":1,"item_purchase_floors":[5,5],"current_hp_per_floor":[63,63,63,63,63,63,63,63,63,63,60,60,45,39,39,28,60,54,47,34,26,20,20,20,5,5,26,7,0,0],"gold":575,"neow_bonus":"RANDOM_COLORLESS","is_daily":false,"chose_seed":false,"campfire_upgraded":5,"win_rate":0.0,"timestamp":1610004564,"path_taken":["M","M","?","M","$","R","?","R","T","R","?","M","E","M","R","BOSS","M","M","M","M","M","R","M","E","T","R","M","E"],"items_purchased_type":["Card","Relic"],"build_version":"2020-12-22","purchased_purges":0,"victory":false,"max_hp_per_floor":[70,70,70,70,70,70,70,70,70,70,70,70,70,70,70,70,70,70,70,70,70,70,70,70,70,70,70,70,70,70],"card_choices":[{"not_picked":["Deep Breath","Forethought"],"picked":"Good Instincts","floor":0.0},{"not_picked":["Prepared","Dash"],"picked":"Backflip","floor":1.0},{"not_picked":["Acrobatics","Quick Slash"],"picked":"Poisoned Stab","floor":2.0},{"not_picked":["Prepared","Backflip"],"picked":"Bane","floor":4.0},{"not_picked":["Concentrate","Expertise"],"picked":"Well Laid Plans","floor":12.0},{"not_picked":["Bane","Dagger Throw"],"picked":"Envenom","floor":13.0},{"not_picked":["Calculated Gamble","Quick Slash"],"picked":"Blur","floor":14.0},{"not_picked":["Malaise","Grand Finale"],"picked":"Night Terror","floor":16.0},{"not_picked":["Choke+1","Prepared"],"picked":"Crippling Poison","floor":18.0},{"not_picked":["Slice","Deflect"],"picked":"Acrobatics","floor":19.0},{"not_picked":["Acrobatics+1","Accuracy","Deflect"],"picked":"SKIP","floor":20.0},{"not_picked":["Predator","All Out Attack+1","Endless Agony"],"picked":"SKIP","floor":21.0},{"not_picked":["Dagger Spray","Prepared","Heel Hook+1"],"picked":"SKIP","floor":22.0},{"not_picked":["Masterful Stab","Caltrops","Dash"],"picked":"SKIP","floor":24.0},{"not_picked":["Leg Sweep","Doppelganger"],"picked":"Deadly Poison","floor":25.0},{"not_picked":["Bane","Backstab+1"],"picked":"Blade Dance","floor":28.0}],"player_experience":359467,"relics_obtained":[{"floor":9.0,"key":"CaptainsWheel"},{"floor":13.0,"key":"Letter Opener"},{"floor":25.0,"key":"Smiling Mask"},{"floor":26.0,"key":"Potion Belt"}],"event_choices":[{"damage_healed":0.0,"max_hp_gain":0.0,"max_hp_loss":0.0,"gold_gain":175.0,"event_name":"Liars Game","player_choice":"AGREE","floor":3.0,"gold_loss":0.0,"damage_taken":0.0,"cards_obtained":["Doubt"]},{"cards_removed":["Doubt"],"damage_healed":0.0,"max_hp_gain":0.0,"max_hp_loss":0.0,"gold_gain":0.0,"event_name":"Living Wall","player_choice":"Forget","floor":7.0,"gold_loss":0.0,"damage_taken":0.0},{"damage_healed":0.0,"max_hp_gain":0.0,"max_hp_loss":0.0,"gold_gain":0.0,"event_name":"Scrap Ooze","player_choice":"Success","floor":11.0,"gold_loss":0.0,"damage_taken":3.0,"relics_obtained":["MawBank"]}],"is_beta":false,"boss_relics":[{"not_picked":["SacredBark","Black Star"],"picked":"Pandora\u0027s Box"}],"items_purged_floors":[],"is_endless":false,"potions_floor_spawned":[2,14,16,21,22,28],"killed_by":"Book of Stabbing","ascension_level":10}}