{"host":"94aus4jnk6thj94q","time":1610025475,"event":{"mods":["BaseMod","Minty Spire (QoL Compilation)","Quick Restart","StSLib"],"gold_per_floor":[116,129,145,145,155,181,181,197,197,197,118,118,134,149,149,248,248,258,17,34,34,34],"floor_reached":21,"playtime":1390,"items_purged":[],"score":208,"play_id":"2c02ce92-41c7-4282-a558-632726ff8956","local_time":"20210107151755","is_ascension_mode":false,"campfire_choices":[{"floor":7,"key":"REST"},{"floor":10,"key":"RECALL"},{"data":"Chill","floor":12,"key":"SMITH"},{"data":"Sunder","floor":15,"key":"SMITH"}],"circlet_count":0,"master_deck":["Strike_B","Strike_B","Strike_B","Strike_B","Defend_B+1","Defend_B","Defend_B","Defend_B+1","Zap","Dualcast","Chill+1","Leap","Sunder+1","Coolheaded","Doom and Gloom","Capacitor","Redo","Ball Lightning","Ball Lightning","Conserve Battery"],"relics":["FrozenCore","War Paint","Du-Vu Doll","Mango","Bottled Flame"],"acts_visited":["Exordium","TheCity"],"potions_floor_usage":[6,6,6,16,16,16],"damage_taken":[{"damage":5,"enemies":"Small Slimes","floor":1,"turns":3},{"damage":0,"enemies":"Cultist","floor":2,"turns":3},{"damage":1,"enemies":"Jaw Worm","floor":3,"turns":2},{"damage":0,"enemies":"Large Slime","floor":5,"turns":5},{"damage":6,"enemies":"Lagavulin","floor":6,"turns":9},{"damage":0,"enemies":"3 Louse","floor":8,"turns":3},{"damage":8,"enemies":"Looter","floor":13,"turns":2},{"damage":0,"enemies":"Lots of Slimes","floor":14,"turns":3},{"damage":31,"enemies":"Hexaghost","floor":16,"turns":7},{"damage":7,"enemies":"Shell Parasite","floor":18,"turns":8},{"damage":4,"enemies":"Spheric Guardian","floor":20,"turns":4},{"damage":5,"enemies":"Centurion and Healer","floor":21,"turns":7}],"seed_played":"-5172425875482278156","potions_obtained":[{"floor":1,"key":"SpeedPotion"},{"floor":4,"key":"Fruit Juice"},{"floor":4,"key":"Weak Potion"},{"floor":6,"key":"EssenceOfDarkness"},{"floor":13,"key":"Swift Potion"},{"floor":14,"key":"DistilledChaos"},{"floor":16,"key":"SkillPotion"},{"floor":18,"key":"PotionOfCapacity"}],"is_trial":false,"path_per_floor":["M","M","M","?","M","E","R","M","T","R","$","R","M","M","R","B",null,"M","$","M","M"],"character_chosen":"DEFECT","items_purchased":["Capacitor","Bottled Flame"],"campfire_rested":1,"item_purchase_floors":[11,19],"current_hp_per_floor":[70,70,69,69,69,68,80,80,94,94,94,94,86,86,86,55,94,87,87,83,78,78],"gold":34,"neow_bonus":"RANDOM_COMMON_RELIC","is_daily":false,"chose_seed":false,"campfire_upgraded":2,"win_rate":0.0,"timestamp":1610025475,"path_taken":["M","M","M","?","M","E","R","M","T","R","?","R","M","M","R","BOSS","M","$","M","M"],"items_purchased_type":["Card","Relic"],"build_version":"2020-12-22","purchased_purges":0,"victory":false,"max_hp_per_floor":[75,75,75,75,75,80,80,80,94,94,94,94,94,94,94,94,94,94,94,94,94,94],"card_choices":[{"not_picked":["Hologram","Rebound"],"picked":"Chill","floor":1},{"not_picked":["Rebound","Steam"],"picked":"Leap","floor":2},{"not_picked":["Scrape","Turbo"],"picked":"Sunder","floor":3},{"not_picked":["Steam","Storm"],"picked":"Coolheaded","floor":5},{"not_picked":["Coolheaded","Hyperbeam","Storm"],"picked":"SKIP","floor":6},{"not_picked":["Rebound","Streamline"],"picked":"Doom and Gloom","floor":8},{"not_picked":["Undo","Hologram"],"picked":"Redo","floor":13},{"not_picked":["Barrage","Cold Snap"],"picked":"Ball Lightning","floor":14},{"not_picked":["Rebound","Barrage"],"picked":"Ball Lightning","floor":18},{"not_picked":["Chaos","Gash"],"picked":"Conserve Battery","floor":20}],"player_experience":5739802,"relics_obtained":[{"floor":6,"key":"Du-Vu Doll"},{"floor":9,"key":"Mango"}],"event_choices":[{"damage_healed":0,"gold_gain":0,"player_choice":"Got Potions","damage_taken":0,"max_hp_gain":0,"max_hp_loss":0,"event_name":"Lab","floor":4,"gold_loss":0}],"is_beta":false,"boss_relics":[{"not_picked":["Tiny House","Coffee Dripper"],"picked":"FrozenCore"}],"items_purged_floors":[],"is_endless":false,"potions_floor_spawned":[1,6,13,14,16,18],"killed_by":"Centurion and Healer","ascension_level":0}}