{"host":"aryhiqwk5b07l19u","time":1610026866,"event":{"mods":["Act Like it!","Arknights The Spire","BaseMod","Better Third Choice","Colored Powertips","Gensokyo","HololiveMod","Koishi","Marisa£®ÏF”Í°°ƒß¿Ì…≥£©","Minty Spire (QoL Compilation)","Quick Restart","Rare Cards Sparkle","Reimu£®≤©¿ˆ¡È√Œ£©","Relic Stats","Remilia£®¿Ÿ√◊¿Ú—«£©","Replay The Spire","StSLib","The Administrix","The Construct","The Servant 0.9.4","Yakumo Yukari mod","Youmu£®ªÍ∆«—˝√Œ£©","Yuyuko","noobMod"],"gold_per_floor":[18,33,44,62,75,75,100,113,113,138,149,1,1,14,14,131,131,359,385,394,421,443,443,552,589,589,613,613,613,5,38,38,158,158,178,203,237,263,51,51,90,111,111,111,111,111,120,148,148,148,148,148,73,108,108],"floor_reached":56,"playtime":4644,"items_purged":["Shame"],"score":1415,"play_id":"e6ef33ee-87a8-4bdf-94ac-6a829dd5d3ff","local_time":"20210107214106","is_ascension_mode":false,"campfire_choices":[{"data":"AdministrixMod:FaithfulFlames","floor":6,"key":"SMITH"},{"data":"AdministrixMod:Transcension","floor":13,"key":"SMITH"},{"floor":15,"key":"RECALL"},{"data":"AdministrixMod:TouchOfCinnabar","floor":23,"key":"SMITH"},{"data":"AdministrixMod:FiendishCrimson","floor":29,"key":"SMITH"},{"data":"Gensokyo:SlitMouthedWoman","floor":32,"key":"SMITH"},{"data":"AdministrixMod:Convergence","floor":40,"key":"SMITH"},{"data":"AdministrixMod:DreamsMausoleum","floor":44,"key":"SMITH"},{"data":"AdministrixMod:TrickOfTheLight","floor":49,"key":"SMITH"},{"data":"AdministrixMod:Katabasis","floor":52,"key":"SMITH"}],"circlet_count":0,"master_deck":["AdministrixMod:Strike_Administrix+1","AdministrixMod:Strike_Administrix","AdministrixMod:Strike_Administrix","AdministrixMod:Strike_Administrix","AdministrixMod:RedCloak","AdministrixMod:Defend_Administrix","AdministrixMod:Defend_Administrix","AdministrixMod:Defend_Administrix","AdministrixMod:Defend_Administrix","AdministrixMod:BlueCloak","AdministrixMod:Transcension+1","AdministrixMod:HarmonicReverence","AdministrixMod:Katabasis+1","AdministrixMod:DreamsMausoleum+1","AdministrixMod:Metempsychosis+1","AdministrixMod:CastOffRegrets","Pot Of Greed","Pot Of Greed","AdministrixMod:Wuji","AdministrixMod:ImmortalGrace","AdministrixMod:TouchOfCinnabar+1","AdministrixMod:NewbornDivinity+1","Pot Of Greed+1","AdministrixMod:Untouchable","AdministrixMod:XianArts+1","AdministrixMod:CastOffRegrets+1","AdministrixMod:NoblePath+1","AdministrixMod:FiendishCrimson+1","AdministrixMod:HopeInTheDark+1","AdministrixMod:ImmortalPurity","Pot Of Greed","Gensokyo:RPG","Gensokyo:LifeforceConverter","Gensokyo:SlitMouthedWoman+1","AdministrixMod:LightOfYourLife+1","AdministrixMod:TrickOfTheLight+1","AdministrixMod:FearOfDeath+1","AdministrixMod:DeathByGlamour+1","AdministrixMod:SipOfSparks+1","AdministrixMod:Convergence+1","AdministrixMod:CosmosControl+1","Pot Of Greed","AdministrixMod:CenturiesAscent+1","Decay","Gensokyo:TarnishedGold","AdministrixMod:Mastermind+1","AdministrixMod:NoblePath+1","Gensokyo:MedicineKit","AdministrixMod:Overdrive","AdministrixMod:JustRewards"],"relics":["AdministrixMod:ConductorRitualBaton","ice","Turnip","Golden Egg","Grinning Jar","CeramicFish","AdministrixMod:ElixirOfImmorality","Dead Branch","Durian","Unceasing Top","RuthlessExorcism:ReiMu","Bottled Flame","Gensokyo:ConquerorOfFear","ClockworkSouvenir","Centennial Puzzle","Honey Jar","Pantograph","ReplayTheSpireMod:CursedCoin","HandDrill","Pen Nib","Shuriken","Pocketwatch","Oddly Smooth Stone","ReplayTheSpireMod:Lightbulb"],"acts_visited":["Gensokyo:Gensokyo","Gensokyo:Gensokyoer","Gensokyo:Gensokyoest","TheEnding"],"potions_floor_usage":[8,10,24,25,41,50],"damage_taken":[{"damage":0,"enemies":"Gensokyo:2_Kodama","floor":1,"turns":4},{"damage":0,"enemies":"Gensokyo:3_Fairies","floor":2,"turns":4},{"damage":3,"enemies":"Gensokyo:Gryphon","floor":3,"turns":4},{"damage":14,"enemies":"Gensokyo:3_Kodama","floor":4,"turns":4},{"damage":16,"enemies":"Gensokyo:2_Rabbits","floor":5,"turns":6},{"damage":17,"enemies":"Gensokyo:Cirno","floor":7,"turns":7},{"damage":7,"enemies":"Gensokyo:Kitsune","floor":8,"turns":6},{"damage":24,"enemies":"Gensokyo:Aya","floor":10,"turns":8},{"damage":12,"enemies":"Gensokyo:3_Kodama","floor":11,"turns":7},{"damage":18,"enemies":"Gensokyo:Python_and_Kodama","floor":14,"turns":6},{"damage":28,"enemies":"Gensokyo:Yukari","floor":16,"turns":13},{"damage":1,"enemies":"Gensokyo:Chomper","floor":18,"turns":3},{"damage":2,"enemies":"Gensokyo:AngelMirror","floor":19,"turns":4},{"damage":26,"enemies":"Gensokyo:Slime_Group","floor":21,"turns":5},{"damage":14,"enemies":"Gensokyo:Monolith_and_Dog","floor":22,"turns":4},{"damage":32,"enemies":"Gensokyo:Monolith_and_Dog","floor":24,"turns":4},{"damage":9,"enemies":"Gensokyo:Tenshi","floor":25,"turns":2},{"damage":4,"enemies":"Gensokyo:Wraith","floor":27,"turns":5},{"damage":0,"enemies":"Gensokyo:Chomper_and_Gloop","floor":31,"turns":4},{"damage":14,"enemies":"Gensokyo:Eiki","floor":33,"turns":6},{"damage":0,"enemies":"Gensokyo:3_Boulders","floor":35,"turns":3},{"damage":0,"enemies":"Gensokyo:AncientGuardian","floor":36,"turns":5},{"damage":0,"enemies":"Gensokyo:Sharpion","floor":37,"turns":3},{"damage":10,"enemies":"Gensokyo:3_Boulders","floor":38,"turns":4},{"damage":0,"enemies":"Gensokyo:Doremy","floor":41,"turns":4},{"damage":0,"enemies":"Gensokyo:AtlasGolem","floor":42,"turns":2},{"damage":1,"enemies":"Gensokyo:SeedOfUnknown","floor":48,"turns":2},{"damage":0,"enemies":"Gensokyo:Shinki","floor":50,"turns":3},{"damage":18,"enemies":"Shield and Spear","floor":54,"turns":3},{"damage":9,"enemies":"The Heart","floor":55,"turns":5}],"seed_played":"972567803279834433","potions_obtained":[{"floor":2,"key":"FearPotion"},{"floor":5,"key":"FearPotion"},{"floor":14,"key":"Swift Potion"},{"floor":16,"key":"FairyPotion"},{"floor":22,"key":"Doom Potion"},{"floor":24,"key":"Fire Potion"},{"floor":27,"key":"Toxic Potion"},{"floor":31,"key":"LiquidMemories"},{"floor":38,"key":"Explosive Potion"},{"floor":41,"key":"GamblersBrew"}],"is_trial":false,"path_per_floor":["M","M","M","M","M","R","E","M","T","E","M","COS","R","M","R","B",null,"M","M","?","M","M","R","?","E","T","M","?","R","COS","M","R","B",null,"M","M","M","M","COS","R","E","M","T","R","?","?","?","M","R","B",null,"R","$","E","B",null],"character_chosen":"TheAdministrix","items_purchased":[],"campfire_rested":0,"item_purchase_floors":[],"current_hp_per_floor":[65,65,62,48,32,32,15,65,65,41,29,29,29,11,11,66,104,103,101,101,75,61,61,34,25,25,25,25,25,25,25,25,18,144,144,144,144,141,141,141,141,141,141,141,77,53,53,52,52,77,162,162,162,144,213],"gold":108,"neow_bonus":"ONE_RARE_RELIC","is_daily":false,"chose_seed":false,"campfire_upgraded":9,"win_rate":0.0,"timestamp":1610026866,"path_taken":["M","M","M","M","?","R","E","M","T","E","M","COS","R","M","R","BOSS","M","M","?","?","M","R","?","E","T","M","?","R","COS","?","R","BOSS","M","M","M","M","COS","R","E","M","T","R","?","?","?","M","R","BOSS","R","$","E","BOSS"],"items_purchased_type":[],"build_version":"2020-12-22","purchased_purges":1,"victory":true,"max_hp_per_floor":[65,65,65,65,65,65,65,65,65,73,83,83,83,94,94,104,104,104,107,107,111,119,119,127,130,130,138,138,138,138,140,140,144,144,146,149,152,159,159,159,162,162,162,162,162,162,162,162,162,162,162,162,162,165,237],"relic_stats":{"Centennial Puzzle":[12],"counters":[30,140],"Shuriken":[14],"CeramicFish":333,"Dead Branch":[142],"Pantograph":46,"Turnip":[251],"Pen Nib":[6],"HandDrill":[2],"obtain_stats":[{"Golden Egg":7,"CeramicFish":16,"AdministrixMod:ElixirOfImmorality":17,"Gensokyo:UndefinedDarkness":28,"AdministrixMod:ConductorRitualBaton":0,"ice":0,"ClockworkSouvenir":30,"Centennial Puzzle":33,"Pantograph":37,"Honey Jar":34,"HandDrill":39,"ReplayTheSpireMod:CursedCoin":39,"Dead Branch":19,"Oddly Smooth Stone":48,"Pen Nib":41,"Gensokyo:ConquerorOfFear":31,"Bottled Flame":26,"Shuriken":43,"Turnip":0,"Durian":24,"Grinning Jar":10,"ReplayTheSpireMod:Lightbulb":54,"Unceasing Top":24,"RuthlessExorcism:ReiMu":25,"Pocketwatch":45},{"Golden Egg":6,"CeramicFish":11,"AdministrixMod:ElixirOfImmorality":11,"Gensokyo:UndefinedDarkness":18,"AdministrixMod:ConductorRitualBaton":0,"ice":0,"ClockworkSouvenir":18,"Centennial Puzzle":20,"Pantograph":23,"Honey Jar":20,"HandDrill":24,"ReplayTheSpireMod:CursedCoin":24,"Dead Branch":13,"Oddly Smooth Stone":27,"Pen Nib":25,"Gensokyo:ConquerorOfFear":19,"Bottled Flame":17,"Shuriken":26,"Turnip":0,"Durian":16,"Grinning Jar":8,"ReplayTheSpireMod:Lightbulb":29,"Unceasing Top":16,"RuthlessExorcism:ReiMu":17,"Pocketwatch":26},{"Golden Egg":29,"CeramicFish":57,"AdministrixMod:ElixirOfImmorality":69,"Gensokyo:UndefinedDarkness":96,"AdministrixMod:ConductorRitualBaton":0,"ice":0,"ClockworkSouvenir":96,"Centennial Puzzle":103,"Pantograph":115,"Honey Jar":106,"HandDrill":121,"ReplayTheSpireMod:CursedCoin":121,"Dead Branch":75,"Oddly Smooth Stone":128,"Pen Nib":125,"Gensokyo:ConquerorOfFear":100,"Bottled Flame":91,"Shuriken":127,"Turnip":0,"Durian":89,"Grinning Jar":43,"ReplayTheSpireMod:Lightbulb":135,"Unceasing Top":89,"RuthlessExorcism:ReiMu":91,"Pocketwatch":127}],"Unceasing Top":[36],"Pocketwatch":[0]},"card_choices":[{"not_picked":["AdministrixMod:DiversionaryTactic","AdministrixMod:ShadowPlay"],"picked":"AdministrixMod:Transcension","floor":1},{"not_picked":["AdministrixMod:ImmortalPurity","AdministrixMod:LightOfYourLife"],"picked":"AdministrixMod:HarmonicReverence","floor":2},{"not_picked":["AdministrixMod:ShadowPlay","AdministrixMod:Transcension"],"picked":"AdministrixMod:Katabasis","floor":3},{"not_picked":["AdministrixMod:TrickOfTheLight","AdministrixMod:ImmortalGrace"],"picked":"AdministrixMod:FaithfulFlames","floor":4},{"not_picked":["AdministrixMod:TrickOfTheLight","AdministrixMod:DiversionaryTactic"],"picked":"AdministrixMod:DreamsMausoleum","floor":5},{"not_picked":["AdministrixMod:ShadowPlay","AdministrixMod:SyncreticPlunge"],"picked":"AdministrixMod:Metempsychosis","floor":7},{"not_picked":["AdministrixMod:SipOfSparks","AdministrixMod:TouchOfCinnabar"],"picked":"AdministrixMod:CastOffRegrets","floor":8},{"not_picked":["AdministrixMod:BishamonBlessing","AdministrixMod:PlateOfAntiquity"],"picked":"AdministrixMod:Wuji","floor":10},{"not_picked":["AdministrixMod:FaithfulFlames","AdministrixMod:XianArts"],"picked":"AdministrixMod:ImmortalGrace","floor":11},{"not_picked":["AdministrixMod:PassageOfAges","AdministrixMod:SealAway"],"picked":"AdministrixMod:TouchOfCinnabar","floor":14},{"not_picked":["AdministrixMod:Schism","AdministrixMod:FalseDeath"],"picked":"AdministrixMod:NewbornDivinity","floor":16},{"not_picked":["AdministrixMod:SipOfSparks+1","AdministrixMod:RebukeDesires"],"picked":"AdministrixMod:Untouchable","floor":18},{"not_picked":["AdministrixMod:Wuji+1","AdministrixMod:TouchOfCinnabar"],"picked":"AdministrixMod:XianArts+1","floor":19},{"not_picked":["AdministrixMod:DiversionaryTactic+1","AdministrixMod:SyncreticPlunge+1"],"picked":"AdministrixMod:CastOffRegrets+1","floor":21},{"not_picked":["AdministrixMod:ImmortalPurity+1","AdministrixMod:ExtolVirtue+1"],"picked":"AdministrixMod:NoblePath+1","floor":22},{"not_picked":["AdministrixMod:NewbornDivinity","AdministrixMod:NoblePath"],"picked":"AdministrixMod:FiendishCrimson","floor":24},{"not_picked":["AdministrixMod:CenturiesAscent","AdministrixMod:ExtolVirtue"],"picked":"AdministrixMod:HopeInTheDark","floor":25},{"not_picked":["AdministrixMod:SipOfSparks","AdministrixMod:CenturiesAscent"],"picked":"AdministrixMod:ImmortalPurity","floor":27},{"not_picked":["AdministrixMod:ShadowPlay+1","AdministrixMod:TouchOfCinnabar+1"],"picked":"AdministrixMod:LightOfYourLife+1","floor":31},{"not_picked":["AdministrixMod:NewbornDivinity","AdministrixMod:NewWardrobe"],"picked":"AdministrixMod:TrickOfTheLight","floor":31},{"not_picked":["AdministrixMod:TenDesires","AdministrixMod:BattleforgedBonds"],"picked":"AdministrixMod:FearOfDeath","floor":33},{"not_picked":["AdministrixMod:TenDesires","AdministrixMod:FearOfDeath"],"picked":"AdministrixMod:DeathByGlamour","floor":33},{"not_picked":["AdministrixMod:ShadowPlay","AdministrixMod:PassageOfAges","AdministrixMod:XianArts"],"picked":"AdministrixMod:SipOfSparks+1","floor":35},{"not_picked":["AdministrixMod:TouchOfCinnabar","AdministrixMod:SipOfSparks+1","AdministrixMod:FuneraryRites+1"],"picked":"AdministrixMod:Convergence","floor":36},{"not_picked":["AdministrixMod:HarmonicReverence","AdministrixMod:RebukeDesires","AdministrixMod:SeventeenArticleLaser"],"picked":"AdministrixMod:CosmosControl","floor":37},{"not_picked":["AdministrixMod:FuneraryRites","AdministrixMod:PlateOfAntiquity+1","AdministrixMod:Untouchable+1"],"picked":"AdministrixMod:CenturiesAscent+1","floor":38},{"not_picked":["AdministrixMod:ImmortalGrace+1","AdministrixMod:SealAway+1","AdministrixMod:LifeforceNet"],"picked":"AdministrixMod:Mastermind","floor":41},{"not_picked":["AdministrixMod:Convergence+1","AdministrixMod:FuneraryRites+1","AdministrixMod:Overdrive"],"picked":"AdministrixMod:NoblePath+1","floor":42},{"not_picked":["AdministrixMod:GuanyinBlessing+1","AdministrixMod:PlateOfAntiquity","AdministrixMod:HiddenPower"],"picked":"AdministrixMod:Overdrive","floor":48},{"not_picked":["AdministrixMod:SyncreticSurge","AdministrixMod:NoblePath","AdministrixMod:SipOfSparks"],"picked":"AdministrixMod:JustRewards","floor":54}],"player_experience":724533,"relics_obtained":[{"floor":7,"key":"Golden Egg"},{"floor":10,"key":"Grinning Jar"},{"floor":24,"key":"Durian"},{"floor":24,"key":"Unceasing Top"},{"floor":25,"key":"RuthlessExorcism:ReiMu"},{"floor":26,"key":"Bottled Flame"},{"floor":31,"key":"Gensokyo:ConquerorOfFear"},{"floor":41,"key":"Pen Nib"},{"floor":43,"key":"Shuriken"},{"floor":54,"key":"ReplayTheSpireMod:Lightbulb"}],"event_choices":[],"is_beta":false,"boss_relics":[{"not_picked":["Busted Crown","ChewingGum"],"picked":"AdministrixMod:ElixirOfImmorality"},{"not_picked":["Replay:Bronze Core","SacredBark"],"picked":"Honey Jar"}],"items_purged_floors":[53],"is_endless":false,"potions_floor_spawned":[2,5,14,16,22,24,27,31,38,41],"ascension_level":0}}