{"host":"sav7uxregyirlf69","time":1610027757,"event":{"mods":["AchievementEnabler","BaseMod","Colored Map","DeckTracker","Keyboard Shortcuts","Minty Spire (QoL Compilation)","READ ME - Guardian Mod","StSLib","SuperFastMode"],"gold_per_floor":[110,110,123,123,123,155,155,167,217,236,260,260,260,276,276,353,353,364,364,364,193,208,208,224,224,224,224,224,224],"floor_reached":28,"playtime":340,"items_purged":["Strike_B"],"score":482,"play_id":"da5d2111-52dd-4eb0-9e0a-7cc1eccfb83f","local_time":"20210107225557","is_ascension_mode":true,"campfire_choices":[{"data":"Chaos","floor":7.0,"key":"SMITH"},{"data":"Dualcast","floor":12.0,"key":"SMITH"},{"data":"Defragment","floor":15.0,"key":"SMITH"},{"data":"Coolheaded","floor":23.0,"key":"SMITH"},{"floor":27,"key":"REST"}],"circlet_count":0,"master_deck":["AscendersBane","Defend_B","Defend_B","Defend_B","Zap","Dualcast+1","Lockon","Chaos+1","Streamline","Compile Driver","Coolheaded+1","Redo","Defragment+1","Core Surge","Defragment","Hologram","BootSequence","Defragment"],"relics":["Cracked Core","NeowsBlessing","Happy Flower","Strawberry","Juzu Bracelet","Empty Cage","StoneCalendar","FossilizedHelix"],"acts_visited":["Exordium","TheCity"],"potions_floor_usage":[24],"damage_taken":[{"damage":0.0,"enemies":"Small Slimes","floor":1.0,"turns":1.0},{"damage":0.0,"enemies":"Jaw Worm","floor":3.0,"turns":1.0},{"damage":0.0,"enemies":"Lagavulin","floor":6.0,"turns":1.0},{"damage":2.0,"enemies":"2 Louse","floor":8.0,"turns":3.0},{"damage":12.0,"enemies":"Blue Slaver","floor":10.0,"turns":4.0},{"damage":7.0,"enemies":"Red Slaver","floor":14.0,"turns":3.0},{"damage":43.0,"enemies":"Hexaghost","floor":16.0,"turns":8.0},{"damage":23.0,"enemies":"Shell Parasite","floor":18.0,"turns":5.0},{"damage":8.0,"enemies":"Spheric Guardian","floor":22.0,"turns":3.0},{"damage":17,"enemies":"Cultist and Chosen","floor":24,"turns":7},{"damage":41,"enemies":"Book of Stabbing","floor":28,"turns":4}],"seed_played":"-201172555982172130","potions_obtained":[{"floor":1.0,"key":"BlessingOfTheForge"},{"floor":8.0,"key":"LiquidMemories"},{"floor":18.0,"key":"Ancient Potion"},{"floor":25,"key":"Strength Potion"},{"floor":25,"key":"FocusPotion"}],"is_trial":false,"path_per_floor":["M","?","M","?","?","E","R","M","T","M","T","R","?","M","R","B",null,"M","T","?","$","M","R","M","?","T","R","E"],"character_chosen":"DEFECT","items_purchased":["Defragment","Hologram"],"campfire_rested":1,"item_purchase_floors":[21,21],"current_hp_per_floor":[64,64,64,69,69,69,69,67,74,62,62,62,62,55,55,12,65,42,42,42,42,34,34,17,17,17,41,0,0],"gold":224,"neow_bonus":"THREE_ENEMY_KILL","is_daily":false,"chose_seed":false,"campfire_upgraded":4,"win_rate":0.0,"timestamp":1610027757,"path_taken":["M","?","M","?","?","E","R","M","T","M","?","R","?","M","R","BOSS","M","?","?","$","M","R","M","?","T","R","E"],"items_purchased_type":["Card","Card"],"build_version":"2020-12-22","purchased_purges":1,"victory":false,"max_hp_per_floor":[71,71,71,76,76,76,76,76,83,83,83,83,83,83,83,83,83,83,83,83,83,83,83,83,83,83,83,83,83],"card_choices":[{"not_picked":["Beam Cell","Turbo"],"picked":"Lockon","floor":1.0},{"not_picked":["Heatsinks","Go for the Eyes"],"picked":"Streamline","floor":3.0},{"not_picked":["Chaos","Tempest"],"picked":"Compile Driver","floor":6.0},{"not_picked":["Rebound","Compile Driver","Steam"],"picked":"SKIP","floor":8.0},{"not_picked":["Redo","Compile Driver"],"picked":"Coolheaded","floor":10.0},{"not_picked":["Static Discharge","Hologram"],"picked":"Defragment","floor":14.0},{"not_picked":["Rainbow","Creative AI"],"picked":"Core Surge","floor":16.0},{"not_picked":["Leap","Reprogram","Force Field+1"],"picked":"SKIP","floor":18.0},{"not_picked":["Reprogram","Rebound"],"picked":"BootSequence","floor":22.0},{"not_picked":["Defragment","Sweeping Beam","Coolheaded"],"picked":"SKIP","floor":24},{"not_picked":["Sweeping Beam","Coolheaded"],"picked":"Defragment","floor":24}],"player_experience":1183328,"relics_obtained":[{"floor":6.0,"key":"Happy Flower"},{"floor":9.0,"key":"Strawberry"},{"floor":11.0,"key":"Juzu Bracelet"},{"floor":19.0,"key":"StoneCalendar"},{"floor":26,"key":"FossilizedHelix"}],"event_choices":[{"damage_healed":0.0,"max_hp_gain":0.0,"max_hp_loss":0.0,"gold_gain":0.0,"cards_transformed":["Strike_B"],"event_name":"Living Wall","player_choice":"Change","floor":2.0,"gold_loss":0.0,"damage_taken":0.0,"cards_obtained":["Chaos"]},{"damage_healed":0.0,"max_hp_gain":5.0,"max_hp_loss":0.0,"gold_gain":0.0,"event_name":"Big Fish","player_choice":"Donut","floor":4.0,"gold_loss":0.0,"damage_taken":0.0},{"damage_healed":0.0,"max_hp_gain":0.0,"max_hp_loss":0.0,"gold_gain":0.0,"event_name":"Liars Game","player_choice":"Ignored","floor":5.0,"gold_loss":0.0,"damage_taken":0.0},{"damage_healed":0.0,"max_hp_gain":0.0,"max_hp_loss":0.0,"gold_gain":0.0,"cards_transformed":["Strike_B"],"event_name":"Transmorgrifier","player_choice":"Transformed","floor":13.0,"gold_loss":0.0,"damage_taken":0.0,"cards_obtained":["Redo"]},{"damage_healed":0.0,"max_hp_gain":0.0,"max_hp_loss":0.0,"gold_gain":0.0,"event_name":"Vampires","player_choice":"Ignored","floor":20.0,"gold_loss":0.0,"damage_taken":0.0},{"damage_healed":0,"gold_gain":0,"player_choice":"Got Potions","damage_taken":0,"max_hp_gain":0,"max_hp_loss":0,"event_name":"Lab","floor":25,"gold_loss":0}],"is_beta":false,"boss_relics":[{"not_picked":["Black Star","Pandora\u0027s Box"],"picked":"Empty Cage"}],"items_purged_floors":[21],"is_endless":false,"potions_floor_spawned":[1,8,10,18],"killed_by":"Book of Stabbing","ascension_level":20}}