{"host":"raaimkojny05jekw","time":1610004175,"event":{"mods":["AchievementEnabler","BaseMod","Colored Map","Colored Powertips","DeckTracker","Minty Spire (QoL Compilation)","Quick Restart","Rare Cards Sparkle","everything is the same but u backflip on backflip"],"gold_per_floor":[117,42,42,42,61,61,124,124,206,226,55,84,102,115,115,189,189,202,202,219,269,319,319,369,382,382,347,347,128,144,206,206,206,206],"floor_reached":33,"playtime":1047,"items_purged":["Strike_G"],"score":544,"play_id":"7e4e5341-270b-4b28-b568-1697add01716","local_time":"20210107162255","is_ascension_mode":true,"campfire_choices":[{"data":"Crippling Poison","floor":6,"key":"SMITH"},{"data":"Catalyst","floor":8,"key":"SMITH"},{"data":"Leg Sweep","floor":15,"key":"SMITH"},{"data":"Neutralize","floor":23,"key":"SMITH"},{"floor":28,"key":"REST"},{"floor":32,"key":"REST"}],"circlet_count":0,"master_deck":["AscendersBane","Defend_G+1","Defend_G+1","Defend_G+1","Defend_G+1","Defend_G+1","Survivor","Neutralize+1","Blade Dance","Crippling Poison+1","Deadly Poison","Catalyst+1","Dagger Spray","Leg Sweep+1","Flying Knee","Escape Plan","After Image","Predator+1","Adrenaline+1","Storm of Steel+1","Outmaneuver+1","Setup+1","Deadly Poison","Noxious Fumes","Burst","Backflip"],"relics":["Ring of the Snake","SsserpentHead","Mercury Hourglass","TwistedFunnel","Akabeko","Astrolabe","Enchiridion","Darkstone Periapt","Nunchaku"],"acts_visited":["Exordium","TheCity"],"potions_floor_usage":[12,16,16,25,33],"damage_taken":[{"damage":4,"enemies":"2 Louse","floor":1,"turns":2},{"damage":0,"enemies":"Jaw Worm","floor":5,"turns":4},{"damage":0,"enemies":"Cultist","floor":7,"turns":4},{"damage":3,"enemies":"Looter","floor":10,"turns":3},{"damage":24,"enemies":"3 Sentries","floor":12,"turns":5},{"damage":0,"enemies":"2 Fungi Beasts","floor":13,"turns":1},{"damage":1,"enemies":"Exordium Wildlife","floor":14,"turns":2},{"damage":14,"enemies":"Slime Boss","floor":16,"turns":8},{"damage":0,"enemies":"3 Byrds","floor":18,"turns":3},{"damage":2,"enemies":"2 Thieves","floor":20,"turns":2},{"damage":9,"enemies":"Sentry and Sphere","floor":25,"turns":4},{"damage":0,"enemies":"Snake Plant","floor":30,"turns":2},{"damage":16,"enemies":"Shelled Parasite and Fungi","floor":31,"turns":4},{"damage":47,"enemies":"Champ","floor":33,"turns":7}],"seed_played":"6630158979703688151","potions_obtained":[{"floor":1,"key":"Block Potion"},{"floor":5,"key":"PowerPotion"},{"floor":13,"key":"SpeedPotion"},{"floor":14,"key":"ColorlessPotion"},{"floor":20,"key":"CunningPotion"},{"floor":31,"key":"SneckoOil"}],"is_trial":false,"path_per_floor":["M","$","?","?","M","R","M","R","T","M","$","E","M","M","R","B",null,"M","$","M","?","?","R","?","M","T","?","R","$","M","M","R","B"],"character_chosen":"THE_SILENT","items_purchased":["TwistedFunnel","Noxious Fumes","Burst","Backflip"],"campfire_rested":2,"item_purchase_floors":[11,29,29,29],"current_hp_per_floor":[55,55,48,48,48,48,48,48,48,45,45,21,21,20,20,6,51,51,51,49,28,28,28,28,19,19,19,38,38,38,22,41,0,0],"gold":206,"neow_bonus":"THREE_CARDS","is_daily":false,"chose_seed":false,"campfire_upgraded":4,"win_rate":0.0,"timestamp":1610004175,"path_taken":["M","$","?","?","M","R","?","R","T","M","$","E","M","M","R","BOSS","M","$","M","?","?","R","?","M","T","?","R","$","M","?","R","BOSS"],"items_purchased_type":["Relic","Card","Card","Card"],"build_version":"2020-12-22","purchased_purges":1,"victory":false,"max_hp_per_floor":[66,66,66,66,66,66,66,66,66,66,66,66,66,66,66,66,66,66,66,66,66,66,66,66,66,66,66,66,66,66,66,66,66,66],"card_choices":[{"not_picked":["Setup","Tactician"],"picked":"Blade Dance","floor":0},{"not_picked":["Reflex","Distraction"],"picked":"Crippling Poison","floor":1},{"not_picked":["Dagger Spray","Backflip"],"picked":"Deadly Poison","floor":5},{"not_picked":["Prepared","Blade Dance"],"picked":"Catalyst","floor":7},{"not_picked":["Heel Hook","Tactician","Dagger Spray"],"picked":"SKIP","floor":10},{"not_picked":["Heel Hook","Tactician"],"picked":"Dagger Spray","floor":10},{"not_picked":["Flechettes","Skewer"],"picked":"Leg Sweep","floor":12},{"not_picked":["Quick Slash","Slice"],"picked":"Flying Knee","floor":13},{"not_picked":["Riddle With Holes","Dodge and Roll"],"picked":"Escape Plan","floor":14},{"not_picked":["Storm of Steel","Die Die Die"],"picked":"After Image","floor":16},{"not_picked":["Blade Dance+1","Quick Slash"],"picked":"Outmaneuver+1","floor":18},{"not_picked":["Escape Plan","All Out Attack"],"picked":"Setup+1","floor":20},{"not_picked":["Dagger Throw","Quick Slash"],"picked":"Deadly Poison","floor":25},{"not_picked":["Terror","Slice","Tactician"],"picked":"SKIP","floor":30},{"not_picked":["Dagger Spray","Dodge and Roll","Accuracy"],"picked":"SKIP","floor":31}],"player_experience":729385,"relics_obtained":[{"floor":9,"key":"Mercury Hourglass"},{"floor":12,"key":"Akabeko"},{"floor":21,"key":"Enchiridion"},{"floor":26,"key":"Darkstone Periapt"}],"event_choices":[{"cards_removed":["Strike_G"],"damage_healed":0,"gold_gain":0,"player_choice":"Card Removal","damage_taken":7,"max_hp_gain":0,"max_hp_loss":0,"event_name":"Golden Wing","floor":3,"gold_loss":0},{"damage_healed":0,"gold_gain":0,"player_choice":"Trade","damage_taken":0,"relics_obtained":["SsserpentHead"],"max_hp_gain":0,"max_hp_loss":0,"event_name":"FaceTrader","floor":4,"gold_loss":0},{"damage_healed":0,"gold_gain":0,"player_choice":"Obtained Book","damage_taken":21,"max_hp_gain":0,"max_hp_loss":0,"event_name":"Cursed Tome","floor":21,"gold_loss":0},{"damage_healed":0,"gold_gain":0,"player_choice":"Ignored","damage_taken":0,"max_hp_gain":0,"max_hp_loss":0,"event_name":"Vampires","floor":22,"gold_loss":0},{"damage_healed":0,"gold_gain":0,"player_choice":"Simplicity","damage_taken":0,"max_hp_gain":0,"max_hp_loss":0,"event_name":"Back to Basics","floor":24,"gold_loss":0,"cards_upgraded":["Defend_G","Defend_G","Defend_G","Defend_G","Defend_G"]},{"damage_healed":0,"gold_gain":0,"player_choice":"Obtained Relic","damage_taken":0,"relics_obtained":["Nunchaku"],"max_hp_gain":0,"max_hp_loss":0,"event_name":"Addict","floor":27,"gold_loss":85}],"is_beta":false,"boss_relics":[{"not_picked":["SlaversCollar","Empty Cage"],"picked":"Astrolabe"}],"items_purged_floors":[2],"is_endless":false,"potions_floor_spawned":[1,5,13,14,20,31],"killed_by":"Champ","ascension_level":20}}