{"host":"6ld56ls1xbe0aj21","time":1610017866,"event":{"mods":["AchievementEnabler","BaseMod","Colored Powertips","Minty Spire (QoL Compilation)","Quick Restart","Rare Cards Sparkle","StSLib","SuperFastMode","everything is the same but u backflip on backflip","slay the spire mod where everything is the same but ironclad has a cowboy hat"],"gold_per_floor":[110,110,110,35,35,60,60,60,139,139,165,180,215,228,228,333,333,350,350,350,363,363,396,396,407,407,507,507,507,606,619,619,724,724,737,737,737,750,199,199,225,225,274,274,307,110,142,142,142,142,142,142,65,100,100],"floor_reached":56,"playtime":2264,"items_purged":["Strike_R","Heavy Blade"],"score":2100,"play_id":"24ac6bd3-b3e7-4ec8-9a85-5d6231d4fcd4","local_time":"20210107221106","is_ascension_mode":true,"campfire_choices":[{"data":"Bash","floor":7.0,"key":"SMITH"},{"data":"Twin Strike","floor":10.0,"key":"SMITH"},{"data":"Hemokinesis","floor":15.0,"key":"SMITH"},{"data":"Corruption","floor":29.0,"key":"SMITH"},{"data":"Barricade","floor":32.0,"key":"SMITH"},{"floor":40.0,"key":"RECALL"},{"data":"Body Slam","floor":42.0,"key":"SMITH"},{"data":"Power Through","floor":44.0,"key":"SMITH"},{"floor":49,"key":"REST"},{"data":"Sword Boomerang","floor":52,"key":"SMITH"}],"circlet_count":0,"master_deck":["AscendersBane","Bash+1","Twin Strike+1","Power Through+1","Hemokinesis+1","Shockwave+1","Second Wind+1","Warcry+1","Impervious+1","True Grit+1","Corruption+1","Evolve","True Grit+1","Sword Boomerang+1","Battle Trance+1","Reckless Charge","Sentinel+1","Seeing Red+1","Barricade+1","Reaper","Dual Wield+1","Body Slam+1","Spot Weakness+1","Fire Breathing+1","Feel No Pain","Offering+1"],"relics":["Burning Blood","NeowsBlessing","Juzu Bracelet","WarpedTongs","Meat on the Bone","Matryoshka","Tiny Chest","Toxic Egg 2","CaptainsWheel","FossilizedHelix","Pandora\u0027s Box","Enchiridion","Boot","Mercury Hourglass","Bottled Tornado","Ornamental Fan","Ginger","Blue Candle","Velvet Choker","PreservedInsect","Potion Belt","Toolbox","Blood Vial","Omamori","Mango","War Paint","White Beast Statue"],"acts_visited":["Exordium","TheCity","TheBeyond","TheEnding"],"potions_floor_usage":[55,55],"damage_taken":[{"damage":0.0,"enemies":"Small Slimes","floor":1.0,"turns":2.0},{"damage":0.0,"enemies":"Lagavulin","floor":6.0,"turns":1.0},{"damage":0.0,"enemies":"Gremlin Nob","floor":11.0,"turns":1.0},{"damage":2.0,"enemies":"2 Louse","floor":12.0,"turns":2.0},{"damage":27.0,"enemies":"3 Sentries","floor":13.0,"turns":6.0},{"damage":0.0,"enemies":"Cultist","floor":14.0,"turns":2.0},{"damage":29.0,"enemies":"The Guardian","floor":16.0,"turns":11.0},{"damage":1.0,"enemies":"2 Thieves","floor":18.0,"turns":4.0},{"damage":6.0,"enemies":"3 Byrds","floor":21.0,"turns":4.0},{"damage":22.0,"enemies":"Book of Stabbing","floor":23.0,"turns":5.0},{"damage":12.0,"enemies":"Centurion and Healer","floor":25.0,"turns":4.0},{"damage":2.0,"enemies":"Colosseum Slavers","floor":27.0,"turns":5.0},{"damage":3.0,"enemies":"Colosseum Nobs","floor":27.0,"turns":3.0},{"damage":7.0,"enemies":"Shelled Parasite and Fungi","floor":31.0,"turns":4.0},{"damage":2.0,"enemies":"Collector","floor":33.0,"turns":7.0},{"damage":0.0,"enemies":"Orb Walker","floor":35.0,"turns":4.0},{"damage":0.0,"enemies":"3 Shapes","floor":38.0,"turns":3.0},{"damage":4.0,"enemies":"Nemesis","floor":41.0,"turns":3.0},{"damage":30.0,"enemies":"Giant Head","floor":45.0,"turns":7.0},{"damage":0,"enemies":"Nemesis","floor":47,"turns":3},{"damage":26,"enemies":"Donu and Deca","floor":50,"turns":6},{"damage":23,"enemies":"Shield and Spear","floor":54,"turns":4},{"damage":62,"enemies":"The Heart","floor":55,"turns":9}],"seed_played":"2732118370188514573","potions_obtained":[{"floor":3.0,"key":"GamblersBrew"},{"floor":3.0,"key":"ElixirPotion"},{"floor":3.0,"key":"DuplicationPotion"},{"floor":6.0,"key":"EssenceOfSteel"},{"floor":13.0,"key":"Explosive Potion"},{"floor":23.0,"key":"Dexterity Potion"},{"floor":27.0,"key":"Dexterity Potion"},{"floor":41.0,"key":"Fire Potion"},{"floor":47,"key":"PowerPotion"}],"is_trial":false,"path_per_floor":["M","?","?","$","?","E","R","T","T","R","E","M","E","M","R","B",null,"M","?","?","M","?","E","T","M","T","?","?","R","?","M","R","B",null,"M","T","?","M","$","R","E","R","T","R","E","$","E","?","R","B",null,"R","$","E","B",null],"character_chosen":"IRONCLAD","items_purchased":["PreservedInsect","Potion Belt","Toolbox","FairyPotion","FairyPotion","Feel No Pain"],"campfire_rested":1,"item_purchase_floors":[39,39,39,39,46,53],"current_hp_per_floor":[78,60,60,60,60,66,66,66,66,66,72,76,55,61,61,50,73,78,62,62,62,62,58,58,52,52,59,59,59,59,58,58,62,76,80,80,80,80,80,80,80,80,80,80,70,70,78,78,94,82,91,91,91,76,47],"gold":100,"neow_bonus":"THREE_ENEMY_KILL","is_daily":false,"chose_seed":false,"campfire_upgraded":8,"win_rate":0.0,"timestamp":1610017866,"path_taken":["M","?","?","$","?","E","R","?","T","R","E","M","E","M","R","BOSS","M","?","?","M","?","E","?","M","T","?","?","R","?","M","R","BOSS","M","?","?","M","?","R","E","R","T","R","E","$","E","?","R","BOSS","R","$","E","BOSS"],"items_purchased_type":["Relic","Relic","Relic","Potion","Potion","Card"],"build_version":"2020-12-22","purchased_purges":2,"victory":true,"max_hp_per_floor":[80,80,80,80,80,80,80,80,80,80,80,80,80,80,80,80,80,80,80,80,80,80,80,80,80,80,80,80,80,80,80,80,80,80,80,80,80,80,80,80,80,80,80,80,94,94,94,94,94,94,94,94,94,94,94],"card_choices":[{"not_picked":["Warcry","Heavy Blade"],"picked":"Twin Strike","floor":1.0},{"not_picked":["Sword Boomerang","Intimidate"],"picked":"Power Through","floor":6.0},{"not_picked":["Cleave","Iron Wave"],"picked":"Hemokinesis","floor":11.0},{"not_picked":["Headbutt","Havoc+1"],"picked":"Shockwave+1","floor":12.0},{"not_picked":["Evolve","Searing Blow"],"picked":"Second Wind+1","floor":13.0},{"not_picked":["Armaments+1","Thunderclap"],"picked":"Warcry+1","floor":14.0},{"not_picked":["Bludgeon","Exhume+1"],"picked":"Impervious+1","floor":16.0},{"not_picked":["Fire Breathing","Armaments+1","True Grit+1"],"picked":"SKIP","floor":18.0},{"not_picked":["Cleave","Reckless Charge"],"picked":"Battle Trance+1","floor":21.0},{"not_picked":["Clash+1","Infernal Blade+1"],"picked":"Sentinel+1","floor":23.0},{"not_picked":["Second Wind+1","Iron Wave+1"],"picked":"Seeing Red+1","floor":25.0},{"not_picked":["Cleave","True Grit+1","Thunderclap"],"picked":"SKIP","floor":31.0},{"not_picked":["Feed","Fiend Fire"],"picked":"Reaper","floor":33.0},{"not_picked":["Havoc+1","Armaments+1"],"picked":"Dual Wield+1","floor":35.0},{"not_picked":["Twin Strike","Iron Wave+1"],"picked":"Body Slam","floor":38.0},{"not_picked":["Heavy Blade","Iron Wave","Sword Boomerang"],"picked":"SKIP","floor":41.0},{"not_picked":["Feed","Second Wind+1"],"picked":"Spot Weakness+1","floor":45.0},{"not_picked":["Shockwave+1","Wild Strike+1"],"picked":"Fire Breathing","floor":47},{"not_picked":["Feel No Pain+1","Carnage"],"picked":"Offering+1","floor":54}],"player_experience":296058,"relics_obtained":[{"floor":6.0,"key":"Meat on the Bone"},{"floor":8.0,"key":"Matryoshka"},{"floor":9.0,"key":"Tiny Chest"},{"floor":9.0,"key":"Toxic Egg 2"},{"floor":11.0,"key":"CaptainsWheel"},{"floor":13.0,"key":"FossilizedHelix"},{"floor":19.0,"key":"Enchiridion"},{"floor":23.0,"key":"Boot"},{"floor":24.0,"key":"Mercury Hourglass"},{"floor":24.0,"key":"Bottled Tornado"},{"floor":26.0,"key":"Ornamental Fan"},{"floor":27.0,"key":"Ginger"},{"floor":27.0,"key":"Blue Candle"},{"floor":41.0,"key":"Blood Vial"},{"floor":43.0,"key":"Omamori"},{"floor":45.0,"key":"Mango"},{"floor":47,"key":"War Paint"},{"floor":54,"key":"White Beast Statue"}],"event_choices":[{"damage_healed":0.0,"max_hp_gain":0.0,"max_hp_loss":0.0,"gold_gain":0.0,"event_name":"Scrap Ooze","player_choice":"Success","floor":2.0,"gold_loss":0.0,"damage_taken":18.0,"relics_obtained":["Juzu Bracelet"]},{"damage_healed":0.0,"max_hp_gain":0.0,"max_hp_loss":0.0,"gold_gain":0.0,"event_name":"Lab","player_choice":"Got Potions","floor":3.0,"gold_loss":0.0,"damage_taken":0.0},{"damage_healed":0.0,"max_hp_gain":0.0,"max_hp_loss":0.0,"gold_gain":0.0,"event_name":"Accursed Blacksmith","player_choice":"Rummage","floor":5.0,"gold_loss":0.0,"damage_taken":0.0,"relics_obtained":["WarpedTongs"],"cards_obtained":["Pain"]},{"damage_healed":0.0,"max_hp_gain":0.0,"max_hp_loss":0.0,"gold_gain":0.0,"event_name":"Cursed Tome","player_choice":"Obtained Book","floor":19.0,"gold_loss":0.0,"damage_taken":16.0},{"cards_removed":["Pain"],"damage_healed":0.0,"max_hp_gain":0.0,"max_hp_loss":0.0,"gold_gain":0.0,"event_name":"Back to Basics","player_choice":"Elegance","floor":20.0,"gold_loss":0.0,"damage_taken":0.0},{"damage_healed":0.0,"max_hp_gain":0.0,"max_hp_loss":0.0,"gold_gain":0.0,"cards_transformed":["Entrench","Clash"],"event_name":"Drug Dealer","player_choice":"Became Test Subject","floor":22.0,"gold_loss":0.0,"damage_taken":0.0,"cards_obtained":["Reckless Charge","Heavy Blade"]},{"damage_healed":0.0,"max_hp_gain":0.0,"max_hp_loss":0.0,"gold_gain":0.0,"event_name":"Colosseum","player_choice":"Fight","floor":27.0,"gold_loss":0.0,"damage_taken":0.0},{"damage_healed":0.0,"max_hp_gain":0.0,"max_hp_loss":0.0,"gold_gain":0.0,"event_name":"Colosseum","player_choice":"Fought Nobs","floor":27.0,"gold_loss":0.0,"damage_taken":0.0},{"damage_healed":0.0,"max_hp_gain":0.0,"max_hp_loss":0.0,"gold_gain":0.0,"event_name":"The Library","player_choice":"Read","floor":28.0,"gold_loss":0.0,"damage_taken":0.0,"cards_obtained":["Barricade"]},{"damage_healed":0.0,"max_hp_gain":0.0,"max_hp_loss":0.0,"gold_gain":99.0,"event_name":"Nest","player_choice":"Stole From Cult","floor":30.0,"gold_loss":0.0,"damage_taken":0.0},{"cards_removed":["Berserk"],"damage_healed":0.0,"max_hp_gain":0.0,"max_hp_loss":0.0,"gold_gain":0.0,"event_name":"Falling","player_choice":"Removed Power","floor":37.0,"gold_loss":0.0,"damage_taken":0.0},{"damage_healed":0,"gold_gain":0,"player_choice":"Upgraded","damage_taken":0,"max_hp_gain":0,"max_hp_loss":0,"event_name":"Upgrade Shrine","floor":48,"gold_loss":0,"cards_upgraded":["Fire Breathing"]}],"is_beta":false,"boss_relics":[{"not_picked":["Runic Pyramid","Tiny House"],"picked":"Pandora\u0027s Box"},{"not_picked":["Runic Cube","Runic Dome"],"picked":"Velvet Choker"}],"items_purged_floors":[4,46],"is_endless":false,"potions_floor_spawned":[6,11,13,23,27,27,41,47,54],"ascension_level":11}}