{"host":"nukjzc0ca34w6eem","time":1610040872,"event":{"mods":["2.2 Compatiblity","AchievementEnabler","BaseMod","Colored Powertips","Downfall","Minty Spire (QoL Compilation)","StSLib"],"gold_per_floor":[99,115,132,152,165,165,165,183,211,211,226,151,176,193,212,314,364,289,304,322,322,340,340,340,29,29,42,72,83,8,43,58,58,58,58],"floor_reached":33,"playtime":2621,"items_purged":[],"score":449,"play_id":"5aecee3b-c95c-4884-987b-c377aff98660","local_time":"20210107093432","is_ascension_mode":true,"campfire_choices":[{"data":"Guardian:MultiBeam","floor":1.0,"key":"SMITH"},{"floor":6.0,"key":"RECALL"},{"data":"Guardian:PrismaticBeam","floor":12.0,"key":"SMITH"},{"data":"Guardian:FuturePlans","floor":18.0,"key":"SMITH"},{"floor":23.0,"key":"REST"},{"data":"Guardian:BaubleBeam","floor":30.0,"key":"SMITH"}],"circlet_count":0,"master_deck":["Guardian:Strike_Guardian","Guardian:Strike_Guardian","Guardian:Defend_Guardian","Guardian:Defend_Guardian","Guardian:Defend_Guardian","Guardian:Defend_Guardian","Guardian:CurlUp+1","Guardian:TwinSlam","Guardian:MultiBeam+1","Guardian:SentryBeam","Guardian:PrismaticBeam+1","Guardian:PiercingHide","Guardian:PrimingBeam","Guardian:Repulse","Guardian:FuturePlans+1","Guardian:ExploitGems","Guardian:ChargeUp","Guardian:ArmoredProtocol","Guardian:BaubleBeam+1","Guardian:Clone","Guardian:TemporalShield"],"relics":["Guardian:ModeShifter","Bronze Scales","Blue Candle","downfall:HeartBlessingRed","Torii","Tiny House","downfall:HeartBlessingGreen","Mummified Hand","Anchor","downfall:HeartBlessingBlue","Ancient Tea Set"],"acts_visited":["Exordium","TheCity"],"potions_floor_usage":[33],"damage_taken":[{"damage":2.0,"enemies":"Jaw Worm","floor":2.0,"turns":4.0},{"damage":6.0,"enemies":"Cultist","floor":3.0,"turns":3.0},{"damage":12.0,"enemies":"Small Slimes","floor":4.0,"turns":2.0},{"damage":12.0,"enemies":"Exordium Wildlife","floor":5.0,"turns":3.0},{"damage":10.0,"enemies":"Exordium Thugs","floor":8.0,"turns":3.0},{"damage":7.0,"enemies":"Lagavulin","floor":9.0,"turns":7.0},{"damage":6.0,"enemies":"2 Fungi Beasts","floor":11.0,"turns":2.0},{"damage":13.0,"enemies":"3 Sentries","floor":13.0,"turns":3.0},{"damage":1.0,"enemies":"Large Slime","floor":14.0,"turns":6.0},{"damage":13.0,"enemies":"3 Louse","floor":15.0,"turns":2.0},{"damage":27.0,"enemies":"downfall:Defect","floor":16.0,"turns":6.0},{"damage":6.0,"enemies":"Shell Parasite","floor":19.0,"turns":4.0},{"damage":15.0,"enemies":"Snecko","floor":20.0,"turns":5.0},{"damage":21.0,"enemies":"Shelled Parasite and Fungi","floor":22.0,"turns":4.0},{"damage":0.0,"enemies":"downfall:FleeingMerchant","floor":25.0,"turns":4.0},{"damage":0.0,"enemies":"3 Cultists","floor":27.0,"turns":3.0},{"damage":11.0,"enemies":"Book of Stabbing","floor":28.0,"turns":5.0},{"damage":16.0,"enemies":"Snake Plant","floor":29.0,"turns":4.0},{"damage":28,"enemies":"Slavers","floor":31,"turns":5},{"damage":0,"enemies":"Snecko","floor":32,"turns":3},{"damage":28,"enemies":"downfall:Ironclad","floor":33,"turns":10}],"seed_played":"-4056979569571254743","potions_obtained":[{"floor":3.0,"key":"Explosive Potion"},{"floor":4.0,"key":"Regen Potion"},{"floor":8.0,"key":"AttackPotion"},{"floor":13.0,"key":"Ancient Potion"},{"floor":17.0,"key":"Swift Potion"},{"floor":22.0,"key":"Guardian:DefensiveModePotion"},{"floor":31,"key":"sneckomod:MuddlingPotion"},{"floor":32,"key":"Dexterity Potion"}],"is_trial":false,"path_per_floor":["R","M","M","M","M","R","T","M","E","?","M","R","E","M","M","B",null,"R","M","M","?","M","R","T","$","?","M","E","M","R","E","M","B"],"character_chosen":"GUARDIAN","items_purchased":["Mummified Hand","Guardian:ArmoredProtocol"],"campfire_rested":1,"item_purchase_floors":[25,25],"current_hp_per_floor":[72,70,64,52,40,40,40,30,38,64,58,58,45,44,31,4,66,66,60,45,45,24,49,49,49,49,49,38,22,32,4,4,0,0,0],"gold":58,"neow_bonus":"THREE_CARDS","is_daily":false,"chose_seed":false,"campfire_upgraded":4,"win_rate":0.0,"timestamp":1610040872,"path_taken":["R","M","M","M","M","R","T","M","E","?","M","R","E","M","M","BOSS","R","M","M","?","M","R","T","$","?","M","E","M","R","E","M","BOSS"],"items_purchased_type":["Relic","Card"],"build_version":"2020-12-22","purchased_purges":0,"victory":false,"max_hp_per_floor":[80,80,80,80,80,80,80,80,80,80,80,80,80,80,80,80,85,85,85,85,85,85,85,85,85,85,85,85,85,95,95,95,95,95,95],"card_choices":[{"not_picked":["Guardian:CrystalBeam","Guardian:Gem_Green"],"picked":"Guardian:MultiBeam","floor":0.0},{"not_picked":["Guardian:Reroute","Guardian:FuturePlans"],"picked":"Guardian:SentryBeam","floor":2.0},{"not_picked":["Guardian:Gem_Green","Guardian:ChargeCore"],"picked":"Guardian:PrismaticBeam","floor":3.0},{"not_picked":["Guardian:Incinerate","Guardian:Gem_Lightblue"],"picked":"Guardian:PiercingHide","floor":4.0},{"not_picked":["Guardian:CrystalBeam","Guardian:Planning"],"picked":"Guardian:Gem_Lightblue","floor":5.0},{"not_picked":["Guardian:BaubleBeam","Guardian:TemporalShield"],"picked":"Guardian:PrimingBeam","floor":8.0},{"not_picked":["Guardian:ShieldCharger","Guardian:TemporalStrike"],"picked":"Guardian:Repulse","floor":9.0},{"not_picked":["Guardian:ChargeCore","Guardian:PiercingHide","Guardian:TemporalStrike"],"picked":"SKIP","floor":11.0},{"not_picked":["Guardian:PrismaticBeam","Guardian:SpikerProtocol","Guardian:PrismaticBarrier"],"picked":"SKIP","floor":13.0},{"not_picked":["Guardian:CrystalBeam","Guardian:ShieldCharger","Guardian:SentryBeam"],"picked":"SKIP","floor":14.0},{"not_picked":["Guardian:TimeBomb","Guardian:PiercingHide"],"picked":"Guardian:FuturePlans","floor":15.0},{"not_picked":["Guardian:StasisStrike","Guardian:HyperBeam_Guardian"],"picked":"Guardian:ExploitGems","floor":16.0},{"not_picked":["Guardian:PrimingBeam","Guardian:Reroute"],"picked":"Guardian:Gem_Lightblue","floor":17.0},{"not_picked":["Guardian:Gem_Green","Guardian:FuturePlans"],"picked":"Guardian:Gem_Cyan","floor":19.0},{"not_picked":["Guardian:CrystalBeam","Guardian:WalkerClaw","Guardian:Emergency"],"picked":"SKIP","floor":20.0},{"not_picked":["Guardian:Suspension","Guardian:PiercingHide"],"picked":"Guardian:ChargeUp","floor":22.0},{"not_picked":["Guardian:Emergency","Guardian:WalkerClaw","Guardian:Recover"],"picked":"SKIP","floor":25.0},{"not_picked":["Guardian:RollAttack","Guardian:WalkerClaw+1"],"picked":"Guardian:BaubleBeam","floor":27.0},{"not_picked":["Guardian:ChargeCore","Guardian:Repulse"],"picked":"Guardian:Clone","floor":28.0},{"not_picked":["Guardian:VentSteam","Guardian:DecasProtection"],"picked":"Guardian:Gem_Cyan","floor":29.0},{"not_picked":["Guardian:RollAttack","Guardian:TemporalStrike"],"picked":"Guardian:TemporalShield","floor":31},{"not_picked":["Guardian:TimeBomb","Guardian:Reroute+1","Guardian:Emergency"],"picked":"SKIP","floor":32}],"player_experience":508412,"relics_obtained":[{"floor":7.0,"key":"Bronze Scales"},{"floor":9.0,"key":"Blue Candle"},{"floor":13.0,"key":"Torii"},{"floor":28.0,"key":"Anchor"},{"floor":31,"key":"Ancient Tea Set"}],"event_choices":[{"damage_healed":26.0,"max_hp_gain":0.0,"max_hp_loss":0.0,"gold_gain":0.0,"event_name":"Big Fish","player_choice":"Banana","floor":10.0,"gold_loss":0.0,"damage_taken":0.0},{"cards_removed":["Guardian:Strike_Guardian"],"damage_healed":0.0,"max_hp_gain":0.0,"max_hp_loss":0.0,"gold_gain":0.0,"event_name":"Bonfire Elementals","player_choice":"Offered Basic","floor":26.0,"gold_loss":0.0,"damage_taken":0.0}],"is_beta":false,"boss_relics":[{"not_picked":["Sozu","Philosopher\u0027s Stone"],"picked":"Tiny House"}],"items_purged_floors":[],"is_endless":false,"potions_floor_spawned":[3,4,8,13,22,31,32],"killed_by":"downfall:Ironclad","ascension_level":8}}