{"host":"y1gy3vaohdji07z5","time":1610034628,"event":{"mods":["AchievementEnabler","BaseMod","Colored Map","Colored Powertips","Hermit","Minty Spire (QoL Compilation)","Random Character Button","Rare Cards Sparkle","StSLib"],"gold_per_floor":[119,132,57,57,75,75,110,129,152,152,152,186,201,229,229,324,324,336,336,356,271,324,356,356,387,387,27,27,45,45,80,80,180,230,247,247,247,264,139,139,167,167,194,194,194,194,205,223,223,223],"floor_reached":51,"playtime":2631,"items_purged":["Strike_P","Strike_P","Defend_P"],"score":908,"play_id":"bb4e53f5-49ab-48f5-9f6a-a83d1910289c","local_time":"20210107165028","is_ascension_mode":true,"campfire_choices":[{"data":"Eruption","floor":6,"key":"SMITH"},{"data":"ClearTheMind","floor":10,"key":"SMITH"},{"data":"SignatureMove","floor":15,"key":"SMITH"},{"data":"TalkToTheHand","floor":24,"key":"SMITH"},{"data":"LessonLearned","floor":28,"key":"SMITH"},{"data":"MasterReality","floor":32,"key":"SMITH"},{"data":"TalkToTheHand","floor":40,"key":"SMITH"},{"floor":42,"key":"REST"},{"data":"Madness","floor":44,"key":"SMITH"},{"data":"Defend_P","floor":46,"key":"SMITH"},{"data":"Protect","floor":49,"key":"SMITH"}],"circlet_count":0,"master_deck":["Defend_P+1","Defend_P+1","Eruption+1","Vigilance+1","SignatureMove+1","ClearTheMind+1","TalkToTheHand+1","LessonLearned+1","LessonLearned+1","FlurryOfBlows+1","BattleHymn+1","InnerPeace+1","MasterReality+1","TalkToTheHand+1","Madness+1","Madness+1","Protect+1"],"relics":["HolyWater","NeowsBlessing","Centennial Puzzle","Anchor","Toy Ornithopter","Art of War","Tiny Chest","Boot","Torii","Oddly Smooth Stone","Matryoshka","StrikeDummy","Lantern","InkBottle","Gremlin Horn","Orichalcum","Tiny House","Pear","Mercury Hourglass","Pen Nib","MealTicket"],"acts_visited":["Exordium","TheCity","TheBeyond"],"potions_floor_usage":[12,16,25,25,31,31,35,47,50],"damage_taken":[{"damage":0,"enemies":"Jaw Worm","floor":1,"turns":1},{"damage":0,"enemies":"Cultist","floor":2,"turns":1},{"damage":0,"enemies":"Small Slimes","floor":5,"turns":1},{"damage":19,"enemies":"Lagavulin","floor":7,"turns":4},{"damage":0,"enemies":"Looter","floor":8,"turns":1},{"damage":0,"enemies":"Gremlin Nob","floor":12,"turns":2},{"damage":3,"enemies":"Lots of Slimes","floor":13,"turns":3},{"damage":17,"enemies":"Lagavulin","floor":14,"turns":5},{"damage":11,"enemies":"Hexaghost","floor":16,"turns":6},{"damage":20,"enemies":"3 Byrds","floor":18,"turns":5},{"damage":18,"enemies":"Shell Parasite","floor":20,"turns":4},{"damage":1,"enemies":"Slavers","floor":23,"turns":4},{"damage":6,"enemies":"Book of Stabbing","floor":25,"turns":3},{"damage":27,"enemies":"Snecko","floor":29,"turns":5},{"damage":1,"enemies":"Gremlin Leader","floor":31,"turns":4},{"damage":6,"enemies":"Champ","floor":33,"turns":8},{"damage":69,"enemies":"3 Darklings","floor":35,"turns":7},{"damage":0,"enemies":"Orb Walker","floor":38,"turns":3},{"damage":1,"enemies":"Reptomancer","floor":41,"turns":3},{"damage":8,"enemies":"3 Darklings","floor":47,"turns":3},{"damage":0,"enemies":"Jaw Worm Horde","floor":48,"turns":2},{"damage":61,"enemies":"Donu and Deca","floor":50,"turns":7}],"seed_played":"6063513531396671441","potions_obtained":[{"floor":2,"key":"Ancient Potion"},{"floor":7,"key":"Regen Potion"},{"floor":8,"key":"FairyPotion"},{"floor":14,"key":"CultistPotion"},{"floor":20,"key":"PowerPotion"},{"floor":25,"key":"LiquidBronze"},{"floor":29,"key":"DuplicationPotion"},{"floor":34,"key":"Block Potion"},{"floor":38,"key":"Energy Potion"},{"floor":45,"key":"Regen Potion"}],"is_trial":false,"path_per_floor":["M","M","$","?","M","R","E","M","T","R","?","E","M","E","R","B",null,"M","?","M","?","T","E","R","E","T","$","R","M","?","E","R","B",null,"M","?","T","M","$","R","E","R","T","R","?","R","M","M","R","B",null],"character_chosen":"WATCHER","items_purchased":["Gremlin Horn"],"campfire_rested":1,"item_purchase_floors":[27],"current_hp_per_floor":[72,72,72,72,72,72,53,53,53,53,50,55,52,35,35,29,72,52,52,34,34,34,33,33,37,37,37,37,10,10,19,19,13,77,13,3,13,13,13,13,12,38,38,38,38,38,44,44,44,26],"gold":223,"neow_bonus":"THREE_ENEMY_KILL","is_daily":false,"chose_seed":false,"campfire_upgraded":10,"win_rate":0.0,"timestamp":1610034628,"path_taken":["M","M","$","?","?","R","E","M","T","R","?","E","M","E","R","BOSS","M","?","?","?","?","E","R","E","T","$","R","?","?","E","R","BOSS","M","?","?","?","$","R","E","R","T","R","?","R","M","M","R","BOSS"],"items_purchased_type":["Relic"],"build_version":"2020-12-22","purchased_purges":3,"victory":true,"max_hp_per_floor":[72,72,72,72,72,72,72,72,72,72,72,72,72,72,72,72,72,72,72,72,72,72,72,72,72,72,72,72,72,72,72,72,72,77,77,77,87,87,87,87,87,87,87,87,87,87,87,87,87,87],"card_choices":[{"not_picked":["ThirdEye","EmptyBody"],"picked":"ClearTheMind","floor":1},{"not_picked":["EmptyBody","SashWhip","FlyingSleeves"],"picked":"SKIP","floor":2},{"not_picked":["JustLucky","WheelKick"],"picked":"SignatureMove","floor":5},{"not_picked":["DeceiveReality","Consecrate"],"picked":"ClearTheMind","floor":7},{"not_picked":["Prostrate","BowlingBash","Nirvana"],"picked":"SKIP","floor":8},{"not_picked":["Evaluate","Worship"],"picked":"TalkToTheHand","floor":12},{"not_picked":["Prostrate","Evaluate","EmptyMind"],"picked":"SKIP","floor":13},{"not_picked":["SashWhip","EmptyFist"],"picked":"LessonLearned","floor":14},{"not_picked":["Alpha","Omniscience"],"picked":"LessonLearned","floor":16},{"not_picked":["Protect","CutThroughFate","ForeignInfluence"],"picked":"SKIP","floor":18},{"not_picked":["Collect","Swivel"],"picked":"FlurryOfBlows","floor":20},{"not_picked":["Indignation","Prostrate","Fasting2"],"picked":"SKIP","floor":23},{"not_picked":["Wish","EmptyBody+1","Meditate+1"],"picked":"SKIP","floor":25},{"not_picked":["JustLucky","WindmillStrike"],"picked":"BattleHymn+1","floor":29},{"not_picked":["JustLucky+1","Nirvana+1","Establishment"],"picked":"SKIP","floor":31},{"not_picked":["ClearTheMind+1","ForeignInfluence+1"],"picked":"TalkToTheHand","floor":35},{"not_picked":["FlyingSleeves","WreathOfFlame","FearNoEvil+1"],"picked":"SKIP","floor":38},{"not_picked":["Crescendo","Adaptation+1","Prostrate+1"],"picked":"SKIP","floor":41},{"not_picked":["Halt","Collect+1","CrushJoints+1"],"picked":"SKIP","floor":47},{"not_picked":["SashWhip+1","BowlingBash"],"picked":"Protect","floor":48}],"player_experience":396774,"relics_obtained":[{"floor":7,"key":"Centennial Puzzle"},{"floor":9,"key":"Anchor"},{"floor":12,"key":"Art of War"},{"floor":14,"key":"Tiny Chest"},{"floor":22,"key":"Oddly Smooth Stone"},{"floor":23,"key":"Matryoshka"},{"floor":25,"key":"StrikeDummy"},{"floor":26,"key":"Lantern"},{"floor":26,"key":"InkBottle"},{"floor":31,"key":"Orichalcum"},{"floor":37,"key":"Pear"},{"floor":37,"key":"Mercury Hourglass"},{"floor":41,"key":"Pen Nib"},{"floor":43,"key":"MealTicket"}],"event_choices":[{"cards_removed":["Strike_P"],"damage_healed":0,"gold_gain":0,"player_choice":"Offered Basic","damage_taken":0,"max_hp_gain":0,"max_hp_loss":0,"event_name":"Bonfire Elementals","floor":4,"gold_loss":0},{"damage_healed":0,"gold_gain":0,"player_choice":"Success","damage_taken":3,"relics_obtained":["Toy Ornithopter"],"max_hp_gain":0,"max_hp_loss":0,"event_name":"Scrap Ooze","floor":11,"gold_loss":0},{"cards_removed":["ClearTheMind"],"damage_healed":0,"gold_gain":0,"player_choice":"Gave Card","damage_taken":0,"relics_obtained":["Boot"],"max_hp_gain":0,"max_hp_loss":0,"event_name":"WeMeetAgain","floor":19,"gold_loss":0},{"damage_healed":0,"gold_gain":0,"player_choice":"Obtained Relic","damage_taken":0,"relics_obtained":["Torii"],"max_hp_gain":0,"max_hp_loss":0,"event_name":"Addict","floor":21,"gold_loss":85},{"damage_healed":0,"gold_gain":0,"cards_transformed":["Strike_P","Defend_P"],"player_choice":"Became Test Subject","damage_taken":0,"max_hp_gain":0,"max_hp_loss":0,"event_name":"Drug Dealer","floor":30,"gold_loss":0,"cards_obtained":["InnerPeace","MasterReality"]},{"damage_healed":0,"gold_gain":0,"player_choice":"Embrace Madness","damage_taken":10,"max_hp_gain":0,"max_hp_loss":0,"event_name":"Winding Halls","floor":36,"gold_loss":0,"cards_obtained":["Madness","Madness"]},{"damage_healed":0,"gold_gain":0,"player_choice":"Got Potions","damage_taken":0,"max_hp_gain":0,"max_hp_loss":0,"event_name":"Lab","floor":45,"gold_loss":0}],"is_beta":false,"boss_relics":[{"not_picked":["VioletLotus","Ectoplasm"],"picked":"HolyWater"},{"not_picked":["Snecko Eye","Runic Dome"],"picked":"Tiny House"}],"items_purged_floors":[3,27,39],"is_endless":false,"potions_floor_spawned":[2,7,8,14,20,25,29,38],"ascension_level":3}}