{"host":"1c52r9kaxdyo25eq","time":1610034966,"event":{"mods":["AchievementEnabler","BaseMod","Minty Spire (QoL Compilation)","Rare Cards Sparkle","SuperFastMode","everything is the same but u backflip on backflip"],"gold_per_floor":[114,130,142,155,29,29,44,44,69,99,113,113,13,25,25,102,102,118,20,36,36,48,48,48],"floor_reached":23,"playtime":410,"items_purged":["Strike_G","Strike_G"],"score":370,"play_id":"b9821bab-0d7a-4af5-b9db-114d2cbb5929","local_time":"20210108005606","is_ascension_mode":true,"campfire_choices":[{"data":"Caltrops","floor":6.0,"key":"SMITH"},{"data":"Deadly Poison","floor":8.0,"key":"SMITH"},{"data":"Neutralize","floor":15.0,"key":"SMITH"}],"circlet_count":0,"master_deck":["AscendersBane","Strike_G","Strike_G","Strike_G","Defend_G","Defend_G","Defend_G","Defend_G","Survivor","Neutralize+1","Tactician","Dagger Spray","Caltrops+1","Deadly Poison+1","Dagger Throw","Malaise","Finesse"],"relics":["Ring of the Snake","NeowsBlessing","Akabeko","Black Star"],"acts_visited":["Exordium","TheCity"],"potions_floor_usage":[22],"damage_taken":[{"damage":0.0,"enemies":"Small Slimes","floor":1.0,"turns":1.0},{"damage":0.0,"enemies":"Cultist","floor":2.0,"turns":1.0},{"damage":0.0,"enemies":"Jaw Worm","floor":3.0,"turns":1.0},{"damage":1.0,"enemies":"Looter","floor":4.0,"turns":4.0},{"damage":14.0,"enemies":"Red Slaver","floor":7.0,"turns":4.0},{"damage":6.0,"enemies":"Lots of Slimes","floor":11.0,"turns":3.0},{"damage":13.0,"enemies":"Blue Slaver","floor":14.0,"turns":3.0},{"damage":14.0,"enemies":"Hexaghost","floor":16.0,"turns":9.0},{"damage":18.0,"enemies":"Shell Parasite","floor":18.0,"turns":6.0},{"damage":25,"enemies":"Spheric Guardian","floor":20,"turns":5},{"damage":19,"enemies":"Snecko","floor":22,"turns":7},{"damage":0,"enemies":"Shelled Parasite and Fungi","floor":23,"turns":1}],"seed_played":"-364107312380537255","potions_obtained":[{"floor":2.0,"key":"Block Potion"},{"floor":4.0,"key":"SkillPotion"},{"floor":16.0,"key":"Block Potion"},{"floor":18.0,"key":"Energy Potion"},{"floor":20,"key":"Block Potion"}],"is_trial":false,"path_per_floor":["M","M","M","M","$","R","M","R","T","?","M","?","$","M","R","B",null,"M","$","M","?","M","M"],"character_chosen":"THE_SILENT","items_purchased":["Deadly Poison","Finesse"],"campfire_rested":0,"item_purchase_floors":[5,19],"current_hp_per_floor":[59,59,59,58,58,58,44,44,44,44,38,38,38,25,25,11,52,34,34,9,22,3,3,3],"gold":48,"neow_bonus":"THREE_ENEMY_KILL","is_daily":false,"chose_seed":false,"campfire_upgraded":3,"win_rate":0.0,"timestamp":1610034966,"path_taken":["M","M","M","M","$","R","M","R","T","?","M","?","$","M","R","BOSS","M","?","?","?","M","M"],"items_purchased_type":["Card","Card"],"build_version":"2020-12-22","purchased_purges":2,"victory":false,"max_hp_per_floor":[66,66,66,66,66,66,66,66,66,66,66,66,66,66,66,66,66,66,66,66,66,66,66,66],"card_choices":[{"not_picked":["Sucker Punch","Dagger Throw"],"picked":"Tactician","floor":1.0},{"not_picked":["Cloak And Dagger","Flying Knee"],"picked":"Dagger Spray","floor":2.0},{"not_picked":["Dagger Spray","Deflect"],"picked":"Caltrops","floor":3.0},{"not_picked":["Dagger Throw","Cloak And Dagger","Distraction"],"picked":"SKIP","floor":4.0},{"not_picked":["Dodge and Roll","Skewer","Tools of the Trade"],"picked":"SKIP","floor":7.0},{"not_picked":["Cloak And Dagger","Backflip"],"picked":"Dagger Throw","floor":11.0},{"not_picked":["Poisoned Stab","Skewer","Sucker Punch"],"picked":"SKIP","floor":14.0},{"not_picked":["Bullet Time","Storm of Steel"],"picked":"Malaise","floor":16.0},{"not_picked":["Infinite Blades","Quick Slash","Deadly Poison"],"picked":"SKIP","floor":18.0},{"not_picked":["Flechettes","Well Laid Plans","Distraction"],"picked":"SKIP","floor":20},{"not_picked":["Deflect","Sucker Punch","Flying Knee"],"picked":"SKIP","floor":22}],"player_experience":556029,"relics_obtained":[{"floor":9.0,"key":"Akabeko"}],"event_choices":[{"damage_healed":0.0,"max_hp_gain":0.0,"max_hp_loss":0.0,"gold_gain":30.0,"event_name":"Dead Adventurer","player_choice":"Searched \u00272\u0027 times","floor":10.0,"gold_loss":0.0,"damage_taken":0.0},{"cards_removed":["Defend_G"],"damage_healed":0.0,"max_hp_gain":0.0,"max_hp_loss":0.0,"gold_gain":0.0,"event_name":"Purifier","player_choice":"Purged","floor":12.0,"gold_loss":0.0,"damage_taken":0.0},{"damage_healed":13,"gold_gain":0,"player_choice":"Heal","damage_taken":0,"max_hp_gain":0,"max_hp_loss":0,"event_name":"The Library","floor":21,"gold_loss":0}],"is_beta":false,"boss_relics":[{"not_picked":["WristBlade","Velvet Choker"],"picked":"Black Star"}],"items_purged_floors":[5,13],"is_endless":false,"potions_floor_spawned":[2,4,16,18,20],"killed_by":"Shelled Parasite and Fungi","ascension_level":20}}