{"host":"wwy36mgtdouptwjr","time":1610002362,"event":{"mods":["AchievementEnabler","Aspiration","BaseMod","Better Third Choice","BetterRewards","Colored Map","Colored Powertips","Downfall","Hermit","Highlight Path","Hubris","Marisa????????","Minty Spire (QoL Compilation)","Replay The Spire","StSLib","Td1madao Mod","The Cursed","The Necromancer","The Servant 0.9.4"],"gold_per_floor":[110,130,149,162,175,210,210,210,257,269,289,289,299,334,334,430,430,444,457,473,114,114,114,139,139,139,184,218,233,263,280,280,376,426,450,467,467,17,17,17,38,38,116,116,149,167,167,190,190,190],"floor_reached":51,"playtime":11312,"items_purged":[],"score":801,"play_id":"6796dff0-96db-45cc-8c5a-cb22d0e7d0ec","local_time":"20210107095242","is_ascension_mode":false,"campfire_choices":[{"data":"Mayhem","floor":7.0,"key":"SMITH"},{"data":"Im Angry","floor":12.0,"key":"SMITH"},{"floor":15.0,"key":"REST"},{"data":"Mayhem","floor":23.0,"key":"SMITH"},{"data":"champ:ShieldWall","floor":25.0,"key":"SMITH"},{"data":"Inflame","floor":32.0,"key":"SMITH"},{"data":"expansioncontent:Chronoboost","floor":40.0,"key":"SMITH"},{"data":"TheCursedMod:TacticalStrike","floor":42.0,"key":"SMITH"},{"data":"hermit:EyeOfTheStorm","floor":47,"key":"SMITH"}],"circlet_count":0,"master_deck":["Strike_W","Strike_W","Strike_W","Strike_W","Defend_W","Defend_W","Defend_W","Negative_Energy_Arrows","Bone_Wall","Vampiric_Strike","Jack Of All Trades+1","Mayhem+1","SashWhip","Im Angry+1","hermit:EyeOfTheStorm","Blood_Shield","Entrench+1","TalkToTheHand","Inflame+1","Mayhem+1","hermit:Coalescence","sneckomod:UnknownVulnerable+1","Blood_Whip","champ:ShieldWall+1","ReplayTheSpireMod:Splinters","TheCursedMod:TacticalStrike+1","Bone_Armor","Pommel Strike+1","sneckomod:UnknownClassDEFAULT_GRAY_COLOR","hermit:Scavenge+1","Sweeping Beam","Finesse","expansioncontent:Chronoboost+1","hermit:EyeOfTheStorm+1","Negative_Energy_Shield+1","Self Repair","Calculated Gamble"],"relics":["Vampire_Amulet","Pet Ghost","Replay:Mystery Machine","PrismaticShard","Replay:Baseball","Juzu Bracelet","Gremlin Food","Replay:Bronze Core","StoneCalendar","Nilry\u0027s Codex","Eternal Feather","HornCleat","hubris:DeckOfHolding","Akabeko","Boot","Tiny House","aspiration:Lifesprig","Nunchaku","Lee\u0027s Waffle","Pantograph","Happy Flower"],"acts_visited":["Exordium","TheCity","TheBeyond"],"potions_floor_usage":[50,50],"damage_taken":[{"damage":7.0,"enemies":"Small Slimes","floor":1.0,"turns":3.0},{"damage":1.0,"enemies":"Cultist","floor":2.0,"turns":4.0},{"damage":9.0,"enemies":"Jaw Worm","floor":3.0,"turns":4.0},{"damage":10.0,"enemies":"Looter","floor":4.0,"turns":4.0},{"damage":6.0,"enemies":"2 Fungi Beasts","floor":5.0,"turns":3.0},{"damage":2.0,"enemies":"3 Sentries","floor":6.0,"turns":9.0},{"damage":4.0,"enemies":"Exordium Thugs","floor":10.0,"turns":6.0},{"damage":5.0,"enemies":"Red Slaver","floor":11.0,"turns":5.0},{"damage":7.0,"enemies":"2 Fungi Beasts","floor":13.0,"turns":3.0},{"damage":19.0,"enemies":"Replay:BlueRogue","floor":14.0,"turns":8.0},{"damage":32.0,"enemies":"Fading Forest","floor":16.0,"turns":11.0},{"damage":12.0,"enemies":"2 Thieves","floor":18.0,"turns":5.0},{"damage":12.0,"enemies":"Spheric Guardian","floor":19.0,"turns":3.0},{"damage":18.0,"enemies":"Centurion and Healer","floor":20.0,"turns":7.0},{"damage":13.0,"enemies":"Book of Stabbing","floor":24.0,"turns":5.0},{"damage":37.0,"enemies":"Gremlin Leader","floor":28.0,"turns":9.0},{"damage":20.0,"enemies":"3 Cultists","floor":29.0,"turns":5.0},{"damage":10.0,"enemies":"Replay:Snechameleon","floor":30.0,"turns":7.0},{"damage":4.0,"enemies":"Shelled Parasite and Fungi","floor":31.0,"turns":4.0},{"damage":6.0,"enemies":"Champ","floor":33.0,"turns":12.0},{"damage":14.0,"enemies":"3 Shapes","floor":35.0,"turns":3.0},{"damage":7.0,"enemies":"Orb Walker","floor":36.0,"turns":4.0},{"damage":6.0,"enemies":"Maw","floor":41.0,"turns":7.0},{"damage":23.0,"enemies":"Reptomancer","floor":45.0,"turns":9.0},{"damage":43,"enemies":"Spire Growth","floor":46,"turns":5},{"damage":88,"enemies":"4 Shapes","floor":48,"turns":7},{"damage":59,"enemies":"Time Eater","floor":50,"turns":9}],"seed_played":"-3067970973041981934","potions_obtained":[{"floor":3.0,"key":"SkillPotion"},{"floor":4.0,"key":"Energy Potion"},{"floor":11.0,"key":"champ:CounterPotion"},{"floor":14.0,"key":"FairyPotion"},{"floor":16.0,"key":"SteroidPotion"},{"floor":20.0,"key":"champ:CounterPotion"},{"floor":24.0,"key":"champ:CounterPotion"},{"floor":27.0,"key":"AttackPotion"},{"floor":31.0,"key":"Toxic Potion"},{"floor":33.0,"key":"Block Potion"},{"floor":34.0,"key":"Ancient Potion"},{"floor":48,"key":"ColorlessPotion"}],"is_trial":false,"path_per_floor":["M","M","M","M","M","E","R","?","T","M","M","R","M","E","R","B",null,"M","M","M","$","?","R","E","R","T","?","E","M","E","M","R","B",null,"M","M","?","$","?","R","M","R","T","?","E","M","R","M","R_BF","B",null],"character_chosen":"NECROMANCER","items_purchased":["Pet Ghost","Replay:Mystery Machine","PrismaticShard","Vampiric_Strike","Jack Of All Trades","Mayhem","Block Potion","StoneCalendar","Blood_Whip","aspiration:Lifesprig","Nunchaku","Lee\u0027s Waffle"],"campfire_rested":1,"item_purchase_floors":[0,0,0,0,0,0,0,21,21,38,38,38],"current_hp_per_floor":[50,53,48,48,48,56,56,56,56,56,53,53,52,37,59,43,75,69,61,55,55,39,39,30,45,45,45,22,14,11,13,31,43,80,74,71,71,87,82,87,83,87,87,87,80,43,64,24,45,22],"gold":190,"neow_bonus":"","is_daily":false,"chose_seed":false,"campfire_upgraded":8,"win_rate":0.0,"timestamp":1610002362,"path_taken":["M","M","M","M","M","E","R","?","T","M","M","R","M","E","R","BOSS","M","M","M","$","?","R","E","R","T","?","E","M","E","M","R","BOSS","M","M","?","$","?","R","M","R","T","?","E","M","R","M","R_BF","BOSS"],"items_purchased_type":["Relic","Relic","Relic","Card","Card","Card","Potion","Relic","Card","Relic","Relic","Relic"],"build_version":"2020-12-22","purchased_purges":0,"victory":true,"max_hp_per_floor":[75,75,75,75,75,75,75,75,75,75,75,75,75,75,75,75,75,75,75,75,75,75,75,75,75,75,75,75,75,75,75,75,75,80,80,80,80,87,87,87,87,87,87,87,87,87,87,87,87,87],"card_choices":[{"not_picked":["Twin Strike","Cold Snap"],"picked":"SashWhip","floor":1.0},{"not_picked":["Slimebound:RollThrough","Violent_Necrosis","champ:FocusedGladiator"],"picked":"SKIP","floor":2.0},{"not_picked":["Cursed Blade","Slimebound:SamplingLick"],"picked":"Im Angry","floor":3.0},{"not_picked":["Sweeping Beam","sneckomod:SoulDraw"],"picked":"hermit:EyeOfTheStorm","floor":4.0},{"not_picked":["UnstableBomb","Flex"],"picked":"Blood_Shield","floor":5.0},{"not_picked":["Guardian:ArmoredProtocol","Guardian:PrismaticBeam"],"picked":"Entrench","floor":6.0},{"not_picked":["Bones_to_Steel","hermit:TakeAim","Break Into"],"picked":"SKIP","floor":10.0},{"not_picked":["Flex","Guardian:PiercingHide"],"picked":"TalkToTheHand","floor":11.0},{"not_picked":["sneckomod:DiceCrush","Furious"],"picked":"Inflame","floor":13.0},{"not_picked":["Guardian:TemporalShield","champ:BladeFlurry","Feel No Pain"],"picked":"SKIP","floor":14.0},{"not_picked":["hexamod:TimeWarp","Duplication"],"picked":"Mayhem","floor":16.0},{"not_picked":["DC","hexamod:Firestarter","Slimebound:RejuvenatingLick"],"picked":"SKIP","floor":18.0},{"not_picked":["EmptyFist+1","Slimebound:DouseInSlime"],"picked":"hermit:Coalescence","floor":19.0},{"not_picked":["Barrage","Pummel"],"picked":"sneckomod:UnknownVulnerable+1","floor":20.0},{"not_picked":["FairyDestructionRay","Replay:BluntJabs+1"],"picked":"champ:ShieldWall","floor":24.0},{"not_picked":["FollowUp","Whirlwind_of_Bones+1"],"picked":"TheCursedMod:TacticalStrike","floor":28.0},{"not_picked":["hexamod:NightmareGuise","champ:GutPunch"],"picked":"Bone_Armor","floor":29.0},{"not_picked":["Slimebound:GoopTackle","expansioncontent:PrepareCrush"],"picked":"Pommel Strike+1","floor":30.0},{"not_picked":["Chill","sneckomod:UnknownUncommonPower"],"picked":"sneckomod:UnknownClassDEFAULT_GRAY_COLOR","floor":31.0},{"not_picked":["champ:FlashCut","sneckomod:Unknown2Cost+1"],"picked":"hermit:Scavenge+1","floor":34.0},{"not_picked":["Guardian:TimeBomb","sneckomod:UnknownCommonAttack+1","Adaptation+1"],"picked":"SKIP","floor":35.0},{"not_picked":["Iron Wave","champ:FanOfKnives+1"],"picked":"Sweeping Beam","floor":36.0},{"not_picked":["ReplayTheSpireMod:Private Reserves","Purity"],"picked":"Finesse","floor":39.0},{"not_picked":["expansioncontent:SlimeTackle","expansioncontent:SuperHexaguard"],"picked":"expansioncontent:Chronoboost","floor":39.0},{"not_picked":["Guardian:BronzeOrb","Replay:AllIn","DoubleEdge"],"picked":"SKIP","floor":41.0},{"not_picked":["hexamod:HeatCrush","Poisoned Stab"],"picked":"Negative_Energy_Shield+1","floor":45},{"not_picked":["sneckomod:DiceBlock","sneckomod:UnknownVulnerable+1"],"picked":"Self Repair","floor":46},{"not_picked":["JustLucky","Bone_Bullets"],"picked":"Calculated Gamble","floor":48}],"player_experience":349727,"relics_obtained":[{"floor":6.0,"key":"Replay:Baseball"},{"floor":9.0,"key":"Juzu Bracelet"},{"floor":14.0,"key":"Gremlin Food"},{"floor":22.0,"key":"Nilry\u0027s Codex"},{"floor":24.0,"key":"Eternal Feather"},{"floor":26.0,"key":"HornCleat"},{"floor":27.0,"key":"hubris:DeckOfHolding"},{"floor":28.0,"key":"Akabeko"},{"floor":30.0,"key":"Boot"},{"floor":43.0,"key":"Pantograph"},{"floor":45,"key":"Happy Flower"}],"event_choices":[{"damage_healed":0.0,"max_hp_gain":0.0,"max_hp_loss":0.0,"gold_gain":0.0,"cards_transformed":["Defend_W"],"event_name":"Transmorgrifier","player_choice":"Transformed","floor":8.0,"gold_loss":0.0,"damage_taken":0.0,"cards_obtained":["Negative_Energy_Bomb"]},{"damage_healed":0.0,"max_hp_gain":0.0,"max_hp_loss":0.0,"gold_gain":0.0,"event_name":"Cursed Tome","player_choice":"Obtained Book","floor":22.0,"gold_loss":0.0,"damage_taken":16.0},{"damage_healed":0.0,"max_hp_gain":0.0,"max_hp_loss":0.0,"gold_gain":0.0,"event_name":"Tomb of Lord Red Mask","player_choice":"Ignored","floor":37.0,"gold_loss":0.0,"damage_taken":0.0},{"damage_healed":0.0,"max_hp_gain":0.0,"max_hp_loss":0.0,"gold_gain":0.0,"event_name":"SensoryStone","player_choice":"Memory 2","floor":39.0,"gold_loss":0.0,"damage_taken":5.0},{"damage_healed":0.0,"max_hp_gain":0.0,"max_hp_loss":0.0,"gold_gain":0.0,"event_name":"Duplicator","player_choice":"Copied","floor":44.0,"gold_loss":0.0,"damage_taken":0.0,"cards_obtained":["hermit:EyeOfTheStorm"]},{"cards_removed":["Negative_Energy_Bomb"],"damage_healed":0,"gold_gain":0,"player_choice":"Purged","damage_taken":0,"max_hp_gain":0,"max_hp_loss":0,"event_name":"Purifier","floor":49,"gold_loss":0}],"is_beta":false,"boss_relics":[{"not_picked":["Pandora\u0027s Box","hubris:RunicObelisk"],"picked":"Replay:Bronze Core"},{"not_picked":["Replay:Drink Me","hubris:GrandSneckoEye"],"picked":"Tiny House"}],"items_purged_floors":[],"is_endless":false,"potions_floor_spawned":[3,4,11,14,16,20,24,31,33,35,41,48],"ascension_level":0}}