{"host":"7nm1ow5v9mg4ehcw","time":1610048471,"event":{"mods":["BaseMod","Highlight Path","Minty Spire (QoL Compilation)","StSLib"],"gold_per_floor":[113,126,76,89,59,92,92,103,154,167,195,195,223,243,243,340,340,350,48,48,68,68,68,97,108,132,132,132,160,160,58,58,155,155,170,186,236,248,293,328,328,328,351,351,380,393,420,439,439,439,439,439,119,148,148],"floor_reached":56,"playtime":2914,"items_purged":["Shame","Strike_R+1"],"score":1418,"play_id":"fe297b59-dd28-4fcb-8e54-49d80f40717c","local_time":"20210107204111","is_ascension_mode":false,"campfire_choices":[{"floor":7,"key":"REST"},{"data":"Evolve","floor":15,"key":"SMITH"},{"floor":23,"key":"RECALL"},{"data":"J.A.X.","floor":28,"key":"SMITH"},{"data":"Limit Break","floor":32,"key":"SMITH"},{"floor":42,"key":"DIG"},{"floor":49,"key":"DIG"},{"floor":52,"key":"DIG"}],"circlet_count":0,"master_deck":["Strike_R+1","Strike_R+1","Strike_R+1","Defend_R+1","Defend_R+1","Defend_R+1","Defend_R+1","Bash","Shrug It Off","Uppercut+1","Evolve+1","Pommel Strike","Twin Strike","Power Through","Flex","Fiend Fire+1","CurseOfTheBell","Perfected Strike+1","Shrug It Off","Necronomicurse","Disarm","Perfected Strike+1","J.A.X.+1","Limit Break+1","Double Tap","Wild Strike+1","Power Through","Shrug It Off","Flex+1","Flash of Steel+1","Thinking Ahead","Heavy Blade+1","Dropkick+1","Heavy Blade+1"],"relics":["Burning Blood","Ancient Tea Set","Mummified Hand","Pen Nib","Strawberry","Molten Egg 2","Calling Bell","Bag of Marbles","Kunai","Thread and Needle","Nunchaku","HandDrill","Blood Vial","Necronomicon","Smiling Mask","Toy Ornithopter","Mark of Pain","CaptainsWheel","Shovel","Letter Opener","Pear","Bag of Preparation","Bottled Flame","Mercury Hourglass","Pantograph","Bottled Tornado","Anchor","Lantern"],"acts_visited":["Exordium","TheCity","TheBeyond","TheEnding"],"potions_floor_usage":[6,11,13,16,29,33,37,39,40,50,55,55,55,55],"damage_taken":[{"damage":1,"enemies":"Cultist","floor":1,"turns":3},{"damage":0,"enemies":"2 Louse","floor":2,"turns":2},{"damage":0,"enemies":"Small Slimes","floor":4,"turns":5},{"damage":41,"enemies":"Gremlin Nob","floor":6,"turns":7},{"damage":25,"enemies":"Exordium Thugs","floor":8,"turns":6},{"damage":3,"enemies":"Looter","floor":10,"turns":4},{"damage":25,"enemies":"3 Sentries","floor":11,"turns":9},{"damage":8,"enemies":"Lagavulin","floor":13,"turns":7},{"damage":2,"enemies":"Blue Slaver","floor":14,"turns":4},{"damage":13,"enemies":"Hexaghost","floor":16,"turns":8},{"damage":3,"enemies":"Chosen","floor":18,"turns":4},{"damage":0,"enemies":"Shell Parasite","floor":21,"turns":3},{"damage":11,"enemies":"Slavers","floor":24,"turns":5},{"damage":9,"enemies":"Centurion and Healer","floor":25,"turns":5},{"damage":3,"enemies":"Gremlin Leader","floor":29,"turns":1},{"damage":15,"enemies":"Collector","floor":33,"turns":5},{"damage":0,"enemies":"3 Shapes","floor":35,"turns":4},{"damage":0,"enemies":"Orb Walker","floor":36,"turns":1},{"damage":27,"enemies":"Mind Bloom Boss Battle","floor":37,"turns":5},{"damage":0,"enemies":"Maw","floor":38,"turns":6},{"damage":3,"enemies":"2 Orb Walkers","floor":39,"turns":5},{"damage":5,"enemies":"Reptomancer","floor":40,"turns":5},{"damage":6,"enemies":"Giant Head","floor":45,"turns":6},{"damage":4,"enemies":"Jaw Worm Horde","floor":46,"turns":5},{"damage":1,"enemies":"Nemesis","floor":47,"turns":5},{"damage":0,"enemies":"4 Shapes","floor":48,"turns":3},{"damage":58,"enemies":"Time Eater","floor":50,"turns":10},{"damage":3,"enemies":"Shield and Spear","floor":54,"turns":4},{"damage":32,"enemies":"The Heart","floor":55,"turns":5}],"seed_played":"-4065347290726389976","potions_obtained":[{"floor":4,"key":"Weak Potion"},{"floor":5,"key":"AttackPotion"},{"floor":5,"key":"BloodPotion"},{"floor":6,"key":"Weak Potion"},{"floor":11,"key":"DuplicationPotion"},{"floor":14,"key":"AttackPotion"},{"floor":16,"key":"Dexterity Potion"},{"floor":18,"key":"AttackPotion"},{"floor":33,"key":"SteroidPotion"},{"floor":38,"key":"Regen Potion"},{"floor":45,"key":"DuplicationPotion"},{"floor":46,"key":"EntropicBrew"}],"is_trial":false,"path_per_floor":["M","M","?","M","?","E","R","M","T","M","E","?","E","M","R","B",null,"M","$","?","M","?","R","E","M","T","?","R","E","?","$","R","B",null,"M","M","?","M","?","E","?","R","T","?","E","M","E","M","R","B",null,"R","$","E","B",null],"character_chosen":"IRONCLAD","items_purchased":["Nunchaku","HandDrill","Swift Potion","Anchor","Strength Potion","Dropkick+1"],"campfire_rested":1,"item_purchase_floors":[19,19,31,53,53,53],"current_hp_per_floor":[80,80,80,80,80,45,69,50,50,53,57,57,55,59,59,52,87,87,87,87,87,71,71,68,67,67,67,67,72,72,72,72,70,87,87,87,66,74,84,87,82,92,92,92,94,97,97,97,97,65,97,97,97,97,86],"gold":148,"neow_bonus":"RANDOM_COMMON_RELIC","is_daily":false,"chose_seed":false,"campfire_upgraded":3,"win_rate":0.0,"timestamp":1610048471,"path_taken":["M","?","?","M","?","E","R","?","T","M","E","?","E","M","R","BOSS","M","$","?","M","?","R","E","M","T","?","R","E","?","$","R","BOSS","M","M","?","M","?","E","?","R","T","?","E","M","E","M","R","BOSS","R","$","E","BOSS"],"items_purchased_type":["Relic","Relic","Potion","Relic","Potion","Card"],"build_version":"2020-12-22","purchased_purges":2,"victory":true,"max_hp_per_floor":[80,80,80,80,80,80,80,80,80,80,87,87,87,87,87,87,87,87,87,87,87,87,87,87,87,87,87,87,87,87,87,87,87,87,87,87,87,87,87,87,87,97,97,97,97,97,97,97,97,97,97,97,97,97,97],"card_choices":[{"not_picked":["Wild Strike","Seeing Red"],"picked":"Shrug It Off","floor":1},{"not_picked":["Twin Strike","Pommel Strike"],"picked":"Uppercut","floor":2},{"not_picked":["Wild Strike","Combust"],"picked":"Evolve","floor":4},{"not_picked":["Carnage","Anger","Iron Wave"],"picked":"SKIP","floor":6},{"not_picked":["Bloodletting","Twin Strike","Clash"],"picked":"SKIP","floor":8},{"not_picked":["True Grit","Pummel"],"picked":"Pommel Strike","floor":10},{"not_picked":["Sever Soul","Blood for Blood"],"picked":"Twin Strike","floor":11},{"not_picked":["Rage","Dark Embrace"],"picked":"Power Through","floor":13},{"not_picked":["Havoc","Twin Strike+1"],"picked":"Flex","floor":14},{"not_picked":["Feed+1","Bludgeon+1"],"picked":"Fiend Fire+1","floor":16},{"not_picked":["Rupture","Headbutt+1"],"picked":"Perfected Strike+1","floor":18},{"not_picked":["Body Slam+1","Havoc"],"picked":"Shrug It Off","floor":21},{"not_picked":["Bloodletting+1","Rampage+1"],"picked":"Disarm","floor":24},{"not_picked":["Dark Embrace","Havoc"],"picked":"Perfected Strike+1","floor":25},{"not_picked":["Intimidate","Metallicize"],"picked":"Limit Break","floor":29},{"not_picked":["Demon Form","Feed+1"],"picked":"Double Tap","floor":33},{"not_picked":["Thunderclap+1","Burning Pact"],"picked":"Wild Strike+1","floor":35},{"not_picked":["Wild Strike+1","Pummel+1"],"picked":"Power Through","floor":36},{"not_picked":["Hemokinesis+1","Sword Boomerang+1"],"picked":"Shrug It Off","floor":37},{"not_picked":["True Grit+1","Anger+1","Sword Boomerang+1"],"picked":"SKIP","floor":38},{"not_picked":["Pummel+1","Combust+1"],"picked":"Flex+1","floor":39},{"not_picked":["Thunderclap+1","Body Slam+1","Cleave+1"],"picked":"SKIP","floor":40},{"not_picked":["Trip","Discovery"],"picked":"Flash of Steel+1","floor":41},{"not_picked":["Dark Shackles","Panacea"],"picked":"Thinking Ahead","floor":41},{"not_picked":["Combust+1","Second Wind+1","Rage+1"],"picked":"SKIP","floor":45},{"not_picked":["Pommel Strike+1","Spot Weakness+1"],"picked":"Heavy Blade+1","floor":46},{"not_picked":["Sentinel+1","Blood for Blood+1","Rampage+1"],"picked":"SKIP","floor":47},{"not_picked":["Flex","Iron Wave+1","Sword Boomerang+1"],"picked":"SKIP","floor":48},{"not_picked":["Hemokinesis+1","True Grit+1"],"picked":"Heavy Blade+1","floor":54}],"player_experience":335090,"relics_obtained":[{"floor":6,"key":"Mummified Hand"},{"floor":9,"key":"Pen Nib"},{"floor":11,"key":"Strawberry"},{"floor":13,"key":"Molten Egg 2"},{"floor":17,"key":"Bag of Marbles"},{"floor":17,"key":"Kunai"},{"floor":17,"key":"Thread and Needle"},{"floor":22,"key":"Necronomicon"},{"floor":24,"key":"Smiling Mask"},{"floor":29,"key":"Toy Ornithopter"},{"floor":37,"key":"CaptainsWheel"},{"floor":39,"key":"Shovel"},{"floor":40,"key":"Letter Opener"},{"floor":42,"key":"Pear"},{"floor":43,"key":"Bag of Preparation"},{"floor":45,"key":"Bottled Flame"},{"floor":47,"key":"Mercury Hourglass"},{"floor":49,"key":"Pantograph"},{"floor":52,"key":"Bottled Tornado"},{"floor":54,"key":"Lantern"}],"event_choices":[{"cards_removed":["Strike_R"],"damage_healed":0,"gold_gain":0,"player_choice":"Card Removal","damage_taken":0,"max_hp_gain":0,"max_hp_loss":0,"event_name":"The Cleric","floor":3,"gold_loss":50},{"damage_healed":0,"gold_gain":0,"player_choice":"Bought 2 Potions","damage_taken":0,"max_hp_gain":0,"max_hp_loss":0,"event_name":"The Woman in Blue","floor":5,"gold_loss":0},{"damage_healed":0,"gold_gain":0,"player_choice":"Grow","damage_taken":0,"max_hp_gain":0,"max_hp_loss":0,"event_name":"Living Wall","floor":12,"gold_loss":0,"cards_upgraded":["Uppercut"]},{"damage_healed":0,"gold_gain":0,"player_choice":"Stole Relic","damage_taken":0,"relics_obtained":["Blood Vial"],"max_hp_gain":0,"max_hp_loss":0,"event_name":"Addict","floor":20,"gold_loss":0,"cards_obtained":["Shame"]},{"damage_healed":0,"gold_gain":0,"player_choice":"Obtained Book","damage_taken":16,"max_hp_gain":0,"max_hp_loss":0,"event_name":"Cursed Tome","floor":22,"gold_loss":0},{"damage_healed":0,"gold_gain":0,"player_choice":"Obtain J.A.X.","damage_taken":0,"max_hp_gain":0,"max_hp_loss":0,"event_name":"Drug Dealer","floor":27,"gold_loss":0,"cards_obtained":["J.A.X."]},{"damage_healed":0,"gold_gain":0,"player_choice":"Simplicity","damage_taken":0,"max_hp_gain":0,"max_hp_loss":0,"event_name":"Back to Basics","floor":30,"gold_loss":0,"cards_upgraded":["Strike_R","Strike_R","Strike_R","Strike_R","Defend_R","Defend_R","Defend_R","Defend_R"]},{"damage_healed":0,"gold_gain":0,"player_choice":"Fight","damage_taken":0,"max_hp_gain":0,"max_hp_loss":0,"event_name":"MindBloom","floor":37,"gold_loss":0},{"damage_healed":0,"gold_gain":0,"player_choice":"Fight","damage_taken":0,"max_hp_gain":0,"max_hp_loss":0,"event_name":"Mysterious Sphere","floor":39,"gold_loss":0},{"damage_healed":0,"gold_gain":0,"player_choice":"Memory 2","damage_taken":5,"max_hp_gain":0,"max_hp_loss":0,"event_name":"SensoryStone","floor":41,"gold_loss":0},{"damage_healed":0,"gold_gain":0,"player_choice":"Ignored","damage_taken":0,"max_hp_gain":0,"max_hp_loss":0,"event_name":"SecretPortal","floor":44,"gold_loss":0}],"is_beta":false,"boss_relics":[{"not_picked":["Empty Cage","Philosopher\u0027s Stone"],"picked":"Calling Bell"},{"not_picked":["SlaversCollar","Fusion Hammer"],"picked":"Mark of Pain"}],"items_purged_floors":[31,53],"is_endless":false,"potions_floor_spawned":[4,6,11,14,16,18,25,33,36,38,45,46],"ascension_level":0}}