{"host":"4qkvkh7pd9qr2mca","time":1610055911,"event":{"mods":["AchievementEnabler","BaseMod","Colored Map","Colored Powertips","Highlight Path","Minty Spire (QoL Compilation)","Permanent Neow","Quick Restart","StSLib","SuperFastMode"],"gold_per_floor":[115,115,115,115,125,151,151,184,184,212,212,230,244,260,260,260,260],"floor_reached":16,"playtime":608,"items_purged":[],"score":290,"play_id":"eb0a2f7a-09f9-4039-9887-376197b622a3","local_time":"20210107224511","is_ascension_mode":true,"campfire_choices":[{"data":"Neutralize","floor":7,"key":"SMITH"},{"floor":11,"key":"REST"},{"data":"Well Laid Plans","floor":15,"key":"SMITH"}],"circlet_count":0,"master_deck":["AscendersBane","Strike_G","Strike_G","Strike_G","Strike_G","Defend_G","Defend_G","Defend_G","Defend_G","Defend_G","Survivor","Neutralize+1","Adrenaline","Crippling Poison","Backstab","Deadly Poison","Well Laid Plans+1"],"relics":["Ring of the Snake","Singing Bowl","Lantern","MealTicket","Akabeko"],"acts_visited":["Exordium"],"potions_floor_usage":[6,8,10,16,16],"damage_taken":[{"damage":4,"enemies":"Small Slimes","floor":1,"turns":6},{"damage":0,"enemies":"2 Louse","floor":5,"turns":3},{"damage":19,"enemies":"3 Sentries","floor":6,"turns":11},{"damage":26,"enemies":"Gremlin Nob","floor":8,"turns":4},{"damage":0,"enemies":"Lagavulin","floor":10,"turns":8},{"damage":0,"enemies":"Cultist","floor":12,"turns":2},{"damage":1,"enemies":"Blue Slaver","floor":13,"turns":3},{"damage":0,"enemies":"3 Louse","floor":14,"turns":4},{"damage":40,"enemies":"Hexaghost","floor":16,"turns":10}],"seed_played":"-4166679830158786801","potions_obtained":[{"floor":1,"key":"AttackPotion"},{"floor":4,"key":"Strength Potion"},{"floor":6,"key":"Dexterity Potion"},{"floor":10,"key":"Explosive Potion"},{"floor":12,"key":"FearPotion"},{"floor":14,"key":"AttackPotion"}],"is_trial":false,"path_per_floor":["M","?","?","?","M","E","R","E","T","E","R","M","M","M","R","B"],"character_chosen":"THE_SILENT","items_purchased":[],"campfire_rested":1,"item_purchase_floors":[],"current_hp_per_floor":[40,62,55,55,55,36,36,12,12,14,35,37,36,38,38,0,0],"gold":260,"neow_bonus":"THREE_RARE_CARDS","is_daily":false,"chose_seed":false,"campfire_upgraded":2,"win_rate":0.0,"timestamp":1610055911,"path_taken":["M","?","?","?","M","E","R","E","T","E","R","M","M","M","R","BOSS"],"items_purchased_type":[],"build_version":"2020-12-22","purchased_purges":0,"victory":false,"max_hp_per_floor":[66,66,66,66,66,66,66,68,68,70,70,72,72,74,74,74,74],"card_choices":[{"not_picked":["Phantasmal Killer","Doppelganger"],"picked":"Adrenaline","floor":0},{"not_picked":["Deflect","Concentrate"],"picked":"Crippling Poison","floor":1},{"not_picked":["Slice","Backflip"],"picked":"Backstab","floor":5},{"not_picked":["Poisoned Stab","Riddle With Holes"],"picked":"Deadly Poison","floor":6},{"not_picked":["Outmaneuver","Dagger Spray","Quick Slash"],"picked":"Singing Bowl","floor":8},{"not_picked":["Distraction","Skewer","Doppelganger"],"picked":"Singing Bowl","floor":10},{"not_picked":["Finisher","Deadly Poison","Underhanded Strike"],"picked":"Singing Bowl","floor":12},{"not_picked":["Reflex","Flechettes"],"picked":"Well Laid Plans","floor":13},{"not_picked":["Heel Hook","Cloak And Dagger","Choke"],"picked":"Singing Bowl","floor":14}],"player_experience":508819,"relics_obtained":[{"floor":6,"key":"Singing Bowl"},{"floor":8,"key":"Lantern"},{"floor":9,"key":"MealTicket"},{"floor":10,"key":"Akabeko"}],"event_choices":[{"damage_healed":22,"gold_gain":0,"player_choice":"Banana","damage_taken":0,"max_hp_gain":0,"max_hp_loss":0,"event_name":"Big Fish","floor":2,"gold_loss":0},{"cards_removed":["Strike_G"],"damage_healed":0,"gold_gain":0,"player_choice":"Card Removal","damage_taken":7,"max_hp_gain":0,"max_hp_loss":0,"event_name":"Golden Wing","floor":3,"gold_loss":0},{"damage_healed":0,"gold_gain":0,"player_choice":"Got Potions","damage_taken":0,"max_hp_gain":0,"max_hp_loss":0,"event_name":"Lab","floor":4,"gold_loss":0}],"is_beta":false,"boss_relics":[],"items_purged_floors":[],"is_endless":false,"potions_floor_spawned":[1,6,10,12,14],"killed_by":"Hexaghost","ascension_level":20}}