{"host":"axbb6sj12fvt0d3b","time":1610032184,"event":{"mods":["AchievementEnabler","BaseMod","Better Altar","Better Match","Better Note","Better Sensory Stone","Better Skull","Better Third Choice","BetterRewards","Colored Map","Conspire","Downfall","Hermit","Highlight Path","Infinite Spire","Mimic Mod","Minty Spire (QoL Compilation)","Replay The Spire","Shop Mod","Spicy Shops","StSLib","The Cursed","The Jungle","The Runesmith","The Sage"],"gold_per_floor":[118,118,118,138,151,151,167,177,177,187,187,187,187,212,212,333,333,358,358,372,372,372],"floor_reached":21,"playtime":1369,"items_purged":[],"score":173,"play_id":"584bf99c-a017-41a3-a929-d23f8f70afa5","local_time":"20210107090944","is_ascension_mode":false,"campfire_choices":[{"floor":6,"key":"REST"},{"data":"hermit:FlashPowder","floor":11,"key":"SMITH"},{"floor":13,"key":"REST"},{"data":"hermit:TakeAim","floor":15,"key":"SMITH"}],"circlet_count":0,"master_deck":["hermit:Strike_Hermit","hermit:Strike_Hermit","hermit:Strike_Hermit","hermit:Defend_Hermit","hermit:Defend_Hermit","hermit:Defend_Hermit","hermit:Defend_Hermit","hermit:Snapshot","hermit:Covet","hermit:WideOpen","hermit:FlashPowder+1","hermit:Headshot","hermit:Quickdraw","hermit:TrackingShot","hermit:TakeAim+1","hermit:EyeOfTheStorm","hermit:BigShot+1","hermit:DeadOrAlive","hermit:ItchyTrigger+1","hermit:Dive"],"relics":["hermit:ClaspedLocket","Centennial Puzzle","Bag of Marbles","Golden Idol"],"acts_visited":["Exordium","TheCity"],"potions_floor_usage":[16,16,18,18,21],"damage_taken":[{"damage":11,"enemies":"conspire:RoseBush","floor":1,"turns":2},{"damage":0,"enemies":"Small Slimes","floor":4,"turns":3},{"damage":0,"enemies":"Jaw Worm","floor":5,"turns":4},{"damage":2,"enemies":"Looter","floor":7,"turns":3},{"damage":0,"enemies":"3 Louse","floor":8,"turns":4},{"damage":0,"enemies":"Lots of Slimes","floor":10,"turns":5},{"damage":0,"enemies":"Looter","floor":14,"turns":3},{"damage":30,"enemies":"Hexaghost","floor":16,"turns":7},{"damage":34,"enemies":"conspire:FuzzyDice","floor":18,"turns":5},{"damage":5,"enemies":"Spheric Guardian","floor":20,"turns":3},{"damage":19,"enemies":"Snake Plant","floor":21,"turns":4}],"seed_played":"-2128789883702292132","potions_obtained":[{"floor":7,"key":"Weak Potion"},{"floor":8,"key":"PowerPotion"},{"floor":10,"key":"Energy Potion"},{"floor":14,"key":"Explosive Potion"},{"floor":16,"key":"LiquidMemories"},{"floor":20,"key":"hermit:Tonic"}],"is_trial":false,"path_per_floor":["M","?","?","M","M","R","M","M","T","M","R","?","R","M","R","B",null,"M","?","M","M"],"character_chosen":"HERMIT","items_purchased":[],"campfire_rested":2,"item_purchase_floors":[],"current_hp_per_floor":[64,64,64,64,64,75,73,73,73,73,73,55,75,75,75,45,75,41,41,36,17,17],"gold":372,"neow_bonus":"THREE_CARDS","is_daily":false,"chose_seed":false,"campfire_upgraded":2,"win_rate":0.0,"timestamp":1610032184,"path_taken":["M","?","?","M","M","R","M","M","T","M","R","?","R","?","R","BOSS","M","?","M","?"],"items_purchased_type":[],"build_version":"2020-12-22","purchased_purges":0,"victory":false,"max_hp_per_floor":[75,75,75,75,75,75,75,75,75,75,75,75,75,75,75,75,75,75,75,75,75,75],"card_choices":[{"not_picked":["hermit:Desperado","hermit:Maintenance"],"picked":"hermit:WideOpen","floor":0},{"not_picked":["hermit:Vantage","hermit:HoleUp"],"picked":"hermit:FlashPowder","floor":1},{"not_picked":["hermit:EyeOfTheStorm","hermit:WideOpen"],"picked":"hermit:Headshot","floor":4},{"not_picked":["hermit:Combo","hermit:Ricochet"],"picked":"hermit:Quickdraw","floor":5},{"not_picked":["hermit:CalledShot","hermit:BodyArmor"],"picked":"hermit:TrackingShot","floor":7},{"not_picked":["hermit:CalledShot","hermit:FinalCanter"],"picked":"hermit:TakeAim","floor":8},{"not_picked":["hermit:HoleUp","hermit:SprayPray"],"picked":"hermit:EyeOfTheStorm","floor":10},{"not_picked":["hermit:TakeAim","hermit:Midnight"],"picked":"hermit:BigShot","floor":14},{"not_picked":["hermit:Purgatory","hermit:Reprieve"],"picked":"hermit:DeadOrAlive","floor":16},{"not_picked":["hermit:DeadMansHand+1","hermit:Desperado"],"picked":"hermit:ItchyTrigger+1","floor":18},{"not_picked":["hermit:SprayPray","hermit:Glare"],"picked":"hermit:Dive","floor":20}],"player_experience":110604,"relics_obtained":[{"floor":3,"key":"Centennial Puzzle"},{"floor":9,"key":"Bag of Marbles"}],"event_choices":[{"damage_healed":0,"gold_gain":0,"player_choice":"Take Damage","damage_taken":18,"relics_obtained":["Golden Idol"],"max_hp_gain":0,"max_hp_loss":0,"event_name":"Golden Idol","floor":12,"gold_loss":0},{"damage_healed":0,"gold_gain":0,"player_choice":"Upgraded","damage_taken":0,"max_hp_gain":0,"max_hp_loss":0,"event_name":"Upgrade Shrine","floor":19,"gold_loss":0,"cards_upgraded":["hermit:BigShot"]}],"is_beta":false,"boss_relics":[{"not_picked":["Replay:Wanted Poster","ReplayTheSpireMod:SealedPack"],"picked":"hermit:ClaspedLocket"}],"items_purged_floors":[],"is_endless":false,"potions_floor_spawned":[7,8,10,14,16,20],"killed_by":"Snake Plant","ascension_level":0}}