{"host":"9kuc8qxv67wkis18","time":1610060395,"event":{"mods":["2.2 Compatiblity","AchievementEnabler","Aspiration","Astrologer","Bard","BaseMod","Beaked The Cultist","Bestiary","Better Note","Better Third Choice","Block Reminder","Challenge The Spire","ChefMod","Conspire","Curses Come First","GifTheSpireLib","Glutton Mod","Halation","Hermit","Highlight Path","Hubris","Infinite Spire","Jorbs\u0027s Wanderer Trilogy","Marked Mod","Melee Mod","Minty Spire (QoL Compilation)","Permanent Neow","Potionbrewer","Random Character Button","Rare Cards Sparkle","Replay The Spire","Shade Mod","Somnambulant","Spikes Relics","StSLib","Stuff the Spire","The Accelerator","The Blue Laboratory","The Caster","The Construct","The Cursed","The Disciple","The Florist","The Forsaken","The Hierophant","The Judge","The Juggle","The Jungle","The Marked","The Necromancer","The Showman","The Wild Card","TheArtist","Thieving Mod","everything is the same but u backflip on backflip","thorton","vexMod"],"gold_per_floor":[112,125,143,69,69,96,171,171,243,255,282,334,348,363,363,461,461,479,479,479],"floor_reached":19,"playtime":1258,"items_purged":[],"score":197,"play_id":"b1eafa8f-bf3a-4b99-bd0f-aaf59232e521","local_time":"20210107175955","is_ascension_mode":true,"campfire_choices":[{"floor":15,"key":"REST"}],"circlet_count":0,"master_deck":["hermit:Strike_Hermit","hermit:Strike_Hermit","hermit:Strike_Hermit","hermit:Strike_Hermit","hermit:Defend_Hermit","hermit:Defend_Hermit","hermit:Defend_Hermit","hermit:Defend_Hermit","hermit:Snapshot","hermit:Covet","hermit:HighCaliber","hermit:FullyLoaded","hermit:Showdown","hermit:HighNoon"],"relics":["hermit:Momento","Ancient Tea Set","halation:RedSoulGem","Pen Nib","StuffTheSpire:ForceGauntlet","StuffTheSpire:Mouthbags","conspire:RoyalGoblet"],"acts_visited":["Exordium","TheCity"],"potions_floor_usage":[10,14],"damage_taken":[{"damage":3,"enemies":"Small Slimes","floor":1,"turns":3},{"damage":1,"enemies":"2 Louse","floor":2,"turns":3},{"damage":2,"enemies":"Jaw Worm","floor":3,"turns":2},{"damage":27,"enemies":"Gremlin Nob","floor":6,"turns":5},{"damage":5,"enemies":"Gremlin Gang","floor":10,"turns":6},{"damage":26,"enemies":"Lagavulin","floor":11,"turns":6},{"damage":0,"enemies":"Large Slime","floor":13,"turns":4},{"damage":0,"enemies":"2 Fungi Beasts","floor":14,"turns":2},{"damage":30,"enemies":"Slime Boss","floor":16,"turns":9},{"damage":30,"enemies":"Chosen","floor":18,"turns":5},{"damage":12,"enemies":"3 Byrds","floor":19,"turns":3}],"seed_played":"-3390868643606632939","potions_obtained":[{"floor":1,"key":"SteroidPotion"},{"floor":13,"key":"Fire Potion"},{"floor":16,"key":"PowerPotion"},{"floor":18,"key":"Elixir"}],"is_trial":false,"path_per_floor":["M","M","M","$","?","E","?","$","T","M","E","T","M","M","R","B",null,"M","M"],"character_chosen":"HERMIT","items_purchased":["hermit:FullyLoaded"],"campfire_rested":1,"item_purchase_floors":[4],"current_hp_per_floor":[72,71,69,69,69,42,42,42,42,37,11,11,11,11,33,3,75,45,33,33],"gold":479,"neow_bonus":"RANDOM_COMMON_RELIC","is_daily":false,"chose_seed":false,"campfire_upgraded":0,"win_rate":0.0,"timestamp":1610060395,"path_taken":["M","M","M","$","?","E","?","$","T","M","E","?","M","M","R","BOSS","M","?"],"items_purchased_type":["Card"],"build_version":"2020-12-22","purchased_purges":0,"victory":false,"max_hp_per_floor":[75,75,75,75,75,75,75,75,75,75,75,75,75,75,75,75,75,75,75,75],"card_choices":[{"not_picked":["hermit:Quickdraw","hermit:ItchyTrigger","hermit:NoHoldsBarred"],"picked":"SKIP","floor":1},{"not_picked":["hermit:Glare","hermit:Roughhouse"],"picked":"hermit:HighCaliber","floor":2},{"not_picked":["hermit:Midnight","hermit:ItchyTrigger","hermit:CalledShot"],"picked":"SKIP","floor":3},{"not_picked":["hermit:NoHoldsBarred","hermit:Spite","hermit:Combo"],"picked":"SKIP","floor":6},{"not_picked":["hermit:TrackingShot","hermit:Snipe"],"picked":"hermit:Showdown","floor":10},{"not_picked":["hermit:GhostlyPresence","hermit:SprayPray","hermit:Dive"],"picked":"SKIP","floor":11},{"not_picked":["hermit:OverwhelmingPower","hermit:TakeCover","hermit:Feint"],"picked":"SKIP","floor":13},{"not_picked":["hermit:Enervate","hermit:FlashPowder","hermit:Glare"],"picked":"SKIP","floor":14},{"not_picked":["hermit:Roughhouse","hermit:FatalDesire"],"picked":"hermit:HighNoon","floor":16},{"not_picked":["hermit:Dive+1","hermit:CalledShot+1","hermit:HoleUp+1"],"picked":"SKIP","floor":18}],"player_experience":197444,"relics_obtained":[{"floor":6,"key":"Pen Nib"},{"floor":9,"key":"StuffTheSpire:ForceGauntlet"},{"floor":11,"key":"StuffTheSpire:Mouthbags"}],"event_choices":[{"damage_healed":0,"gold_gain":75,"player_choice":"Gained Gold","damage_taken":0,"max_hp_gain":0,"max_hp_loss":0,"event_name":"Golden Wing","floor":7,"gold_loss":0}],"is_beta":false,"boss_relics":[{"not_picked":["Replay:Fungal Core","SacredBark"],"picked":"conspire:RoyalGoblet"}],"items_purged_floors":[],"is_endless":false,"potions_floor_spawned":[1,13,16,18],"killed_by":"3 Byrds","ascension_level":2}}