{"host":"exhp4inpfmbngj23","time":1610042001,"event":{"mods":["Abigail Mod","BaseMod","Beaked The Cultist","Friendly Minions","Gremlin Mod","Kiyohime????","Minty Spire (QoL Compilation)","StSLib","The Alterego"],"gold_per_floor":[113,113,113,113,213,213,232,249,249,249,266,266,296,310,310,413,413,433,147,147,162,181,215,215,215],"floor_reached":24,"playtime":1668,"items_purged":[],"score":265,"play_id":"7c5c4ce1-ef7c-4559-8e2f-1018dec2dc56","local_time":"20210107095321","is_ascension_mode":true,"campfire_choices":[{"data":"alterego_mod:BigMeatyClaws","floor":6,"key":"SMITH"},{"data":"alterego_mod:BrynhildrsRune","floor":12,"key":"SMITH"},{"floor":15,"key":"RECALL"}],"circlet_count":0,"master_deck":["alterego_mod:Strike","alterego_mod:Strike","alterego_mod:Strike","alterego_mod:Strike","alterego_mod:Defend","alterego_mod:Defend+1","alterego_mod:Defend","alterego_mod:Defend+1","alterego_mod:Impale+1","alterego_mod:BigMeatyClaws+1","alterego_mod:BrynhildrsRune+1","alterego_mod:Skirt","alterego_mod:Pet","alterego_mod:Undulate","alterego_mod:Bounce","alterego_mod:Mirror","alterego_mod:DestructionOfProperty","alterego_mod:Complex","alterego_mod:DeftHands","alterego_mod:DiscoLights+1","alterego_mod:GoddessCore","alterego_mod:ChallengeComplete+1","alterego_mod:AlterEgo+1","CurseOfTheBell","alterego_mod:Birthday+1","alterego_mod:Punishment+1","alterego_mod:BreastValley+1","alterego_mod:DeftHands","alterego_mod:Undulate+1"],"relics":["alterego_mod:MasochisticConstitution","Frozen Egg 2","Gremlin Horn","Calling Bell","Dream Catcher","Toxic Egg 2","Incense Burner","Shuriken","Ginger"],"acts_visited":["Exordium","TheCity"],"potions_floor_usage":[13,13,14,23,24],"damage_taken":[{"damage":11,"enemies":"Jaw Worm","floor":1,"turns":4},{"damage":0,"enemies":"Small Slimes","floor":7,"turns":3},{"damage":3,"enemies":"Cultist","floor":8,"turns":3},{"damage":15,"enemies":"3 Louse","floor":11,"turns":3},{"damage":0,"enemies":"Lagavulin","floor":13,"turns":6},{"damage":3,"enemies":"Red Slaver","floor":14,"turns":3},{"damage":12,"enemies":"Slime Boss","floor":16,"turns":6},{"damage":10,"enemies":"3 Byrds","floor":18,"turns":7},{"damage":22,"enemies":"Spheric Guardian","floor":21,"turns":4},{"damage":20,"enemies":"Snake Plant","floor":22,"turns":6},{"damage":31,"enemies":"Book of Stabbing","floor":23,"turns":7},{"damage":14,"enemies":"Masked Bandits","floor":24,"turns":2}],"seed_played":"-5013860222041096448","potions_obtained":[{"floor":1,"key":"Weak Potion"},{"floor":11,"key":"Fire Potion"},{"floor":13,"key":"Energy Potion"},{"floor":18,"key":"CultistPotion"},{"floor":21,"key":"Explosive Potion"}],"is_trial":false,"path_per_floor":["M","?","?","?","?","R","M","M","T","?","M","R","E","M","R","B",null,"M","$","?","M","M","E","?"],"character_chosen":"The_Alterego","items_purchased":["Shuriken","alterego_mod:Punishment+1"],"campfire_rested":0,"item_purchase_floors":[19,19],"current_hp_per_floor":[60,60,46,69,69,69,71,69,69,72,58,58,58,56,56,45,75,66,66,66,48,39,9,0,0],"gold":215,"neow_bonus":"UPGRADE_CARD","is_daily":false,"chose_seed":false,"campfire_upgraded":2,"win_rate":0.0,"timestamp":1610042001,"path_taken":["M","?","?","?","?","R","?","M","T","?","M","R","E","M","R","BOSS","M","$","?","?","M","E","?"],"items_purchased_type":["Relic","Card"],"build_version":"2020-12-22","purchased_purges":0,"victory":false,"max_hp_per_floor":[71,71,71,71,71,71,71,72,72,72,73,73,73,74,74,75,75,76,76,76,77,78,79,79,79],"card_choices":[{"not_picked":["alterego_mod:Valentines","alterego_mod:Clap"],"picked":"alterego_mod:Skirt","floor":1},{"not_picked":["alterego_mod:SuperDuperMasochism","alterego_mod:PerceptionDisorder"],"picked":"alterego_mod:Complex","floor":7},{"not_picked":["alterego_mod:Cycle","alterego_mod:PerceptionDisorder"],"picked":"alterego_mod:DeftHands","floor":8},{"not_picked":["alterego_mod:Tantrum","alterego_mod:SakuraPetals"],"picked":"alterego_mod:DiscoLights+1","floor":11},{"not_picked":["alterego_mod:Complex","alterego_mod:DestructionOfProperty"],"picked":"alterego_mod:GoddessCore","floor":13},{"not_picked":["alterego_mod:Punishment+1","alterego_mod:HighServant"],"picked":"alterego_mod:ChallengeComplete+1","floor":14},{"not_picked":["alterego_mod:Alter","alterego_mod:TrickOrTreatment+1"],"picked":"alterego_mod:AlterEgo+1","floor":16},{"not_picked":["alterego_mod:Belle","alterego_mod:Complex"],"picked":"alterego_mod:Birthday+1","floor":18},{"not_picked":["alterego_mod:SakuraFive","alterego_mod:Pet+1"],"picked":"alterego_mod:BreastValley+1","floor":21},{"not_picked":["alterego_mod:Exercise","alterego_mod:Complex"],"picked":"alterego_mod:DeftHands","floor":22},{"not_picked":["alterego_mod:HighServant+1","alterego_mod:RocketPunch"],"picked":"alterego_mod:Undulate+1","floor":23}],"player_experience":1906236,"relics_obtained":[{"floor":9,"key":"Frozen Egg 2"},{"floor":13,"key":"Gremlin Horn"},{"floor":17,"key":"Dream Catcher"},{"floor":17,"key":"Toxic Egg 2"},{"floor":17,"key":"Incense Burner"},{"floor":23,"key":"Ginger"}],"event_choices":[{"damage_healed":0,"gold_gain":0,"player_choice":"Entered Light","damage_taken":14,"max_hp_gain":0,"max_hp_loss":0,"event_name":"Shining Light","floor":3,"gold_loss":0,"cards_upgraded":["alterego_mod:Defend","alterego_mod:Defend"]},{"damage_healed":23,"gold_gain":0,"player_choice":"Banana","damage_taken":0,"max_hp_gain":0,"max_hp_loss":0,"event_name":"Big Fish","floor":4,"gold_loss":0},{"damage_healed":0,"gold_gain":100,"player_choice":"Pray","damage_taken":0,"max_hp_gain":0,"max_hp_loss":0,"event_name":"Golden Shrine","floor":5,"gold_loss":0},{"damage_healed":3,"gold_gain":0,"player_choice":"Full Heal","damage_taken":0,"max_hp_gain":0,"max_hp_loss":0,"event_name":"Wheel of Change","floor":10,"gold_loss":0},{"damage_healed":0,"gold_gain":0,"player_choice":"0 cards matched","damage_taken":0,"max_hp_gain":0,"max_hp_loss":0,"event_name":"Match and Keep!","floor":20,"gold_loss":0,"cards_obtained":[]},{"damage_healed":0,"gold_gain":0,"player_choice":"Fought Bandits","damage_taken":0,"max_hp_gain":0,"max_hp_loss":0,"event_name":"Masked Bandits","floor":24,"gold_loss":0}],"is_beta":false,"boss_relics":[{"not_picked":["Fusion Hammer","Velvet Choker"],"picked":"Calling Bell"}],"items_purged_floors":[],"is_endless":false,"potions_floor_spawned":[1,11,13,18,21],"killed_by":"Masked Bandits","ascension_level":2}}