{"host":"g01l53quoe6lrer0","time":1610035097,"event":{"mods":["2.2 Compatiblity","AchievementEnabler","BaseMod","Colored Map","Highlight Path","Keyboard Shortcuts","Minty Spire (QoL Compilation)","Permanent Neow","StSLib","SuperFastMode","everything is the same but u backflip on backflip"],"gold_per_floor":[369,369,381,381,400,400,426,426,476,502,502,522,253,266,266,362,362,379,379,282,292,307,307,307,317,317,317,336,352,12,23,23,120,120,133,151,203,253,269,269,302,302,302,313,213,231,30,44,44,44],"floor_reached":51,"playtime":2837,"items_purged":["Defend_P","Wish"],"score":1061,"play_id":"410cd160-6c24-4253-a4cc-039f1e6c4177","local_time":"20210108005817","is_ascension_mode":true,"campfire_choices":[{"data":"Eruption","floor":6.0,"key":"SMITH"},{"floor":8.0,"key":"REST"},{"floor":11.0,"key":"REST"},{"floor":15.0,"key":"REST"},{"data":"Adaptation","floor":23.0,"key":"SMITH"},{"floor":27.0,"key":"REST"},{"floor":32.0,"key":"REST"},{"floor":40.0,"key":"REST"},{"floor":49,"key":"REST"}],"circlet_count":0,"master_deck":["Strike_P","Strike_P","Eruption+1","Vigilance","Adaptation+1","FearNoEvil"],"relics":["PureWater","Omamori","Lantern","Darkstone Periapt","Orrery","Empty Cage","Shuriken","TungstenRod","Lizard Tail","Boot","Ginger","Toy Ornithopter","Toxic Egg 2","Bag of Preparation"],"acts_visited":["Exordium","TheCity","TheBeyond"],"potions_floor_usage":[46,50,50,50],"damage_taken":[{"damage":5.0,"enemies":"Jaw Worm","floor":1.0,"turns":7.0},{"damage":0.0,"enemies":"Cultist","floor":3.0,"turns":2.0},{"damage":16.0,"enemies":"Small Slimes","floor":5.0,"turns":5.0},{"damage":16.0,"enemies":"Gremlin Nob","floor":10.0,"turns":3.0},{"damage":0.0,"enemies":"Exordium Wildlife","floor":12.0,"turns":3.0},{"damage":0.0,"enemies":"3 Louse","floor":14.0,"turns":2.0},{"damage":34.0,"enemies":"The Guardian","floor":16.0,"turns":15.0},{"damage":4.0,"enemies":"3 Byrds","floor":18.0,"turns":4.0},{"damage":6.0,"enemies":"Shell Parasite","floor":21.0,"turns":3.0},{"damage":4.0,"enemies":"Shelled Parasite and Fungi","floor":22.0,"turns":3.0},{"damage":8.0,"enemies":"Snake Plant","floor":25.0,"turns":2.0},{"damage":0.0,"enemies":"Centurion and Healer","floor":28.0,"turns":3.0},{"damage":0.0,"enemies":"Chosen and Byrds","floor":29.0,"turns":3.0},{"damage":3.0,"enemies":"Cultist and Chosen","floor":31.0,"turns":4.0},{"damage":51.0,"enemies":"Automaton","floor":33.0,"turns":9.0},{"damage":8.0,"enemies":"3 Darklings","floor":35.0,"turns":4.0},{"damage":2.0,"enemies":"3 Shapes","floor":36.0,"turns":3.0},{"damage":2.0,"enemies":"Mind Bloom Boss Battle","floor":38.0,"turns":5.0},{"damage":0.0,"enemies":"Maw","floor":39.0,"turns":2.0},{"damage":0.0,"enemies":"Reptomancer","floor":41.0,"turns":2.0},{"damage":9.0,"enemies":"Sphere and 2 Shapes","floor":44.0,"turns":2.0},{"damage":15,"enemies":"4 Shapes","floor":46,"turns":2},{"damage":0,"enemies":"Transient","floor":48,"turns":5},{"damage":37,"enemies":"Time Eater","floor":50,"turns":6}],"seed_played":"-8571675214940057106","potions_obtained":[{"floor":5.0,"key":"BlessingOfTheForge"},{"floor":14.0,"key":"Explosive Potion"},{"floor":16.0,"key":"EssenceOfSteel"},{"floor":22.0,"key":"Dexterity Potion"},{"floor":25.0,"key":"AttackPotion"},{"floor":31.0,"key":"FearPotion"},{"floor":33.0,"key":"AttackPotion"},{"floor":38.0,"key":"BottledMiracle"},{"floor":39.0,"key":"Ancient Potion"},{"floor":44.0,"key":"Ancient Potion"},{"floor":48,"key":"BlessingOfTheForge"}],"is_trial":false,"path_per_floor":["M","?","M","?","M","R","T","R","T","E","R","M","$","M","R","B",null,"M","?","$","M","M","R","?","M","T","R","M","M","$","M","R","B",null,"M","M","T","?","M","R","E","?","T","M","$","M","$","M","R","B",null],"character_chosen":"WATCHER","items_purchased":["Orrery","PowerPotion","PowerPotion","Explosive Potion","Lizard Tail","Explosive Potion","Bag of Preparation","Energy Potion"],"campfire_rested":7,"item_purchase_floors":[13,13,20,20,30,30,47,47],"current_hp_per_floor":[42,42,42,42,26,26,26,47,47,31,52,52,52,52,72,38,64,60,60,60,54,50,50,50,42,42,63,63,63,63,60,72,21,59,51,49,49,47,47,68,68,68,68,59,59,49,49,49,68,36],"gold":44,"neow_bonus":"TWO_FIFTY_GOLD","is_daily":false,"chose_seed":false,"campfire_upgraded":2,"win_rate":0.0,"timestamp":1610035097,"path_taken":["M","?","?","?","M","R","?","R","T","E","R","M","$","M","R","BOSS","M","?","$","M","M","R","?","M","T","R","M","M","$","M","R","BOSS","M","M","?","?","M","R","E","?","T","M","$","M","$","M","R","BOSS"],"items_purchased_type":["Relic","Potion","Potion","Potion","Relic","Potion","Relic","Potion"],"build_version":"2020-12-22","purchased_purges":2,"victory":true,"max_hp_per_floor":[72,72,72,72,72,72,72,72,72,72,72,72,72,72,72,72,72,72,72,72,72,72,72,72,72,72,72,72,72,72,72,72,72,72,72,72,72,72,72,72,72,68,68,68,68,68,68,68,68,68],"card_choices":[{"not_picked":["Evaluate","CarveReality"],"picked":"Adaptation","floor":1.0},{"not_picked":["PathToVictory","CrushJoints","EmptyBody"],"picked":"SKIP","floor":3.0},{"not_picked":["FollowUp","CutThroughFate","BowlingBash"],"picked":"SKIP","floor":5.0},{"not_picked":["Perseverance","Protect","Evaluate"],"picked":"SKIP","floor":10.0},{"not_picked":["Consecrate","Tantrum","Worship"],"picked":"SKIP","floor":12.0},{"not_picked":["Consecrate","Tantrum","Worship"],"picked":"SKIP","floor":12.0},{"not_picked":["LikeWater","FlyingSleeves","Prostrate"],"picked":"SKIP","floor":14.0},{"not_picked":["Fasting2","Halt","ReachHeaven"],"picked":"SKIP","floor":18.0},{"not_picked":["JustLucky+1","Conclude","FlurryOfBlows"],"picked":"SKIP","floor":21.0},{"not_picked":["EmptyFist+1","Crescendo","SashWhip+1"],"picked":"SKIP","floor":22.0},{"not_picked":["Meditate","WaveOfTheHand","PathToVictory"],"picked":"SKIP","floor":25.0},{"not_picked":["Halt","Wallop","JustLucky"],"picked":"SKIP","floor":28.0},{"not_picked":["EmptyFist","BowlingBash","EmptyBody"],"picked":"SKIP","floor":29.0},{"not_picked":["Consecrate","Weave+1"],"picked":"Wish","floor":31.0},{"not_picked":["Evaluate","Fasting2"],"picked":"FearNoEvil","floor":35.0},{"not_picked":["Crescendo","Evaluate","FollowUp+1"],"picked":"SKIP","floor":36.0},{"not_picked":["WaveOfTheHand","WreathOfFlame+1","CutThroughFate"],"picked":"SKIP","floor":39.0},{"not_picked":["ThirdEye+1","Nirvana","JustLucky+1"],"picked":"SKIP","floor":41.0},{"not_picked":["BowlingBash","Ragnarok","Adaptation+1"],"picked":"SKIP","floor":44.0},{"not_picked":["WheelKick","Weave+1","Prostrate+1"],"picked":"SKIP","floor":46},{"not_picked":["Sanctity+1","PathToVictory+1","Tantrum"],"picked":"SKIP","floor":48}],"player_experience":66449,"relics_obtained":[{"floor":7.0,"key":"Omamori"},{"floor":9.0,"key":"Lantern"},{"floor":10.0,"key":"Darkstone Periapt"},{"floor":26.0,"key":"TungstenRod"},{"floor":37.0,"key":"Boot"},{"floor":38.0,"key":"Ginger"},{"floor":41.0,"key":"Toy Ornithopter"},{"floor":43.0,"key":"Toxic Egg 2"}],"event_choices":[{"cards_removed":["Defend_P"],"damage_healed":0.0,"max_hp_gain":0.0,"max_hp_loss":0.0,"gold_gain":0.0,"event_name":"Purifier","player_choice":"Purged","floor":2.0,"gold_loss":0.0,"damage_taken":0.0},{"cards_removed":["Defend_P"],"damage_healed":0.0,"max_hp_gain":0.0,"max_hp_loss":0.0,"gold_gain":0.0,"event_name":"Living Wall","player_choice":"Forget","floor":4.0,"gold_loss":0.0,"damage_taken":0.0},{"damage_healed":0.0,"max_hp_gain":0.0,"max_hp_loss":0.0,"gold_gain":0.0,"event_name":"The Mausoleum","player_choice":"Opened","floor":19.0,"gold_loss":0.0,"damage_taken":0.0,"relics_obtained":["Shuriken"]},{"cards_removed":["Strike_P"],"damage_healed":0.0,"max_hp_gain":0.0,"max_hp_loss":0.0,"gold_gain":0.0,"event_name":"Wheel of Change","player_choice":"Card Removal","floor":24.0,"gold_loss":0.0,"damage_taken":0.0},{"damage_healed":0.0,"max_hp_gain":0.0,"max_hp_loss":0.0,"gold_gain":0.0,"event_name":"MindBloom","player_choice":"Fight","floor":38.0,"gold_loss":0.0,"damage_taken":0.0},{"damage_healed":0.0,"max_hp_gain":0.0,"max_hp_loss":4.0,"gold_gain":0.0,"event_name":"Winding Halls","player_choice":"Max HP","floor":42.0,"gold_loss":0.0,"damage_taken":0.0}],"is_beta":false,"boss_relics":[{"not_picked":["Black Star","Velvet Choker"],"picked":"Empty Cage"},{"not_picked":["Coffee Dripper","Calling Bell","Snecko Eye"]}],"items_purged_floors":[13,45],"is_endless":false,"potions_floor_spawned":[5,14,16,22,25,31,33,38,39,44,48],"ascension_level":7}}