{"host":"l3qq6dhgi17n1wbp","time":1610031812,"event":{"mods":["BaseMod","Colored Map","Minty Spire (QoL Compilation)","SuperFastMode"],"gold_per_floor":[118,67,67,67,86,86,129,147,219,263,40,76,76,76,76,76,76],"floor_reached":16,"playtime":448,"items_purged":["Strike_G"],"score":169,"play_id":"5beb9238-3fcb-4b46-a5e1-0a6c2516ea10","local_time":"20210108000332","is_ascension_mode":true,"campfire_choices":[{"data":"Adrenaline","floor":6,"key":"SMITH"},{"floor":15,"key":"REST"}],"circlet_count":0,"master_deck":["Strike_G","Strike_G","Strike_G","Strike_G","Defend_G","Defend_G","Defend_G","Defend_G","Defend_G","Survivor+1","Neutralize","Cloak And Dagger","Cloak And Dagger","Adrenaline+1","Poisoned Stab+1","Dodge and Roll","Escape Plan","Backstab","Parasite"],"relics":["Ring of the Snake","NeowsBlessing","Golden Idol","Tiny Chest","Turnip","HornCleat","Frozen Egg 2","Toolbox","Torii"],"acts_visited":["Exordium"],"potions_floor_usage":[16,16],"damage_taken":[{"damage":0,"enemies":"Small Slimes","floor":1,"turns":1},{"damage":0,"enemies":"2 Louse","floor":5,"turns":1},{"damage":0,"enemies":"Lagavulin","floor":7,"turns":1},{"damage":0,"enemies":"Jaw Worm","floor":8,"turns":3},{"damage":15,"enemies":"3 Sentries","floor":10,"turns":13},{"damage":22,"enemies":"Lagavulin","floor":12,"turns":7},{"damage":39,"enemies":"Hexaghost","floor":16,"turns":15}],"seed_played":"-6585816844137585248","potions_obtained":[{"floor":5,"key":"LiquidMemories"},{"floor":12,"key":"Ancient Potion"}],"is_trial":false,"path_per_floor":["M","$","?","?","M","R","E","M","T","E","$","E","?","?","R","B"],"character_chosen":"THE_SILENT","items_purchased":["Cloak And Dagger","Toolbox"],"campfire_rested":1,"item_purchase_floors":[2,11],"current_hp_per_floor":[70,70,53,46,46,46,46,46,46,31,31,9,26,12,33,0,0],"gold":76,"neow_bonus":"THREE_ENEMY_KILL","is_daily":false,"chose_seed":false,"campfire_upgraded":1,"win_rate":0.0,"timestamp":1610031812,"path_taken":["M","$","?","?","M","R","E","M","T","E","$","E","?","?","R","BOSS"],"items_purchased_type":["Card","Relic"],"build_version":"2020-12-22","purchased_purges":1,"victory":false,"max_hp_per_floor":[70,70,70,70,70,70,70,70,70,70,70,70,70,70,70,70,70],"card_choices":[{"not_picked":["PiercingWail","Slice"],"picked":"Cloak And Dagger","floor":1},{"not_picked":["Poisoned Stab","Dodge and Roll"],"picked":"Adrenaline","floor":5},{"not_picked":["Dagger Spray","Bullet Time"],"picked":"Poisoned Stab","floor":7},{"not_picked":["Sucker Punch","Predator"],"picked":"Dodge and Roll","floor":8},{"not_picked":["Dagger Throw","Quick Slash"],"picked":"Escape Plan","floor":10},{"not_picked":["Slice","Backflip"],"picked":"Backstab","floor":12}],"player_experience":221872,"relics_obtained":[{"floor":7,"key":"Turnip"},{"floor":9,"key":"HornCleat"},{"floor":10,"key":"Frozen Egg 2"},{"floor":12,"key":"Torii"}],"event_choices":[{"damage_healed":0,"gold_gain":0,"player_choice":"Take Damage","damage_taken":17,"relics_obtained":["Golden Idol"],"max_hp_gain":0,"max_hp_loss":0,"event_name":"Golden Idol","floor":3,"gold_loss":0},{"damage_healed":0,"gold_gain":0,"player_choice":"Success","damage_taken":7,"relics_obtained":["Tiny Chest"],"max_hp_gain":0,"max_hp_loss":0,"event_name":"Scrap Ooze","floor":4,"gold_loss":0},{"damage_healed":17,"gold_gain":0,"player_choice":"Healed and dodged fight","damage_taken":0,"max_hp_gain":0,"max_hp_loss":0,"event_name":"Mushrooms","floor":13,"gold_loss":0,"cards_obtained":["Parasite"]},{"damage_healed":0,"gold_gain":0,"player_choice":"Entered Light","damage_taken":14,"max_hp_gain":0,"max_hp_loss":0,"event_name":"Shining Light","floor":14,"gold_loss":0,"cards_upgraded":["Poisoned Stab","Survivor"]}],"is_beta":false,"boss_relics":[],"items_purged_floors":[11],"is_endless":false,"potions_floor_spawned":[5,12],"killed_by":"Hexaghost","ascension_level":4}}