{"host":"j4g6ia6asvpyu2b0","time":1610050952,"event":{"mods":["BaseMod","Colored Map","Minty Spire (QoL Compilation)","Permanent Neow","Quick Restart","Relic Stats","StSLib","Unceasing Turn Reminder"],"gold_per_floor":[117,128,128,145,95,95,126,126,126,160,176,202,101,101,101,203,203,223,237,237,255,273,303,322,357,381,381,381,407,257,288,288,386,386,399,412,165,178,193,193,222,222,301,336,336,364,314,314,314,314,314,314,17,45,45],"floor_reached":56,"playtime":1898,"items_purged":["Defend_R","Decay","Clumsy","Strike_R"],"score":1958,"play_id":"512e70ba-16f9-44e2-9a1b-2ed6465cd413","local_time":"20210107132232","is_ascension_mode":true,"campfire_choices":[{"data":"Apotheosis","floor":6.0,"key":"SMITH"},{"floor":8.0,"key":"DIG"},{"data":"Feed","floor":15,"key":"SMITH"},{"floor":27,"key":"DIG"},{"floor":32,"key":"DIG"},{"floor":40,"key":"DIG"},{"data":"Demon Form","floor":42,"key":"SMITH"},{"floor":49,"key":"RECALL"},{"floor":52,"key":"DIG"}],"circlet_count":0,"master_deck":["Strike_R","Strike_R+1","Strike_R+1","Defend_R","Defend_R","Defend_R","Bash","Apotheosis+1","Shrug It Off","Disarm","Carnage","Feed+1","Spot Weakness","Headbutt","Brutality","Shrug It Off","Corruption","Twin Strike","Twin Strike","Pommel Strike","Entrench","Pommel Strike","Flame Barrier","Demon Form+1","Feel No Pain+1","Clothesline+1","Limit Break","Dark Embrace","Spot Weakness","Spot Weakness+1","Pummel+1","Entrench+1","True Grit+1","Dark Shackles","Impatience","Madness","Shrug It Off+1","Parasite","Shockwave+1"],"relics":["Burning Blood","Shovel","Nunchaku","HornCleat","Whetstone","Strawberry","Coffee Dripper","Blood Vial","Gremlin Horn","Anchor","Oddly Smooth Stone","Regal Pillow","Kunai","Potion Belt","Vajra","Cursed Key","Toy Ornithopter","PreservedInsect","Smiling Mask","Pear","Paper Frog","Bottled Lightning","Shuriken","Bronze Scales"],"acts_visited":["Exordium","TheCity","TheBeyond","TheEnding"],"potions_floor_usage":[12,16,21,21,23,29,54],"damage_taken":[{"damage":10.0,"enemies":"2 Louse","floor":1.0,"turns":4.0},{"damage":0.0,"enemies":"Small Slimes","floor":2.0,"turns":3.0},{"damage":9.0,"enemies":"Jaw Worm","floor":4.0,"turns":4.0},{"damage":7.0,"enemies":"3 Sentries","floor":7.0,"turns":3.0},{"damage":7,"enemies":"Lagavulin","floor":10,"turns":5},{"damage":10,"enemies":"Gremlin Gang","floor":11,"turns":5},{"damage":0,"enemies":"Gremlin Nob","floor":12,"turns":2},{"damage":5,"enemies":"Slime Boss","floor":16,"turns":6},{"damage":3,"enemies":"3 Byrds","floor":18,"turns":5},{"damage":5,"enemies":"Shell Parasite","floor":19,"turns":5},{"damage":3,"enemies":"Snecko","floor":21,"turns":5},{"damage":13,"enemies":"Sentry and Sphere","floor":22,"turns":5},{"damage":56,"enemies":"Gremlin Leader","floor":23,"turns":9},{"damage":36,"enemies":"Snake Plant","floor":24,"turns":4},{"damage":18,"enemies":"Book of Stabbing","floor":25,"turns":5},{"damage":43,"enemies":"Slavers","floor":29,"turns":6},{"damage":2,"enemies":"Gremlin Leader","floor":31,"turns":6},{"damage":44,"enemies":"Automaton","floor":33,"turns":7},{"damage":0,"enemies":"3 Darklings","floor":35,"turns":5},{"damage":24,"enemies":"3 Shapes","floor":36,"turns":6},{"damage":0,"enemies":"3 Darklings","floor":38,"turns":3},{"damage":2,"enemies":"Jaw Worm Horde","floor":39,"turns":5},{"damage":4,"enemies":"Reptomancer","floor":41,"turns":5},{"damage":9,"enemies":"Giant Head","floor":44,"turns":5},{"damage":38,"enemies":"Nemesis","floor":46,"turns":7},{"damage":74,"enemies":"Donu and Deca","floor":50,"turns":7},{"damage":11,"enemies":"Shield and Spear","floor":54,"turns":5},{"damage":37,"enemies":"The Heart","floor":55,"turns":6}],"seed_played":"-4601832846501718017","potions_obtained":[{"floor":2.0,"key":"ColorlessPotion"},{"floor":7.0,"key":"Weak Potion"},{"floor":11,"key":"SteroidPotion"},{"floor":12,"key":"AttackPotion"},{"floor":18,"key":"Block Potion"},{"floor":19,"key":"DuplicationPotion"},{"floor":22,"key":"AttackPotion"},{"floor":33,"key":"BloodPotion"},{"floor":35,"key":"DuplicationPotion"},{"floor":39,"key":"Fire Potion"},{"floor":44,"key":"Swift Potion"},{"floor":46,"key":"SpeedPotion"}],"is_trial":false,"path_per_floor":["M","M","?","M","?","R","E","R","T","E","M","E","$","?","R","B",null,"M","M","?","M","M","E","M","E","T","R","?","E","?","E","R","B",null,"M","M","$","M","M","R","E","R","T","E","?","E","$","T","R","B",null,"R","$","E","B",null],"character_chosen":"IRONCLAD","items_purchased":["Shrug It Off","Dark Embrace","Spot Weakness","Shuriken"],"campfire_rested":0,"item_purchase_floors":[13,37,37,53],"current_hp_per_floor":[47,53,53,50,50,50,49,49,49,48,48,65,65,70,70,75,97,104,109,109,116,113,67,39,33,33,33,75,40,40,46,46,10,99,111,99,99,107,117,117,125,125,125,128,118,102,102,102,102,40,135,135,135,141,112],"gold":45,"neow_bonus":"RANDOM_COLORLESS_2","is_daily":false,"chose_seed":false,"campfire_upgraded":3,"win_rate":0.0,"timestamp":1610050952,"path_taken":["M","M","?","M","?","R","E","R","T","E","M","E","$","?","R","BOSS","M","M","?","?","M","E","M","E","T","R","?","E","?","E","R","BOSS","M","?","?","M","M","R","E","R","T","E","?","E","$","?","R","BOSS","R","$","E","BOSS"],"items_purchased_type":["Card","Card","Card","Relic"],"build_version":"2020-12-22","purchased_purges":4,"victory":true,"max_hp_per_floor":[80,80,80,80,80,80,80,80,80,80,84,95,95,100,100,104,104,108,112,112,116,120,124,124,128,128,128,128,128,128,128,128,128,128,132,136,136,136,140,140,144,144,144,148,148,162,162,162,162,166,166,166,166,170,170],"relic_stats":{"Regal Pillow":0,"Gremlin Horn":[26,26],"counters":[28,143],"PreservedInsect":257,"Whetstone":["Strike_R","Strike_R"],"Cursed Key":2,"Smiling Mask":175,"Burning Blood":168,"Blood Vial":30,"Nunchaku":[26],"Shovel":5,"Shuriken":[4],"Bronze Scales":[93],"Kunai":[25],"obtain_stats":[{"Potion Belt":31,"Regal Pillow":29,"Pear":46,"Gremlin Horn":25,"Oddly Smooth Stone":27,"Vajra":32,"PreservedInsect":41,"Whetstone":10,"Cursed Key":34,"Smiling Mask":44,"Burning Blood":0,"Blood Vial":23,"Nunchaku":8,"Anchor":26,"Shovel":7,"HornCleat":9,"Shuriken":53,"Strawberry":12,"Bronze Scales":54,"Coffee Dripper":17,"Kunai":30,"Bottled Lightning":52,"Toy Ornithopter":40,"Paper Frog":48},{"Potion Belt":17,"Regal Pillow":16,"Pear":25,"Gremlin Horn":15,"Oddly Smooth Stone":15,"Vajra":17,"PreservedInsect":23,"Whetstone":5,"Cursed Key":18,"Smiling Mask":24,"Burning Blood":0,"Blood Vial":13,"Nunchaku":4,"Anchor":15,"Shovel":4,"HornCleat":4,"Shuriken":26,"Strawberry":7,"Bronze Scales":27,"Coffee Dripper":8,"Kunai":16,"Bottled Lightning":26,"Toy Ornithopter":22,"Paper Frog":25},{"Potion Belt":82,"Regal Pillow":76,"Pear":125,"Gremlin Horn":70,"Oddly Smooth Stone":70,"Vajra":82,"PreservedInsect":113,"Whetstone":19,"Cursed Key":89,"Smiling Mask":118,"Burning Blood":0,"Blood Vial":61,"Nunchaku":14,"Anchor":70,"Shovel":14,"HornCleat":14,"Shuriken":132,"Strawberry":26,"Bronze Scales":137,"Coffee Dripper":32,"Kunai":76,"Bottled Lightning":132,"Toy Ornithopter":108,"Paper Frog":125}],"Toy Ornithopter":5},"card_choices":[{"not_picked":["Mayhem","Secret Weapon"],"picked":"Apotheosis","floor":0.0},{"not_picked":["Seeing Red","Pummel"],"picked":"Shrug It Off","floor":1.0},{"not_picked":["Flex","Sword Boomerang"],"picked":"Disarm","floor":2.0},{"not_picked":["Havoc","Pommel Strike"],"picked":"Carnage","floor":4.0},{"not_picked":["Flex","Body Slam"],"picked":"Feed","floor":7.0},{"not_picked":["Shrug It Off","Searing Blow"],"picked":"Spot Weakness","floor":10},{"not_picked":["Pommel Strike","Evolve"],"picked":"Headbutt","floor":11},{"not_picked":["Thunderclap","Pummel"],"picked":"Brutality","floor":12},{"not_picked":["Feed","Fiend Fire"],"picked":"Corruption","floor":16},{"not_picked":["Clash","Wild Strike+1"],"picked":"Twin Strike","floor":18},{"not_picked":["Armaments","Clash"],"picked":"Twin Strike","floor":19},{"not_picked":["Fiend Fire","Body Slam"],"picked":"Pommel Strike","floor":21},{"not_picked":["Thunderclap","Iron Wave"],"picked":"Entrench","floor":22},{"not_picked":["Wild Strike","Clash"],"picked":"Pommel Strike","floor":23},{"not_picked":["Clothesline","Perfected Strike"],"picked":"Flame Barrier","floor":24},{"not_picked":["True Grit+1","Twin Strike"],"picked":"Demon Form","floor":25},{"not_picked":["Bludgeon","Burning Pact+1"],"picked":"Feel No Pain+1","floor":29},{"not_picked":["Iron Wave","Shrug It Off"],"picked":"Clothesline+1","floor":31},{"not_picked":["Brutality","Double Tap"],"picked":"Limit Break","floor":33},{"not_picked":["Clothesline","Rampage","Iron Wave"],"picked":"SKIP","floor":35},{"not_picked":["Inflame","Iron Wave+1","Seeing Red+1"],"picked":"SKIP","floor":36},{"not_picked":["Anger","Rage+1"],"picked":"Spot Weakness+1","floor":38},{"not_picked":["Flex","Shrug It Off"],"picked":"Pummel+1","floor":39},{"not_picked":["Flex+1","Combust+1"],"picked":"Entrench+1","floor":41},{"not_picked":["Power Through","Fire Breathing+1"],"picked":"True Grit+1","floor":44},{"not_picked":["Madness","Bandage Up"],"picked":"Dark Shackles","floor":45},{"not_picked":["Dramatic Entrance","Chrysalis"],"picked":"Impatience","floor":45},{"not_picked":["Chrysalis","Trip"],"picked":"Madness","floor":45},{"not_picked":["Searing Blow","Cleave+1"],"picked":"Shrug It Off+1","floor":46},{"not_picked":["Body Slam","Flame Barrier"],"picked":"Shockwave+1","floor":54}],"player_experience":751844,"relics_obtained":[{"floor":7.0,"key":"Shovel"},{"floor":8.0,"key":"Nunchaku"},{"floor":9.0,"key":"HornCleat"},{"floor":10,"key":"Whetstone"},{"floor":12,"key":"Strawberry"},{"floor":23,"key":"Blood Vial"},{"floor":25,"key":"Gremlin Horn"},{"floor":26,"key":"Anchor"},{"floor":27,"key":"Oddly Smooth Stone"},{"floor":29,"key":"Regal Pillow"},{"floor":31,"key":"Potion Belt"},{"floor":32,"key":"Vajra"},{"floor":40,"key":"Toy Ornithopter"},{"floor":41,"key":"PreservedInsect"},{"floor":44,"key":"Smiling Mask"},{"floor":46,"key":"Pear"},{"floor":48,"key":"Paper Frog"},{"floor":52,"key":"Bottled Lightning"},{"floor":54,"key":"Bronze Scales"}],"event_choices":[{"damage_healed":0.0,"max_hp_gain":0.0,"max_hp_loss":0.0,"gold_gain":0.0,"event_name":"Shining Light","player_choice":"Ignored","floor":3.0,"gold_loss":0.0,"damage_taken":0.0},{"cards_removed":["Strike_R"],"damage_healed":0.0,"max_hp_gain":0.0,"max_hp_loss":0.0,"gold_gain":0.0,"event_name":"The Cleric","player_choice":"Card Removal","floor":5.0,"gold_loss":50.0,"damage_taken":0.0},{"damage_healed":0,"gold_gain":0,"player_choice":"Donut","damage_taken":0,"max_hp_gain":5,"max_hp_loss":0,"event_name":"Big Fish","floor":14,"gold_loss":0},{"damage_healed":0,"gold_gain":0,"player_choice":"Cursed","damage_taken":0,"max_hp_gain":0,"max_hp_loss":0,"event_name":"Wheel of Change","floor":20,"gold_loss":0,"cards_obtained":["Decay"]},{"damage_healed":42,"gold_gain":0,"player_choice":"Heal","damage_taken":0,"max_hp_gain":0,"max_hp_loss":0,"event_name":"The Library","floor":28,"gold_loss":0},{"damage_healed":0,"gold_gain":0,"player_choice":"Paid Gold","damage_taken":0,"relics_obtained":["Kunai"],"max_hp_gain":0,"max_hp_loss":0,"event_name":"WeMeetAgain","floor":30,"gold_loss":150},{"damage_healed":0,"gold_gain":0,"player_choice":"Memory 3","damage_taken":10,"max_hp_gain":0,"max_hp_loss":0,"event_name":"SensoryStone","floor":45,"gold_loss":0}],"is_beta":false,"boss_relics":[{"not_picked":["Velvet Choker","Philosopher\u0027s Stone"],"picked":"Coffee Dripper"},{"not_picked":["Tiny House","Empty Cage"],"picked":"Cursed Key"}],"items_purged_floors":[13,37,47,53],"is_endless":false,"potions_floor_spawned":[2,7,11,12,18,19,22,33,35,39,44,46],"ascension_level":8}}