{"host":"Bilverbakes","time":1610008848,"event":{"mods":["2.2 Compatiblity","AchievementEnabler","BaseMod","Bestiary","Colored Map","Minty Spire (QoL Compilation)","Relic Stats","StSLib","ojb\u0027s Info Mod"],"gold_per_floor":[116,131,148,17,17,48,48,66,66,100,100,133,155,180,192,278,290,321,62,110,152,197,259,259,285,285,295,309,309,369,429,429,504,504,545,181,224,237,280,340,77,112,112,112,153,202,267,284,284,284,284,284,64,98,98,98],"floor_reached":55,"playtime":4140,"items_purged":["Decay","Strike_P"],"score":1913,"play_id":"6b4b3499-3e59-4e06-bd41-7700d04fcbe2","local_time":"20210107024048","is_ascension_mode":true,"campfire_choices":[{"data":"Wallop","floor":7.0,"key":"SMITH"},{"data":"Eruption","floor":11.0,"key":"SMITH"},{"data":"LessonLearned","floor":15.0,"key":"SMITH"},{"data":"TalkToTheHand","floor":24.0,"key":"SMITH"},{"data":"Meditate","floor":29.0,"key":"SMITH"},{"data":"TalkToTheHand","floor":32.0,"key":"SMITH"},{"floor":44.0,"key":"RECALL"}],"circlet_count":0,"master_deck":["AscendersBane","Strike_P+1","Strike_P+1","Strike_P+1","Defend_P+1","Defend_P+1","Eruption+1","Vigilance+1","Wallop+1","Scrawl+1","SandsOfTime+1","CutThroughFate+1","Adaptation+1","ClearTheMind+1","LessonLearned+1","Wish+1","Meditate+1","FlurryOfBlows+1","TalkToTheHand+1","TalkToTheHand+1","Conclude+1","InnerPeace+1","Fasting2+1","Protect+1","Vault+1","JustLucky+1","Vengeance+1","Crescendo+1"],"relics":["PureWater","White Beast Statue","Pear","Eternal Feather","MawBank","Coffee Dripper","HandDrill","Bird Faced Urn","TeardropLocket","Juzu Bracelet","Red Mask","Mummified Hand","Fusion Hammer","Molten Egg 2","Omamori","Ornamental Fan","Kunai","Frozen Egg 2","Frozen Eye","Yang"],"acts_visited":["Exordium","TheCity","TheBeyond","TheEnding"],"potions_floor_usage":[55,55],"damage_taken":[{"damage":6.0,"enemies":"2 Louse","floor":1.0,"turns":3.0},{"damage":0.0,"enemies":"Cultist","floor":2.0,"turns":2.0},{"damage":5.0,"enemies":"Small Slimes","floor":3.0,"turns":2.0},{"damage":7.0,"enemies":"Lagavulin","floor":6.0,"turns":7.0},{"damage":0.0,"enemies":"Looter","floor":8.0,"turns":3.0},{"damage":12.0,"enemies":"3 Sentries","floor":10.0,"turns":5.0},{"damage":16.0,"enemies":"Gremlin Nob","floor":12.0,"turns":3.0},{"damage":0.0,"enemies":"Exordium Thugs","floor":13.0,"turns":4.0},{"damage":2.0,"enemies":"Large Slime","floor":14.0,"turns":5.0},{"damage":0.0,"enemies":"Slime Boss","floor":16.0,"turns":6.0},{"damage":3.0,"enemies":"Spheric Guardian","floor":18.0,"turns":3.0},{"damage":6.0,"enemies":"2 Thieves","floor":20.0,"turns":4.0},{"damage":12.0,"enemies":"3 Cultists","floor":21.0,"turns":4.0},{"damage":30.0,"enemies":"Shelled Parasite and Fungi","floor":22.0,"turns":5.0},{"damage":18.0,"enemies":"Gremlin Leader","floor":23.0,"turns":5.0},{"damage":15.0,"enemies":"Slavers","floor":25.0,"turns":4.0},{"damage":0.0,"enemies":"Snecko","floor":27.0,"turns":2.0},{"damage":4.0,"enemies":"Cultist and Chosen","floor":28.0,"turns":4.0},{"damage":0.0,"enemies":"Masked Bandits","floor":30.0,"turns":3.0},{"damage":0.0,"enemies":"Gremlin Leader","floor":31.0,"turns":3.0},{"damage":0.0,"enemies":"Collector","floor":33.0,"turns":7.0},{"damage":5.0,"enemies":"3 Darklings","floor":35.0,"turns":4.0},{"damage":0.0,"enemies":"Orb Walker","floor":37.0,"turns":2.0},{"damage":20.0,"enemies":"Spire Growth","floor":38.0,"turns":5.0},{"damage":0.0,"enemies":"Jaw Worm Horde","floor":39.0,"turns":3.0},{"damage":0.0,"enemies":"Nemesis","floor":40.0,"turns":7.0},{"damage":0.0,"enemies":"Giant Head","floor":42.0,"turns":5.0},{"damage":0.0,"enemies":"4 Shapes","floor":45.0,"turns":6.0},{"damage":0.0,"enemies":"Maw","floor":46.0,"turns":5.0},{"damage":7.0,"enemies":"Nemesis","floor":47.0,"turns":4.0},{"damage":0.0,"enemies":"Sphere and 2 Shapes","floor":48.0,"turns":2.0},{"damage":58.0,"enemies":"Awakened One","floor":50.0,"turns":8.0},{"damage":34.0,"enemies":"Shield and Spear","floor":54.0,"turns":6.0},{"damage":86,"enemies":"The Heart","floor":55,"turns":9}],"seed_played":"3779648811454745933","potions_obtained":[{"floor":1.0,"key":"Fruit Juice"},{"floor":8.0,"key":"Fire Potion"},{"floor":10.0,"key":"Dexterity Potion"},{"floor":12.0,"key":"PowerPotion"},{"floor":13.0,"key":"CultistPotion"},{"floor":16.0,"key":"Swift Potion"},{"floor":20.0,"key":"BottledMiracle"},{"floor":21.0,"key":"SpeedPotion"},{"floor":22.0,"key":"Fire Potion"},{"floor":23.0,"key":"DistilledChaos"},{"floor":25.0,"key":"SkillPotion"},{"floor":27.0,"key":"GamblersBrew"},{"floor":28.0,"key":"Block Potion"},{"floor":33.0,"key":"Fire Potion"},{"floor":35.0,"key":"Swift Potion"},{"floor":37.0,"key":"GamblersBrew"},{"floor":38.0,"key":"DistilledChaos"},{"floor":39.0,"key":"FearPotion"},{"floor":42.0,"key":"SteroidPotion"},{"floor":54.0,"key":"StancePotion"}],"is_trial":false,"path_per_floor":["M","M","M","$","?","E","R","M","T","E","R","E","M","M","R","B",null,"M","$","M","M","M","E","R","E","T","M","M","R","?","E","R","B",null,"M","$","M","M","M","E","$","E","T","R","M","M","E","M","R","B",null,"R","$","E","B"],"character_chosen":"WATCHER","items_purchased":["CutThroughFate","HandDrill","Molten Egg 2","Conclude+1","Ornamental Fan","Frozen Eye","PowerPotion"],"campfire_rested":0,"item_purchase_floors":[4,19,36,36,41,53,53],"current_hp_per_floor":[55,55,50,50,68,61,61,61,71,59,68,57,57,55,64,64,78,75,75,69,57,27,9,18,5,5,5,3,12,14,16,28,30,70,67,67,69,51,53,57,57,61,61,76,78,82,76,80,83,25,69,83,83,51,0,0],"gold":98,"neow_bonus":"TRANSFORM_TWO_CARDS","is_daily":false,"chose_seed":false,"campfire_upgraded":6,"win_rate":0.0,"timestamp":1610008848,"path_taken":["M","M","M","$","?","E","R","?","T","E","R","E","M","M","R","BOSS","M","?","M","M","?","E","R","E","T","M","M","R","?","E","R","BOSS","M","$","M","M","M","E","$","E","T","R","M","M","E","M","R","BOSS","R","$","E","BOSS"],"items_purchased_type":["Card","Relic","Relic","Card","Relic","Relic","Potion"],"build_version":"2020-12-18","purchased_purges":2,"victory":false,"max_hp_per_floor":[68,68,68,68,68,68,68,68,78,78,78,83,83,83,83,83,83,83,83,83,83,83,83,83,83,83,83,83,83,83,83,83,83,83,83,83,83,83,83,83,83,83,83,83,83,83,83,83,83,83,83,83,83,83,83,83],"relic_stats":{"counters":[34,150],"Mummified Hand":[36],"Ornamental Fan":[140],"Bird Faced Urn":[43],"Eternal Feather":80,"Yang":[25],"HandDrill":[36],"Juzu Bracelet":0,"Kunai":[31],"MawBank":84,"obtain_stats":[{"Pear":9,"Eternal Feather":10,"Yang":54,"Juzu Bracelet":26,"Omamori":40,"TeardropLocket":25,"Frozen Egg 2":47,"MawBank":12,"White Beast Statue":6,"Frozen Eye":53,"Mummified Hand":31,"Ornamental Fan":41,"Bird Faced Urn":23,"Molten Egg 2":36,"Fusion Hammer":34,"Coffee Dripper":17,"HandDrill":19,"Red Mask":30,"Kunai":42,"PureWater":0},{"Pear":5,"Eternal Feather":6,"Yang":33,"Juzu Bracelet":16,"Omamori":26,"TeardropLocket":16,"Frozen Egg 2":30,"MawBank":7,"White Beast Statue":4,"Frozen Eye":32,"Mummified Hand":20,"Ornamental Fan":26,"Bird Faced Urn":15,"Molten Egg 2":22,"Fusion Hammer":21,"Coffee Dripper":10,"HandDrill":11,"Red Mask":19,"Kunai":27,"PureWater":0},{"Pear":17,"Eternal Feather":22,"Yang":141,"Juzu Bracelet":65,"Omamori":105,"TeardropLocket":65,"Frozen Egg 2":125,"MawBank":25,"White Beast Statue":14,"Frozen Eye":135,"Mummified Hand":77,"Ornamental Fan":105,"Bird Faced Urn":61,"Molten Egg 2":88,"Fusion Hammer":84,"Coffee Dripper":40,"HandDrill":43,"Red Mask":74,"Kunai":110,"PureWater":0}]},"card_choices":[{"not_picked":["ThirdEye","PathToVictory","FlyingSleeves"],"picked":"SKIP","floor":1.0},{"not_picked":["FollowUp","ClearTheMind"],"picked":"Scrawl","floor":2.0},{"not_picked":["JustLucky","FollowUp"],"picked":"SandsOfTime","floor":3.0},{"not_picked":["FlurryOfBlows","EmptyFist"],"picked":"Adaptation","floor":6.0},{"not_picked":["SashWhip","Swivel"],"picked":"ClearTheMind","floor":8.0},{"not_picked":["Protect","Study"],"picked":"LessonLearned","floor":10.0},{"not_picked":["PathToVictory","Consecrate","Protect"],"picked":"SKIP","floor":12.0},{"not_picked":["Wireheading","PathToVictory","EmptyFist"],"picked":"SKIP","floor":13.0},{"not_picked":["Crescendo","Weave","CutThroughFate"],"picked":"SKIP","floor":14.0},{"not_picked":["SpiritShield","Ragnarok"],"picked":"Wish","floor":16.0},{"not_picked":["EmptyFist","Halt","CutThroughFate"],"picked":"SKIP","floor":18.0},{"not_picked":["FearNoEvil","EmptyBody"],"picked":"Meditate","floor":20.0},{"not_picked":["Adaptation","Crescendo"],"picked":"FlurryOfBlows","floor":21.0},{"not_picked":["JustLucky","Perseverance"],"picked":"TalkToTheHand","floor":22.0},{"not_picked":["CarveReality","FlurryOfBlows+1","Consecrate"],"picked":"SKIP","floor":23.0},{"not_picked":["Evaluate","FearNoEvil","CutThroughFate"],"picked":"SKIP","floor":25.0},{"not_picked":["JustLucky","EmptyFist","WindmillStrike"],"picked":"SKIP","floor":27.0},{"not_picked":["EmptyFist","Brilliance","ForeignInfluence+1"],"picked":"SKIP","floor":28.0},{"not_picked":["Consecrate","Conclude"],"picked":"TalkToTheHand","floor":31.0},{"not_picked":["ClearTheMind","EmptyBody+1","Crescendo"],"picked":"SKIP","floor":35.0},{"not_picked":["CutThroughFate+1","JustLucky+1"],"picked":"InnerPeace","floor":37.0},{"not_picked":["DeceiveReality","Crescendo+1"],"picked":"Fasting2","floor":38.0},{"not_picked":["FlyingSleeves+1","Evaluate"],"picked":"Protect","floor":39.0},{"not_picked":["Brilliance+1","Collect+1","Weave+1"],"picked":"SKIP","floor":40.0},{"not_picked":["FollowUp+1","LessonLearned+1"],"picked":"Vault","floor":42.0},{"not_picked":["ClearTheMind","FearNoEvil+1"],"picked":"JustLucky+1","floor":45.0},{"not_picked":["Evaluate","Protect+1"],"picked":"Vengeance","floor":46.0},{"not_picked":["CrushJoints+1","Scrawl","EmptyFist+1"],"picked":"SKIP","floor":47.0},{"not_picked":["Evaluate","BowlingBash+1"],"picked":"Crescendo+1","floor":48.0},{"not_picked":["DeusExMachina","FollowUp+1","Evaluate"],"picked":"SKIP","floor":54.0}],"player_experience":630901,"relics_obtained":[{"floor":6.0,"key":"White Beast Statue"},{"floor":9.0,"key":"Pear"},{"floor":10.0,"key":"Eternal Feather"},{"floor":12.0,"key":"MawBank"},{"floor":23.0,"key":"Bird Faced Urn"},{"floor":25.0,"key":"TeardropLocket"},{"floor":26.0,"key":"Juzu Bracelet"},{"floor":30.0,"key":"Red Mask"},{"floor":31.0,"key":"Mummified Hand"},{"floor":40.0,"key":"Omamori"},{"floor":42.0,"key":"Kunai"},{"floor":47.0,"key":"Frozen Egg 2"},{"floor":54.0,"key":"Yang"}],"event_choices":[{"cards_removed":["ForeignInfluence"],"damage_healed":18.0,"max_hp_gain":0.0,"max_hp_loss":0.0,"gold_gain":0.0,"event_name":"Bonfire Elementals","player_choice":"Offered Uncommon","floor":5.0,"gold_loss":0.0,"damage_taken":0.0},{"damage_healed":0.0,"max_hp_gain":0.0,"max_hp_loss":0.0,"gold_gain":0.0,"event_name":"Masked Bandits","player_choice":"Fought Bandits","floor":30.0,"gold_loss":0.0,"damage_taken":0.0}],"is_beta":true,"boss_relics":[{"not_picked":["Tiny House","SlaversCollar"],"picked":"Coffee Dripper"},{"not_picked":["Runic Pyramid","Sozu"],"picked":"Fusion Hammer"}],"items_purged_floors":[4,19],"is_endless":false,"potions_floor_spawned":[1,8,10,12,13,14,16,18,20,21,22,23,25,27,28,30,31,33,35,37,38,39,40,42,45,46,47,48,54],"killed_by":"The Heart","ascension_level":19}}