{"host":"gyphjc57tbbk9zp6","time":1610014589,"event":{"mods":["Act Like it!","BaseMod","Downfall","Elementarium","Friendly Minions","FruityMod","Gensokyo","Gremlin Skip","Hallownest","Hermit","Highlight Path","Hubris","Hyrulean Relics","Infinite Spire","Ironclad Rager","Jorbs\u0027s Wanderer Trilogy","KinomotoSakuraMod(????)","Kiyohime????","Koishi","Luminous","Mad Scientist","Marisa????????","Mimic Mod","Minty Spire (QoL Compilation)","Nova Terra(??·??)","Pale of the Ancients","Potionbrewer","Shedinja","StSLib","SuperFastMode","Td1madao Mod","The Administrix","The Alterego","The Blackbeard","The Bladedancer","The Bug Knight","The Construct","The Disciple","The Druid","The Elementalist","The Exalted","The Factory","The Hayseed","The Hierophant","The Judge","The Juggle","The Jungle","The Mystic","The Poker Player","The Senshi","The Servant 0.9.4","The Trickster","The Vixen","The Wild Card","TheHero","TheSwordswoman","TheVelvet","Yuyuko"],"gold_per_floor":[0,10,22,39,57,82,121,148,148,148,177,19,19,44,70,70,70,70],"floor_reached":16,"playtime":1448,"items_purged":[],"score":106,"play_id":"2b01b11d-04d1-4d3a-babd-9877c5df0202","local_time":"20210107041629","is_ascension_mode":false,"campfire_choices":[{"data":"expansioncontent:StudyTheSpire","floor":1.0,"key":"SMITH"},{"data":"Guardian:TwinSlam","floor":10,"key":"SMITH"}],"circlet_count":0,"master_deck":["Guardian:Strike_Guardian","Guardian:Strike_Guardian","Guardian:Strike_Guardian","Guardian:Strike_Guardian","Guardian:Defend_Guardian","Guardian:Defend_Guardian+1","Guardian:Defend_Guardian","Guardian:Defend_Guardian","Guardian:CurlUp","Guardian:TwinSlam+1","expansioncontent:StudyTheSpire+1","Guardian:FloatingOrbs","Guardian:SphericShield","Guardian:ShieldCharger","Guardian:StasisField","Guardian:BronzeArmor","Guardian:Gem_Red","Guardian:Planning","Guardian:Gem_Blue","Guardian:ChargeUp"],"relics":["Guardian:ModeShifter","construct:BoolHorns","CeramicFish","Hallownest:DreamNailRelic","Guardian:PickAxe"],"acts_visited":["Hallownest:Greenpath"],"potions_floor_usage":[8,16,16,16],"damage_taken":[{"damage":0.0,"enemies":"Hallownest:2_Baldur","floor":2.0,"turns":7.0},{"damage":7.0,"enemies":"Hallownest:2_MossCreeps","floor":3.0,"turns":6.0},{"damage":4,"enemies":"Hallownest:2_Tiktiks_and_1_Crawlid","floor":4,"turns":4},{"damage":0,"enemies":"Hallownest:MossCreep_and_Mosskin","floor":5,"turns":6},{"damage":36,"enemies":"Hallownest:eliteCrystalGuardian","floor":6,"turns":9},{"damage":3,"enemies":"Hallownest:1_Baldur_1_Crawlid_1_Warrior","floor":7,"turns":4},{"damage":7,"enemies":"Hallownest:1_Baldur_1_Crawlid_1_Warrior","floor":8,"turns":7},{"damage":0,"enemies":"Hallownest:monsterMossCharger","floor":11,"turns":5},{"damage":10,"enemies":"downfall:FleeingMerchant","floor":12,"turns":4},{"damage":10,"enemies":"Hallownest:2_Tiktiks_1_Baldur_1_Crawlid","floor":14,"turns":6},{"damage":0,"enemies":"Hallownest:monsterFoolEater","floor":15,"turns":4},{"damage":13,"enemies":"downfall:Defect","floor":16,"turns":6}],"seed_played":"5289763145402763366","potions_obtained":[{"floor":3,"key":"ColorlessPotion"},{"floor":6,"key":"SteroidPotion"},{"floor":8,"key":"ColorlessPotion"},{"floor":11,"key":"potionbrewer:NoxiousPotion"}],"is_trial":false,"path_per_floor":["R","M","M","M","M","E","MIM","M","?","R","M","$","?","M","M","B"],"character_chosen":"GUARDIAN","items_purchased":["Guardian:PickAxe"],"campfire_rested":0,"item_purchase_floors":[12],"current_hp_per_floor":[80,80,73,69,69,33,30,23,23,23,23,13,13,3,13,0,0,0],"gold":70,"neow_bonus":"RANDOM_COLORLESS_2","is_daily":false,"chose_seed":false,"campfire_upgraded":2,"win_rate":0.0,"timestamp":1610014589,"path_taken":["R","M","M","M","M","E","MIM","M","?","R","?","$","?","M","M","BOSS"],"items_purchased_type":["Relic"],"build_version":"2020-12-22","purchased_purges":0,"victory":false,"max_hp_per_floor":[80,80,80,80,80,80,80,80,80,80,80,80,80,80,80,80,80,80],"card_choices":[{"not_picked":["expansioncontent:DashGenerateEvil","Transmutation"],"picked":"expansioncontent:StudyTheSpire","floor":0.0},{"not_picked":["Guardian:Suspension","Guardian:PiercingHide"],"picked":"Guardian:Gem_Lightblue","floor":2.0},{"not_picked":["Guardian:VentSteam","Guardian:Incinerate"],"picked":"Guardian:FloatingOrbs","floor":3},{"not_picked":["Guardian:Suspension","Guardian:RollAttack"],"picked":"Guardian:SphericShield","floor":4},{"not_picked":["Guardian:RollAttack","Guardian:Reroute"],"picked":"Guardian:ShieldCharger","floor":5},{"not_picked":["Guardian:PrismaticBeam","Guardian:Gem_Cyan"],"picked":"Guardian:StasisField","floor":6},{"not_picked":["Guardian:RollAttack","Guardian:Gem_Cyan"],"picked":"Guardian:Gem_Green","floor":7},{"not_picked":["Guardian:VentSteam","Guardian:Recover"],"picked":"Guardian:BronzeArmor","floor":8},{"not_picked":["Guardian:TemporalShield","Guardian:Recover"],"picked":"Guardian:Gem_Red","floor":11},{"not_picked":["Guardian:PiercingHide","Guardian:TemporalShield"],"picked":"Guardian:Planning","floor":12},{"not_picked":["Guardian:PolyBeam","Guardian:Planning"],"picked":"Guardian:Gem_Blue","floor":14},{"not_picked":["Guardian:GuardianWhirl","Guardian:Suspension"],"picked":"Guardian:ChargeUp","floor":15}],"player_experience":1030249,"relics_obtained":[{"floor":6,"key":"construct:BoolHorns"},{"floor":7,"key":"CeramicFish"}],"event_choices":[],"is_beta":false,"boss_relics":[],"items_purged_floors":[],"is_endless":false,"potions_floor_spawned":[3,6,8,11,14],"killed_by":"downfall:Defect","ascension_level":0}}