{"host":"rhrkddapnlgqm7yj","time":1610016801,"event":{"mods":["AchievementEnabler","BaseMod","Bestiary","Better Note","Colored Map","Colored Powertips","Filter the Spire","Gold Saver","Minty Spire (QoL Compilation)","Rare Cards Sparkle","Relic Stats","Remove Card Discount Mod","StSLib","SuperFastMode","The IronCluck","Waifu the Spire","everything is the same but u backflip on backflip"],"gold_per_floor":[111,111,130,95,95,95,12,39,39,68,80,0,0,0],"floor_reached":13,"playtime":797,"items_purged":["Strike_R"],"score":100,"play_id":"18412d8e-9e9a-411c-8482-5218a2623e72","local_time":"20210107115321","is_ascension_mode":true,"campfire_choices":[{"data":"Heavy Blade","floor":6,"key":"SMITH"}],"circlet_count":0,"master_deck":["Strike_R","Strike_R","Strike_R","Defend_R","Defend_R","Defend_R","Defend_R","Bash","Heavy Blade+1","Pummel","Offering","Regret","Thunderclap","Offering","Disarm"],"relics":["Cursed Key","Potion Belt","Happy Flower","Letter Opener","Charon\u0027s Ashes"],"acts_visited":["Exordium"],"potions_floor_usage":[],"damage_taken":[{"damage":0,"enemies":"Small Slimes","floor":1,"turns":3},{"damage":0,"enemies":"Cultist","floor":3,"turns":3},{"damage":21,"enemies":"Lagavulin","floor":8,"turns":7},{"damage":18,"enemies":"3 Sentries","floor":10,"turns":8},{"damage":7,"enemies":"Jaw Worm","floor":11,"turns":2},{"damage":26,"enemies":"Lagavulin","floor":13,"turns":3}],"seed_played":"2615215717586657380","potions_obtained":[{"floor":8,"key":"BlessingOfTheForge"},{"floor":11,"key":"Dexterity Potion"}],"is_trial":false,"path_per_floor":["M","?","M","?","?","R","$","E","T","E","M","$","E"],"character_chosen":"IRONCLAD","items_purchased":["Pummel","Disarm"],"campfire_rested":0,"item_purchase_floors":[7,12],"current_hp_per_floor":[80,47,47,67,67,67,67,46,46,28,21,21,0,0],"gold":0,"neow_bonus":"BOSS_RELIC","is_daily":false,"chose_seed":false,"campfire_upgraded":1,"win_rate":0.0,"timestamp":1610016801,"path_taken":["M","?","M","?","?","R","$","E","T","E","?","?","E"],"items_purchased_type":["Card","Card"],"build_version":"2020-12-22","purchased_purges":1,"victory":false,"max_hp_per_floor":[80,80,80,80,80,80,80,80,80,80,80,80,80,80],"relic_stats":{"Happy Flower":[4],"counters":[6,26],"Charon\u0027s Ashes":[12],"Letter Opener":[15],"Cursed Key":1,"obtain_stats":[{"Potion Belt":2,"Happy Flower":8,"Charon\u0027s Ashes":10,"Letter Opener":9,"Cursed Key":0,"Burning Blood":0},{"Potion Belt":1,"Happy Flower":3,"Charon\u0027s Ashes":4,"Letter Opener":3,"Cursed Key":0,"Burning Blood":0},{"Potion Belt":3,"Happy Flower":13,"Charon\u0027s Ashes":21,"Letter Opener":13,"Cursed Key":0,"Burning Blood":0}]},"card_choices":[{"not_picked":["Body Slam","Warcry"],"picked":"Heavy Blade","floor":1},{"not_picked":["Clash","Clothesline","Perfected Strike"],"picked":"SKIP","floor":3},{"not_picked":["Perfected Strike","Dual Wield"],"picked":"Offering","floor":8},{"not_picked":["Bloodletting","Body Slam"],"picked":"Thunderclap","floor":10},{"not_picked":["Sever Soul","Armaments"],"picked":"Offering","floor":11}],"player_experience":53407,"relics_obtained":[{"floor":8,"key":"Happy Flower"},{"floor":9,"key":"Letter Opener"},{"floor":10,"key":"Charon\u0027s Ashes"}],"event_choices":[{"damage_healed":0,"gold_gain":0,"player_choice":"Success","damage_taken":33,"relics_obtained":["Potion Belt"],"max_hp_gain":0,"max_hp_loss":0,"event_name":"Scrap Ooze","floor":2,"gold_loss":0},{"damage_healed":20,"gold_gain":0,"player_choice":"Healed","damage_taken":0,"max_hp_gain":0,"max_hp_loss":0,"event_name":"The Cleric","floor":4,"gold_loss":35},{"cards_removed":["Strike_R"],"damage_healed":0,"gold_gain":0,"player_choice":"Offered Basic","damage_taken":0,"max_hp_gain":0,"max_hp_loss":0,"event_name":"Bonfire Elementals","floor":5,"gold_loss":0}],"is_beta":false,"boss_relics":[],"items_purged_floors":[7],"is_endless":false,"potions_floor_spawned":[8,11],"killed_by":"Lagavulin","ascension_level":2}}