{"host":"i9h64q9gphvrup4n","time":1610043241,"event":{"mods":["2.2 Compatiblity","AchievementEnabler","Aspiration","Astrologer","Bard","BaseMod","Beaked The Cultist","BetterRewards","Colored Powertips","Conspire","Downfall","Gremlin Mod","Hermit","Hubris","Infinite Spire","Jorbs\u0027s Wanderer Trilogy","Minty Spire (QoL Compilation)","Replay The Spire","Shop Mod","StSLib","SuperFastMode","The Blackbeard","The Bladedancer","The Bug Knight","The Construct","The Cursed","The Disciple","The Hierophant","The Jungle","The Necromancer","The Runesmith","The Wild Card","slay the spire mod where everything is the same but ironclad has a cowboy hat","vexMod"],"gold_per_floor":[114,129,169,169,169,204,204,229,282,282,282],"floor_reached":10,"playtime":323,"items_purged":[],"score":124,"play_id":"f1d460fd-88fa-49a7-9366-150f01afee93","local_time":"20210107121401","is_ascension_mode":false,"campfire_choices":[],"circlet_count":0,"master_deck":["conspire:GhostlyStrike","conspire:GhostlyStrike","conspire:GhostlyStrike","conspire:GhostlyStrike","conspire:GhostlyStrike","conspire:GhostlyDefend","conspire:GhostlyDefend","conspire:GhostlyDefend","conspire:GhostlyDefend","conspire:GhostlyDefend","construct:AttackMode","construct:DefenseMode","construct:Enhance","construct:ShiftStrike","Accuracy","construct:ChargeShot","construct:SiegeForm"],"relics":["construct:Cogwheel","aspiration:Nostalgia","m_SerpentRing","beaked:ShinyBauble","infinitespire:Satchel","Singing Bowl","aspiration:ChemicalBlood"],"acts_visited":["Exordium"],"potions_floor_usage":[8],"damage_taken":[{"damage":0,"enemies":"Small Slimes","floor":1,"turns":2},{"damage":0,"enemies":"2 Louse","floor":2,"turns":3},{"damage":31,"enemies":"conspire:MimicChest","floor":3,"turns":5},{"damage":40,"enemies":"Gremlin Nob","floor":6,"turns":5},{"damage":30,"enemies":"Lagavulin","floor":8,"turns":7},{"damage":14,"enemies":"Gremlin Nob","floor":10,"turns":3}],"seed_played":"8879146292288918719","potions_obtained":[{"floor":2,"key":"Elixir"},{"floor":6,"key":"DistilledChaos"}],"is_trial":false,"path_per_floor":["M","M","?","?","?","E","?","E","T","E"],"character_chosen":"THE_CONSTRUCT_MOD","items_purchased":[],"campfire_rested":0,"item_purchase_floors":[],"current_hp_per_floor":[85,85,54,63,63,23,48,18,18,4,4],"gold":282,"neow_bonus":"NOSTALGIA","is_daily":false,"chose_seed":false,"campfire_upgraded":0,"win_rate":0.0,"timestamp":1610043241,"path_taken":["M","M","?","?","?","E","?","E","T","E"],"items_purchased_type":[],"build_version":"2020-12-22","purchased_purges":0,"victory":false,"max_hp_per_floor":[85,85,85,85,85,85,85,85,85,85,85],"card_choices":[{"not_picked":["construct:Stasis","construct:SuppressiveFire"],"picked":"construct:Enhance","floor":1},{"not_picked":["construct:FlammableFog","construct:NuclearCore"],"picked":"construct:ShiftStrike","floor":2},{"not_picked":["construct:FierceBash","construct:ForceCore"],"picked":"Accuracy","floor":3},{"not_picked":["construct:Disrupt","construct:ScrapCannon"],"picked":"construct:ChargeShot","floor":6},{"not_picked":["construct:SyphonStrike","Cloak And Dagger"],"picked":"construct:SiegeForm","floor":8}],"player_experience":681341,"relics_obtained":[{"floor":3,"key":"beaked:ShinyBauble"},{"floor":6,"key":"infinitespire:Satchel"},{"floor":8,"key":"Singing Bowl"},{"floor":9,"key":"aspiration:ChemicalBlood"}],"event_choices":[{"damage_healed":0,"gold_gain":0,"player_choice":"Agree","damage_taken":0,"max_hp_gain":0,"max_hp_loss":0,"event_name":"conspire:LoneGhost","floor":5,"gold_loss":0}],"is_beta":false,"boss_relics":[],"items_purged_floors":[],"is_endless":false,"potions_floor_spawned":[2,6],"killed_by":"Gremlin Nob","ascension_level":0}}