{"host":"g01l53quoe6lrer0","time":1610024762,"event":{"mods":["2.2 Compatiblity","AchievementEnabler","BaseMod","Colored Map","Highlight Path","Keyboard Shortcuts","Minty Spire (QoL Compilation)","Permanent Neow","StSLib","SuperFastMode","everything is the same but u backflip on backflip"],"gold_per_floor":[114,44,119,119,134,134,168,180,180,180,152,167,167,182,182,279,279,289,289,132,132,114,114,128,128,154,182,182,192,205,222,222,319,319,319,338,338,338],"floor_reached":37,"playtime":1328,"items_purged":["Strike_G"],"score":598,"play_id":"cf8279e6-34b7-4cb1-9279-4546ac6e1b61","local_time":"20210107220602","is_ascension_mode":true,"campfire_choices":[{"data":"Venomology","floor":6.0,"key":"SMITH"},{"data":"Footwork","floor":10.0,"key":"SMITH"},{"floor":13.0,"key":"REST"},{"data":"Bouncing Flask","floor":15.0,"key":"SMITH"},{"data":"Footwork","floor":23.0,"key":"SMITH"},{"data":"Caltrops","floor":25.0,"key":"SMITH"},{"floor":32.0,"key":"REST"}],"circlet_count":0,"master_deck":["Survivor","Neutralize","Venomology+1","Bouncing Flask+1","Footwork+1","Crippling Poison","Caltrops+1","Tools of the Trade+1","Footwork+1","Noxious Fumes","Deadly Poison","Deadly Poison+1","Setup","Backflip+1","Backflip","Poisoned Stab","Backstab","Footwork","Leg Sweep","Footwork","Phantasmal Killer","Outmaneuver","Dash","Crippling Poison","A Thousand Cuts"],"relics":["Ring of the Snake","Pantograph","Mummified Hand","SlaversCollar","Potion Belt","Calipers","Pandora\u0027s Box"],"acts_visited":["Exordium","TheCity","TheBeyond"],"potions_floor_usage":[35],"damage_taken":[{"damage":1.0,"enemies":"Cultist","floor":1.0,"turns":4.0},{"damage":0.0,"enemies":"2 Louse","floor":5.0,"turns":5.0},{"damage":6.0,"enemies":"Lagavulin","floor":7.0,"turns":6.0},{"damage":0.0,"enemies":"Small Slimes","floor":8.0,"turns":2.0},{"damage":6.0,"enemies":"Exordium Thugs","floor":11.0,"turns":5.0},{"damage":0.0,"enemies":"3 Louse","floor":12.0,"turns":4.0},{"damage":0.0,"enemies":"Large Slime","floor":14.0,"turns":8.0},{"damage":23.0,"enemies":"Hexaghost","floor":16.0,"turns":9.0},{"damage":18.0,"enemies":"Shell Parasite","floor":18.0,"turns":6.0},{"damage":6.0,"enemies":"2 Thieves","floor":22.0,"turns":5.0},{"damage":3.0,"enemies":"Centurion and Healer","floor":24.0,"turns":7.0},{"damage":31.0,"enemies":"Slavers","floor":27.0,"turns":5.0},{"damage":0.0,"enemies":"Chosen and Byrds","floor":28.0,"turns":1.0},{"damage":12.0,"enemies":"Sentry and Sphere","floor":29.0,"turns":5.0},{"damage":0.0,"enemies":"Shelled Parasite and Fungi","floor":30.0,"turns":5.0},{"damage":8.0,"enemies":"Snake Plant","floor":31.0,"turns":4.0},{"damage":45.0,"enemies":"Automaton","floor":33.0,"turns":12.0},{"damage":0,"enemies":"3 Shapes","floor":35,"turns":1},{"damage":26,"enemies":"3 Darklings","floor":36,"turns":8},{"damage":31,"enemies":"Sphere and 2 Shapes","floor":37,"turns":3}],"seed_played":"520261116065086548","potions_obtained":[{"floor":1.0,"key":"LiquidMemories"},{"floor":11.0,"key":"Strength Potion"},{"floor":27.0,"key":"Dexterity Potion"},{"floor":29.0,"key":"ColorlessPotion"},{"floor":31.0,"key":"SteroidPotion"}],"is_trial":false,"path_per_floor":["M","$","?","?","M","R","E","M","T","R","M","M","R","M","R","B",null,"M","?","$","?","M","R","M","R","T","E","M","M","M","M","R","B",null,"M","M","M"],"character_chosen":"THE_SILENT","items_purchased":["Footwork","Noxious Fumes","Deadly Poison"],"campfire_rested":2,"item_purchase_floors":[2,20,20],"current_hp_per_floor":[44,44,33,33,33,33,27,27,27,27,21,21,42,42,42,44,64,61,61,61,61,55,55,52,52,52,21,21,9,9,1,22,17,57,57,31,0,0],"gold":338,"neow_bonus":"THREE_RARE_CARDS","is_daily":false,"chose_seed":false,"campfire_upgraded":5,"win_rate":0.0,"timestamp":1610024762,"path_taken":["M","$","?","?","M","R","E","M","T","R","M","?","R","M","R","BOSS","M","?","?","?","M","R","M","R","T","E","M","M","M","M","R","BOSS","M","M","M"],"items_purchased_type":["Card","Card","Card"],"build_version":"2020-12-22","purchased_purges":1,"victory":false,"max_hp_per_floor":[70,70,70,70,70,70,70,70,70,70,70,70,70,70,70,70,70,70,70,70,70,70,70,70,70,70,70,70,70,70,70,70,70,70,70,70,70,70],"card_choices":[{"not_picked":["Malaise","Wraith Form v2"],"picked":"Venomology","floor":0.0},{"not_picked":["Blade Dance","Accuracy"],"picked":"Bouncing Flask","floor":1.0},{"not_picked":["Expertise","Well Laid Plans"],"picked":"Crippling Poison","floor":5.0},{"not_picked":["Flying Knee","Deflect"],"picked":"Caltrops","floor":7.0},{"not_picked":["Flying Knee","Crippling Poison","Choke"],"picked":"SKIP","floor":8.0},{"not_picked":["Dagger Spray","Tactician","Sucker Punch"],"picked":"SKIP","floor":11.0},{"not_picked":["Reflex","Finisher","Expertise"],"picked":"SKIP","floor":12.0},{"not_picked":["Prepared","Concentrate","Riddle With Holes"],"picked":"SKIP","floor":14.0},{"not_picked":["Die Die Die","Glass Knife"],"picked":"Tools of the Trade","floor":16.0},{"not_picked":["Underhanded Strike","Dodge and Roll"],"picked":"Footwork","floor":18.0},{"not_picked":["Choke","Slice+1"],"picked":"Deadly Poison+1","floor":22.0},{"not_picked":["Bane","Concentrate"],"picked":"Setup","floor":24.0},{"not_picked":["Prepared+1","Flying Knee"],"picked":"Backflip+1","floor":27.0},{"not_picked":["Deflect","Dagger Throw","Underhanded Strike"],"picked":"SKIP","floor":29.0},{"not_picked":["Dagger Spray","Acrobatics"],"picked":"Backflip","floor":30.0},{"not_picked":["Dagger Throw","Envenom"],"picked":"Poisoned Stab","floor":31.0},{"not_picked":["Blade Dance","Outmaneuver","Flying Knee+1"],"picked":"SKIP","floor":36}],"player_experience":59942,"relics_obtained":[{"floor":7.0,"key":"Pantograph"},{"floor":9.0,"key":"Mummified Hand"},{"floor":26.0,"key":"Potion Belt"},{"floor":27.0,"key":"Calipers"}],"event_choices":[{"damage_healed":0.0,"max_hp_gain":0.0,"max_hp_loss":0.0,"gold_gain":75.0,"event_name":"World of Goop","player_choice":"Gather Gold","floor":3.0,"gold_loss":0.0,"damage_taken":11.0},{"damage_healed":0.0,"max_hp_gain":0.0,"max_hp_loss":0.0,"gold_gain":0.0,"event_name":"Match and Keep!","player_choice":"0 cards matched","floor":4.0,"gold_loss":0.0,"damage_taken":0.0,"cards_obtained":[]},{"damage_healed":0.0,"max_hp_gain":0.0,"max_hp_loss":0.0,"gold_gain":0.0,"event_name":"Upgrade Shrine","player_choice":"Upgraded","floor":19.0,"gold_loss":0.0,"damage_taken":0.0,"cards_upgraded":["Tools of the Trade"]},{"damage_healed":0.0,"max_hp_gain":0.0,"max_hp_loss":0.0,"gold_gain":0.0,"event_name":"Cursed Tome","player_choice":"Ignored","floor":21.0,"gold_loss":0.0,"damage_taken":0.0}],"is_beta":false,"boss_relics":[{"not_picked":["WristBlade","Busted Crown"],"picked":"SlaversCollar"},{"not_picked":["Velvet Choker","Empty Cage"],"picked":"Pandora\u0027s Box"}],"items_purged_floors":[20],"is_endless":false,"potions_floor_spawned":[1,5,11,14,27,28,29,31],"killed_by":"Sphere and 2 Shapes","ascension_level":9}}