{"host":"ig7tc0uedzltt2sr","time":1610004562,"event":{"mods":["BaseMod","Better Twitch Integration","Block Reminder","Colored Map","Colored Powertips","Communication Mod","Current Relic Mod","GifTheSpireLib","HexUI Lib","Minty Spire (QoL Compilation)","Quick Restart","Random Character Button","Rare Cards Sparkle","Relic Sorter","Relic Stats","Slay the Relics Exporter","StSLib","SuperFastMode","Synergy Search","Twitch Decklist","Twitch Utils","everything is the same but u backflip on backflip","slay the spire mod where everything is the same but ironclad has a cowboy hat"],"gold_per_floor":[111,126,126,126,142,142,153,153,225,243,243,163,163,163],"floor_reached":13,"playtime":108,"items_purged":[],"score":75,"play_id":"ddae6f6a-cdfa-4621-8947-919fb8c2f943","local_time":"20210106232922","is_ascension_mode":false,"campfire_choices":[{"floor":8,"key":"REST"},{"floor":11,"key":"REST"}],"circlet_count":0,"master_deck":["Strike_R","Strike_R","Strike_R","Strike_R","Strike_R","Defend_R","Defend_R","Defend_R","Defend_R","Bash","Infernal Blade","Burning Pact","Regret","Exhume","Battle Trance","Ghostly Armor","Combust"],"relics":["Burning Blood","Art of War","White Beast Statue"],"acts_visited":["Exordium"],"potions_floor_usage":[],"damage_taken":[{"damage":43,"enemies":"Jaw Worm","floor":1,"turns":14},{"damage":9,"enemies":"Small Slimes","floor":2,"turns":5},{"damage":7,"enemies":"2 Louse","floor":5,"turns":3},{"damage":27,"enemies":"Exordium Wildlife","floor":7,"turns":6},{"damage":23,"enemies":"Blue Slaver","floor":10,"turns":7},{"damage":61,"enemies":"3 Sentries","floor":13,"turns":7}],"seed_played":"-8620765780556275099","potions_obtained":[{"floor":2,"key":"SpeedPotion"},{"floor":5,"key":"AttackPotion"},{"floor":10,"key":"SpeedPotion"}],"is_trial":false,"path_per_floor":["M","M","?","?","M","?","M","R","T","M","R","$","E"],"character_chosen":"IRONCLAD","items_purchased":["Combust"],"campfire_rested":2,"item_purchase_floors":[12],"current_hp_per_floor":[51,48,48,48,47,47,26,52,52,35,61,61,0,0],"gold":163,"neow_bonus":"TEN_PERCENT_HP_BONUS","is_daily":false,"chose_seed":false,"campfire_upgraded":0,"win_rate":0.0,"timestamp":1610004562,"path_taken":["M","M","?","?","M","?","M","R","T","M","R","?","E"],"items_purchased_type":["Card"],"build_version":"2020-12-22","purchased_purges":0,"victory":false,"max_hp_per_floor":[88,88,88,88,88,88,88,88,88,88,88,88,88,88],"relic_stats":{"counters":[6,42],"Art of War":[4],"obtain_stats":[{"Art of War":3,"Burning Blood":0,"White Beast Statue":9},{"Art of War":2,"Burning Blood":0,"White Beast Statue":4},{"Art of War":19,"Burning Blood":0,"White Beast Statue":28}],"Burning Blood":30},"card_choices":[{"not_picked":["Pommel Strike","Anger"],"picked":"Infernal Blade","floor":1},{"not_picked":["Wild Strike","Iron Wave"],"picked":"Burning Pact","floor":2},{"not_picked":["Shockwave","Dark Embrace"],"picked":"Exhume","floor":5},{"not_picked":["Headbutt","Anger"],"picked":"Battle Trance","floor":7},{"not_picked":["Havoc","Wild Strike"],"picked":"Ghostly Armor","floor":10}],"player_experience":1453371,"relics_obtained":[{"floor":9,"key":"White Beast Statue"}],"event_choices":[{"damage_healed":0,"gold_gain":0,"player_choice":"Box","damage_taken":0,"relics_obtained":["Art of War"],"max_hp_gain":0,"max_hp_loss":0,"event_name":"Big Fish","floor":3,"gold_loss":0,"cards_obtained":["Regret"]},{"damage_healed":0,"gold_gain":0,"player_choice":"Leave","damage_taken":0,"max_hp_gain":0,"max_hp_loss":0,"event_name":"The Cleric","floor":4,"gold_loss":0},{"damage_healed":0,"gold_gain":0,"player_choice":"Ignored","damage_taken":0,"max_hp_gain":0,"max_hp_loss":0,"event_name":"Golden Idol","floor":6,"gold_loss":0}],"is_beta":false,"boss_relics":[],"items_purged_floors":[],"is_endless":false,"potions_floor_spawned":[2,5,10],"killed_by":"3 Sentries","ascension_level":0}}