{"host":"baymyijz6sxaqj5s","time":1610015681,"event":{"mods":["AchievementEnabler","BaseMod","Colored Map","Colored Powertips","DeckTracker","Highlight Path","KOR Keyword Fix","Keyboard Shortcuts","Minty Spire (QoL Compilation)","Quick Restart","StSLib","SuperFastMode"],"gold_per_floor":[119,133,147,97,108,108,118,133,133,133,133,143,160,171,171,171,171],"floor_reached":16,"playtime":296,"items_purged":[],"score":113,"play_id":"14707a17-d869-4aa7-8507-ed4a8d5aa09e","local_time":"20210107193441","is_ascension_mode":true,"campfire_choices":[{"data":"Heavy Blade","floor":6,"key":"SMITH"},{"data":"Whirlwind","floor":11,"key":"SMITH"},{"floor":15,"key":"REST"}],"circlet_count":0,"master_deck":["Strike_R","Strike_R","Strike_R","Strike_R","Defend_R","Defend_R","Defend_R","Defend_R","Bash","Thunderclap","Heavy Blade+1","Whirlwind+1","Seeing Red","Flame Barrier"],"relics":["Burning Blood","Lizard Tail"],"acts_visited":["Exordium"],"potions_floor_usage":[7,14,16,16],"damage_taken":[{"damage":1,"enemies":"Cultist","floor":1,"turns":4},{"damage":9,"enemies":"2 Louse","floor":2,"turns":4},{"damage":3,"enemies":"Small Slimes","floor":3,"turns":3},{"damage":21,"enemies":"Blue Slaver","floor":5,"turns":5},{"damage":33,"enemies":"Red Slaver","floor":7,"turns":5},{"damage":16,"enemies":"2 Fungi Beasts","floor":8,"turns":4},{"damage":19,"enemies":"Blue Slaver","floor":12,"turns":4},{"damage":12,"enemies":"Red Slaver","floor":13,"turns":4},{"damage":24,"enemies":"Exordium Wildlife","floor":14,"turns":4},{"damage":40,"enemies":"The Guardian","floor":16,"turns":10}],"seed_played":"5036681220491436171","potions_obtained":[{"floor":2,"key":"BloodPotion"},{"floor":8,"key":"Explosive Potion"},{"floor":12,"key":"Strength Potion"},{"floor":13,"key":"SkillPotion"}],"is_trial":false,"path_per_floor":["M","M","M","?","M","R","M","M","T","?","R","M","M","M","R","B"],"character_chosen":"IRONCLAD","items_purchased":[],"campfire_rested":1,"item_purchase_floors":[],"current_hp_per_floor":[88,85,88,88,73,73,63,53,53,53,53,40,34,16,42,2,2],"gold":171,"neow_bonus":"TEN_PERCENT_HP_BONUS","is_daily":false,"chose_seed":false,"campfire_upgraded":2,"win_rate":0.0,"timestamp":1610015681,"path_taken":["M","M","?","?","M","R","M","M","T","?","R","M","M","M","R","BOSS"],"items_purchased_type":[],"build_version":"2020-12-22","purchased_purges":0,"victory":false,"max_hp_per_floor":[88,88,88,88,88,88,88,88,88,88,88,88,88,88,88,88,88],"card_choices":[{"not_picked":["Headbutt","Hemokinesis"],"picked":"Thunderclap","floor":1},{"not_picked":["Rage","Reckless Charge","Fire Breathing"],"picked":"SKIP","floor":2},{"not_picked":["Headbutt","Flex"],"picked":"Heavy Blade","floor":3},{"not_picked":["Iron Wave","Pummel"],"picked":"Whirlwind","floor":5},{"not_picked":["Clash","Carnage"],"picked":"Seeing Red","floor":7},{"not_picked":["Rupture","Flex","Havoc"],"picked":"SKIP","floor":8},{"not_picked":["Warcry","Rage"],"picked":"Flame Barrier","floor":12},{"not_picked":["Metallicize","Pommel Strike","Corruption"],"picked":"SKIP","floor":13},{"not_picked":["Clothesline","Wild Strike","Sentinel"],"picked":"SKIP","floor":14}],"player_experience":326687,"relics_obtained":[{"floor":9,"key":"Lizard Tail"}],"event_choices":[{"cards_removed":["Strike_R"],"damage_healed":0,"gold_gain":0,"player_choice":"Card Removal","damage_taken":0,"max_hp_gain":0,"max_hp_loss":0,"event_name":"The Cleric","floor":4,"gold_loss":50},{"damage_healed":0,"gold_gain":0,"player_choice":"Ignored","damage_taken":0,"max_hp_gain":0,"max_hp_loss":0,"event_name":"Golden Idol","floor":10,"gold_loss":0}],"is_beta":false,"boss_relics":[],"items_purged_floors":[],"is_endless":false,"potions_floor_spawned":[2,8,12,13],"killed_by":"The Guardian","ascension_level":3}}