{"host":"okln270zkafj6dck","time":1610009605,"event":{"mods":["BaseMod","Minty Spire (QoL Compilation)","Permanent Neow","Quick Restart","Relic Stats","StSLib","SuperFastMode"],"gold_per_floor":[112,127,139,139,152,152,181,181,181,95,108,122,450,430,430,507,507,486,497,112,122,135,161,161,188,188,188,188,208,42,76,76,155,155,171,171,187,207,207,207,239,239,266,132,132,145,170,170,170,170,170],"floor_reached":52,"playtime":1903,"items_purged":["Acrobatics"],"score":1910,"play_id":"480a783f-b2e2-47ea-bf34-3e886225466d","local_time":"20210107005325","is_ascension_mode":true,"campfire_choices":[{"data":"Burst","floor":6.0,"key":"SMITH"},{"data":"Well Laid Plans","floor":8.0,"key":"SMITH"},{"data":"Footwork","floor":15.0,"key":"SMITH"},{"data":"Wraith Form v2","floor":24,"key":"SMITH"},{"floor":28,"key":"REST"},{"data":"Malaise","floor":32,"key":"SMITH"},{"floor":40,"key":"REST"},{"floor":42,"key":"REST"},{"floor":45,"key":"REST"},{"floor":49,"key":"DIG"}],"circlet_count":0,"master_deck":["AscendersBane","Survivor","Neutralize","Backflip","Noxious Fumes","Blade Dance","Well Laid Plans+1","Finisher","Malaise+1","Terror","Leg Sweep","Dagger Throw","Deadly Poison","Burst+1","Infinite Blades","Footwork+1","PiercingWail","Adrenaline","Deflect","Wraith Form v2+1","Wraith Form v2+1","Accuracy+1","Blade Dance","Phantasmal Killer","Bouncing Flask","Acrobatics","Cloak And Dagger","Accuracy"],"relics":["Pandora\u0027s Box","Anchor","Question Card","Old Coin","WristBlade","Pen Nib","The Specimen","StoneCalendar","Mummified Hand","Bag of Marbles","Tingsha","Fusion Hammer","Gremlin Horn","Oddly Smooth Stone","Shovel","Shuriken","Orichalcum"],"acts_visited":["Exordium","TheCity","TheBeyond"],"potions_floor_usage":[22,50],"damage_taken":[{"damage":0.0,"enemies":"Small Slimes","floor":1.0,"turns":4.0},{"damage":4.0,"enemies":"Jaw Worm","floor":2.0,"turns":4.0},{"damage":0.0,"enemies":"Cultist","floor":3.0,"turns":4.0},{"damage":8.0,"enemies":"3 Louse","floor":5.0,"turns":5.0},{"damage":1.0,"enemies":"Lagavulin","floor":7.0,"turns":5.0},{"damage":9.0,"enemies":"Blue Slaver","floor":11.0,"turns":4.0},{"damage":0.0,"enemies":"Lots of Slimes","floor":12.0,"turns":5.0},{"damage":22.0,"enemies":"3 Sentries","floor":13.0,"turns":7.0},{"damage":12.0,"enemies":"Hexaghost","floor":16.0,"turns":11.0},{"damage":8.0,"enemies":"2 Thieves","floor":18.0,"turns":4.0},{"damage":0.0,"enemies":"3 Byrds","floor":19.0,"turns":6.0},{"damage":6.0,"enemies":"Shelled Parasite and Fungi","floor":21.0,"turns":3.0},{"damage":3,"enemies":"3 Cultists","floor":22,"turns":6},{"damage":4,"enemies":"Book of Stabbing","floor":23,"turns":5},{"damage":10,"enemies":"Gremlin Leader","floor":25,"turns":6},{"damage":1,"enemies":"Centurion and Healer","floor":29,"turns":4},{"damage":6,"enemies":"Slavers","floor":31,"turns":5},{"damage":12,"enemies":"Automaton","floor":33,"turns":7},{"damage":3,"enemies":"3 Shapes","floor":35,"turns":6},{"damage":3,"enemies":"Orb Walker","floor":37,"turns":4},{"damage":3,"enemies":"Sphere and 2 Shapes","floor":38,"turns":5},{"damage":8,"enemies":"Giant Head","floor":41,"turns":6},{"damage":1,"enemies":"Transient","floor":46,"turns":6},{"damage":4,"enemies":"Reptomancer","floor":47,"turns":4},{"damage":3,"enemies":"Awakened One","floor":50,"turns":8},{"damage":4,"enemies":"Time Eater","floor":51,"turns":7}],"seed_played":"5121497936114068124","potions_obtained":[{"floor":2.0,"key":"LiquidMemories"},{"floor":25,"key":"FairyPotion"},{"floor":33,"key":"Block Potion"},{"floor":37,"key":"CunningPotion"},{"floor":46,"key":"DistilledChaos"}],"is_trial":false,"path_per_floor":["M","M","M","?","M","R","E","R","T","$","M","M","E","?","R","B",null,"M","M","$","M","M","E","R","E","T","?","R","M","$","E","R","B",null,"M","?","M","M","?","R","E","R","T","$","R","M","E","T","R","B","B",null],"character_chosen":"THE_SILENT","items_purchased":["DuplicationPotion","Wraith Form v2","Pen Nib","Bag of Marbles","Cloak And Dagger","Accuracy"],"campfire_rested":4,"item_purchase_floors":[10,20,20,30,44,44],"current_hp_per_floor":[59,55,55,55,47,47,46,46,46,46,37,37,15,15,15,3,50,42,42,42,36,33,29,29,19,19,19,38,37,37,31,31,19,54,51,51,48,45,45,64,56,66,66,66,66,65,61,61,61,58,54],"gold":170,"neow_bonus":"BOSS_RELIC","is_daily":false,"chose_seed":false,"campfire_upgraded":5,"win_rate":0.0,"timestamp":1610009605,"path_taken":["M","M","M","?","M","R","E","R","T","$","M","M","E","?","R","BOSS","M","?","$","M","M","E","R","E","T","?","R","M","$","E","R","BOSS","M","?","M","?","?","R","E","R","T","?","R","M","E","?","R","BOSS","BOSS"],"items_purchased_type":["Potion","Card","Relic","Relic","Card","Card"],"build_version":"2020-12-22","purchased_purges":1,"victory":true,"max_hp_per_floor":[66,66,66,66,66,66,66,66,66,66,66,66,66,66,66,66,66,66,66,66,66,66,66,66,66,66,66,66,66,66,66,66,66,66,66,66,66,66,66,66,66,66,66,66,66,66,66,66,66,66,66],"relic_stats":{"Shovel":1,"Gremlin Horn":[9,9],"counters":[26,141],"Mummified Hand":[78],"Shuriken":[9],"Pandora\u0027s Box":["Backflip","Noxious Fumes","Blade Dance","Acrobatics","Well Laid Plans","Finisher","Malaise","Terror","Deadly Poison","Leg Sweep"],"StoneCalendar":[101],"Tingsha":[45],"Pen Nib":[19],"Orichalcum":[36],"Question Card":19,"obtain_stats":[{"The Specimen":23,"Gremlin Horn":41,"Oddly Smooth Stone":43,"StoneCalendar":25,"Tingsha":31,"Pen Nib":20,"Orichalcum":49,"Question Card":9,"Old Coin":13,"Anchor":7,"Shovel":47,"WristBlade":17,"Mummified Hand":26,"Shuriken":48,"Pandora\u0027s Box":0,"Fusion Hammer":34,"Bag of Marbles":30,"Ring of the Snake":0},{"The Specimen":14,"Gremlin Horn":22,"Oddly Smooth Stone":22,"StoneCalendar":15,"Tingsha":17,"Pen Nib":11,"Orichalcum":24,"Question Card":5,"Old Coin":8,"Anchor":5,"Shovel":24,"WristBlade":9,"Mummified Hand":15,"Shuriken":24,"Pandora\u0027s Box":0,"Fusion Hammer":18,"Bag of Marbles":16,"Ring of the Snake":0},{"The Specimen":73,"Gremlin Horn":116,"Oddly Smooth Stone":116,"StoneCalendar":79,"Tingsha":88,"Pen Nib":59,"Orichalcum":126,"Question Card":22,"Old Coin":38,"Anchor":22,"Shovel":126,"WristBlade":49,"Mummified Hand":79,"Shuriken":126,"Pandora\u0027s Box":0,"Fusion Hammer":95,"Bag of Marbles":83,"Ring of the Snake":0}]},"card_choices":[{"not_picked":["Outmaneuver","Quick Slash"],"picked":"Dagger Throw","floor":1.0},{"not_picked":["PiercingWail","Dagger Spray"],"picked":"Deadly Poison","floor":2.0},{"not_picked":["Deflect","Dodge and Roll"],"picked":"Burst","floor":3.0},{"not_picked":["Slice","Deflect"],"picked":"Infinite Blades","floor":5.0},{"not_picked":["Underhanded Strike","Skewer"],"picked":"Footwork","floor":7.0},{"not_picked":["Prepared","Outmaneuver","Bane"],"picked":"PiercingWail","floor":11.0},{"not_picked":["Heel Hook","Poisoned Stab","Finisher","PiercingWail"],"picked":"SKIP","floor":12.0},{"not_picked":["Leg Sweep","Dagger Throw","Concentrate","Flying Knee"],"picked":"SKIP","floor":13.0},{"not_picked":["Night Terror","Malaise","Glass Knife"],"picked":"Adrenaline","floor":16.0},{"not_picked":["Endless Agony","Prepared+1","Blur"],"picked":"Deflect","floor":18.0},{"not_picked":["Sucker Punch","Blur","Backstab","Finisher"],"picked":"SKIP","floor":19.0},{"not_picked":["Dagger Spray","Distraction","Sucker Punch","Blur"],"picked":"SKIP","floor":21.0},{"not_picked":["Flechettes","Outmaneuver","Riddle With Holes","Flying Knee"],"picked":"SKIP","floor":22},{"not_picked":["Expertise","Noxious Fumes","Predator"],"picked":"Wraith Form v2","floor":23},{"not_picked":["PiercingWail","Crippling Poison","Eviscerate"],"picked":"Accuracy+1","floor":25},{"not_picked":["Riddle With Holes","Deadly Poison+1","Quick Slash"],"picked":"Blade Dance","floor":29},{"not_picked":["Heel Hook","Backflip","Blade Dance","Caltrops"],"picked":"SKIP","floor":31},{"not_picked":["Die Die Die","Bullet Time","Burst"],"picked":"Phantasmal Killer","floor":33},{"not_picked":["Outmaneuver","Deadly Poison","Flying Knee","Sucker Punch"],"picked":"SKIP","floor":35},{"not_picked":["Slice","Choke","Well Laid Plans","Acrobatics"],"picked":"SKIP","floor":37},{"not_picked":["Slice+1","Phantasmal Killer","Prepared"],"picked":"Bouncing Flask","floor":38},{"not_picked":["Terror","Bane","Sucker Punch+1"],"picked":"Acrobatics","floor":41},{"not_picked":["Underhanded Strike","Backstab","Sucker Punch","Outmaneuver"],"picked":"SKIP","floor":46},{"not_picked":["Outmaneuver","Reflex","Crippling Poison","Blade Dance"],"picked":"SKIP","floor":47}],"player_experience":84971,"relics_obtained":[{"floor":7.0,"key":"Anchor"},{"floor":9.0,"key":"Question Card"},{"floor":13.0,"key":"Old Coin"},{"floor":23,"key":"The Specimen"},{"floor":25,"key":"StoneCalendar"},{"floor":26,"key":"Mummified Hand"},{"floor":31,"key":"Tingsha"},{"floor":41,"key":"Gremlin Horn"},{"floor":43,"key":"Oddly Smooth Stone"},{"floor":47,"key":"Shovel"},{"floor":48,"key":"Shuriken"},{"floor":49,"key":"Orichalcum"}],"event_choices":[{"damage_healed":0.0,"max_hp_gain":0.0,"max_hp_loss":0.0,"gold_gain":0.0,"event_name":"The Cleric","player_choice":"Leave","floor":4.0,"gold_loss":0.0,"damage_taken":0.0},{"damage_healed":0.0,"max_hp_gain":0.0,"max_hp_loss":0.0,"gold_gain":0.0,"event_name":"The Woman in Blue","player_choice":"Bought 1 Potion","floor":14.0,"gold_loss":0.0,"damage_taken":0.0},{"damage_healed":0,"gold_gain":0,"player_choice":"Ignored","damage_taken":0,"max_hp_gain":0,"max_hp_loss":0,"event_name":"The Mausoleum","floor":27,"gold_loss":0},{"cards_removed":["Deadly Poison"],"damage_healed":0,"gold_gain":0,"player_choice":"Purged","damage_taken":0,"max_hp_gain":0,"max_hp_loss":0,"event_name":"Purifier","floor":36,"gold_loss":0},{"damage_healed":0,"gold_gain":0,"player_choice":"Upgraded","damage_taken":0,"max_hp_gain":0,"max_hp_loss":0,"event_name":"Upgrade Shrine","floor":39,"gold_loss":0,"cards_upgraded":["Wraith Form v2"]}],"is_beta":false,"boss_relics":[{"not_picked":["Velvet Choker","SlaversCollar"],"picked":"WristBlade"},{"not_picked":["Black Star","Empty Cage"],"picked":"Fusion Hammer"}],"items_purged_floors":[20],"is_endless":false,"potions_floor_spawned":[2,12,13,19,25,33,37,46],"ascension_level":20}}