{"host":"og6lam4kt3nibbw0","time":1610041932,"event":{"mods":["AchievementEnabler","BaseMod","Colored Map","DeckTracker","Highlight Path","Keyboard Shortcuts","Minty Spire (QoL Compilation)","Permanent Neow","Quick Restart","StSLib","SuperFastMode"],"gold_per_floor":[117,117,1,1,1,31,31,61,112,146,146,159,170,186,186,186,186],"floor_reached":16,"playtime":290,"items_purged":["Strike_B"],"score":336,"play_id":"66f47cd2-ae98-471a-aa77-0c8ee6e766cb","local_time":"20210108025212","is_ascension_mode":true,"campfire_choices":[{"data":"Double Energy","floor":7.0,"key":"SMITH"},{"data":"Streamline","floor":11.0,"key":"SMITH"},{"floor":15.0,"key":"REST"}],"circlet_count":0,"master_deck":["AscendersBane","Strike_B","Strike_B","Defend_B","Defend_B","Defend_B","Zap","Dualcast","Conserve Battery","Capacitor","Static Discharge","Double Energy+1","Streamline+1","Turbo","Force Field"],"relics":["Cracked Core","NeowsBlessing","Singing Bowl","Frozen Egg 2","Omamori","Nunchaku","Turnip"],"acts_visited":["Exordium"],"potions_floor_usage":[16],"damage_taken":[{"damage":0.0,"enemies":"Small Slimes","floor":1.0,"turns":1.0},{"damage":0.0,"enemies":"Lagavulin","floor":6.0,"turns":1.0},{"damage":0.0,"enemies":"3 Sentries","floor":8.0,"turns":2.0},{"damage":29.0,"enemies":"Gremlin Nob","floor":10.0,"turns":4.0},{"damage":6.0,"enemies":"Cultist","floor":12.0,"turns":3.0},{"damage":7.0,"enemies":"2 Louse","floor":13.0,"turns":3.0},{"damage":10.0,"enemies":"Gremlin Gang","floor":14.0,"turns":3.0},{"damage":35,"enemies":"Slime Boss","floor":16,"turns":6}],"seed_played":"1122291996643119829","potions_obtained":[{"floor":8.0,"key":"SmokeBomb"},{"floor":10.0,"key":"Explosive Potion"},{"floor":14.0,"key":"AttackPotion"}],"is_trial":false,"path_per_floor":["M","?","$","T","?","E","R","E","T","E","R","M","M","M","R","B"],"character_chosen":"DEFECT","items_purchased":["Static Discharge"],"campfire_rested":1,"item_purchase_floors":[3],"current_hp_per_floor":[64,64,64,64,64,64,64,64,64,35,35,31,26,16,38,3,3],"gold":186,"neow_bonus":"THREE_ENEMY_KILL","is_daily":false,"chose_seed":false,"campfire_upgraded":2,"win_rate":0.0,"timestamp":1610041932,"path_taken":["M","?","$","?","?","E","R","E","T","E","R","M","M","M","R","BOSS"],"items_purchased_type":["Card"],"build_version":"2020-12-22","purchased_purges":1,"victory":false,"max_hp_per_floor":[71,71,71,71,71,71,71,71,71,71,71,73,75,75,75,75,75],"card_choices":[{"not_picked":["Barrage","Hello World"],"picked":"Conserve Battery","floor":1.0},{"not_picked":["Rip and Tear","Genetic Algorithm"],"picked":"Double Energy","floor":6.0},{"not_picked":["Chaos","Self Repair+1"],"picked":"Streamline","floor":8.0},{"not_picked":["Fission","Streamline"],"picked":"Turbo","floor":10.0},{"not_picked":["Stack","Beam Cell","Cold Snap"],"picked":"Singing Bowl","floor":12.0},{"not_picked":["Compile Driver","Cold Snap","Go for the Eyes"],"picked":"Singing Bowl","floor":13.0},{"not_picked":["Beam Cell","Reinforced Body"],"picked":"Force Field","floor":14.0}],"player_experience":830787,"relics_obtained":[{"floor":4.0,"key":"Singing Bowl"},{"floor":6.0,"key":"Frozen Egg 2"},{"floor":8.0,"key":"Omamori"},{"floor":9.0,"key":"Nunchaku"},{"floor":10.0,"key":"Turnip"}],"event_choices":[{"damage_healed":0.0,"max_hp_gain":0.0,"max_hp_loss":0.0,"gold_gain":0.0,"cards_transformed":["Strike_B"],"event_name":"Transmorgrifier","player_choice":"Transformed","floor":2.0,"gold_loss":0.0,"damage_taken":0.0,"cards_obtained":["Capacitor"]},{"cards_removed":["Defend_B"],"damage_healed":0.0,"max_hp_gain":0.0,"max_hp_loss":0.0,"gold_gain":0.0,"event_name":"Bonfire Elementals","player_choice":"Offered Basic","floor":5.0,"gold_loss":0.0,"damage_taken":0.0}],"is_beta":false,"boss_relics":[],"items_purged_floors":[3],"is_endless":false,"potions_floor_spawned":[8,10,13,14],"killed_by":"Slime Boss","ascension_level":20}}