{"host":"d1za9dvx43o9v494","time":1610058283,"event":{"mods":["2.2 Compatiblity","Astrologer","BaseMod","Better-Laid Plans","Colored Map","Downfall","Emptier Cage","Minty Spire (QoL Compilation)","Permanent Neow","StSLib"],"gold_per_floor":[216,216,166,179,197,232,232,232,232,232,248,258,258,258,258,363,363,377,302,377,390,136,136,147,176,202,202,212,228,6,38,38,139,139,159,169,119,119,134,163,263,263,287,287,303,328,328,356,356,356,356,356,231,259,259],"floor_reached":56,"playtime":3910,"items_purged":["astrologer:Strike","astrologer:Defend","astrologer:Defend","astrologer:Defend","astrologer:Opposition"],"score":1508,"play_id":"b6206ed2-b9a6-439f-b431-410a37782a96","local_time":"20210108012443","is_ascension_mode":true,"campfire_choices":[{"data":"astrologer:ShootingStar","floor":8,"key":"SMITH"},{"data":"astrologer:Moonlight","floor":10,"key":"SMITH"},{"data":"astrologer:NorthStar","floor":13,"key":"SMITH"},{"data":"astrologer:Conjunction","floor":15,"key":"SMITH"},{"data":"astrologer:Premonition","floor":23,"key":"SMITH"},{"data":"astrologer:TheHangedMan","floor":27,"key":"SMITH"},{"data":"astrologer:ShootingStar","floor":32,"key":"SMITH"},{"data":"astrologer:Novile","floor":42,"key":"SMITH"},{"data":"astrologer:Trine","floor":47,"key":"SMITH"},{"floor":49,"key":"RECALL"},{"data":"astrologer:Trine","floor":52,"key":"SMITH"}],"circlet_count":0,"master_deck":["astrologer:NorthStar+1","astrologer:TheFool+1","astrologer:Opposition+1","astrologer:ShootingStar+1","astrologer:Moonlight+1","astrologer:Conjunction+1","astrologer:Premonition+1","astrologer:TheHangedMan+1","astrologer:Conjunction+1","astrologer:Trine+1","astrologer:ShootingStar+1","astrologer:Novile+1","astrologer:Glimpse+1","astrologer:ShootingStar+1","astrologer:Trine+1"],"relics":["astrologer:SkyMirror","Matryoshka","Pen Nib","InkBottle","Empty Cage","Runic Dome","Juzu Bracelet","Mercury Hourglass","Happy Flower","Smiling Mask","Membership Card","Nunchaku","expansioncontent:StudyCardRelic","Ornamental Fan","Whetstone","MealTicket","Centennial Puzzle","Akabeko"],"acts_visited":["Exordium","TheCity","TheBeyond","TheEnding"],"potions_floor_usage":[16,24,24,36,55,55],"damage_taken":[{"damage":0,"enemies":"Small Slimes","floor":1,"turns":3},{"damage":0,"enemies":"2 Louse","floor":4,"turns":3},{"damage":0,"enemies":"Cultist","floor":5,"turns":3},{"damage":33,"enemies":"3 Sentries","floor":6,"turns":9},{"damage":0,"enemies":"Looter","floor":11,"turns":3},{"damage":0,"enemies":"Exordium Wildlife","floor":12,"turns":3},{"damage":67,"enemies":"Slime Boss","floor":16,"turns":11},{"damage":4,"enemies":"Shell Parasite","floor":18,"turns":4},{"damage":0,"enemies":"Chosen","floor":21,"turns":4},{"damage":0,"enemies":"3 Cultists","floor":24,"turns":2},{"damage":20,"enemies":"Slavers","floor":25,"turns":6},{"damage":0,"enemies":"Centurion and Healer","floor":28,"turns":3},{"damage":3,"enemies":"Snake Plant","floor":29,"turns":2},{"damage":0,"enemies":"Book of Stabbing","floor":31,"turns":3},{"damage":0,"enemies":"Automaton","floor":33,"turns":3},{"damage":0,"enemies":"3 Darklings","floor":35,"turns":2},{"damage":5,"enemies":"3 Shapes","floor":36,"turns":4},{"damage":0,"enemies":"Maw","floor":39,"turns":2},{"damage":0,"enemies":"Giant Head","floor":40,"turns":1},{"damage":0,"enemies":"Writhing Mass","floor":45,"turns":3},{"damage":0,"enemies":"Reptomancer","floor":46,"turns":1},{"damage":0,"enemies":"Nemesis","floor":48,"turns":3},{"damage":0,"enemies":"Donu and Deca","floor":50,"turns":3},{"damage":0,"enemies":"Shield and Spear","floor":54,"turns":2},{"damage":1,"enemies":"The Heart","floor":55,"turns":4}],"seed_played":"-1367812084916552124","potions_obtained":[{"floor":1,"key":"AttackPotion"},{"floor":11,"key":"SteroidPotion"},{"floor":16,"key":"Swift Potion"},{"floor":24,"key":"Fruit Juice"},{"floor":25,"key":"PowerPotion"},{"floor":29,"key":"SkillPotion"},{"floor":36,"key":"sneckomod:MuddlingPotion"}],"is_trial":false,"path_per_floor":["M","?","?","M","M","E","?","R","T","R","M","M","R","?","R","B",null,"M","$","?","M","$","R","M","E","T","R","M","M","$","E","R","B",null,"M","M","$","?","M","E","?","R","T","?","M","E","R","E","R","B",null,"R","$","E","B",null],"character_chosen":"ASTROLOGER","items_purchased":["Juzu Bracelet","Membership Card","astrologer:Novile","Centennial Puzzle"],"campfire_rested":0,"item_purchase_floors":[22,30,30,53],"current_hp_per_floor":[70,70,70,70,70,37,37,37,37,37,37,37,37,42,42,15,75,71,71,64,64,64,64,69,49,49,49,49,46,46,46,46,46,80,80,75,75,75,75,75,75,75,75,75,75,75,75,75,75,75,80,80,80,80,79],"gold":259,"neow_bonus":"HUNDRED_GOLD","is_daily":false,"chose_seed":false,"campfire_upgraded":10,"win_rate":0.0,"timestamp":1610058283,"path_taken":["M","?","?","M","M","E","?","R","T","R","?","M","R","?","R","BOSS","M","$","?","?","$","R","M","E","T","R","M","M","$","E","R","BOSS","M","M","$","?","M","E","?","R","T","?","M","E","R","E","R","BOSS","R","$","E","BOSS"],"items_purchased_type":["Relic","Relic","Card","Relic"],"build_version":"2020-12-22","purchased_purges":5,"victory":true,"max_hp_per_floor":[70,70,70,70,70,70,70,70,70,70,70,70,70,75,75,75,75,75,75,75,75,75,75,80,80,80,80,80,80,80,80,80,80,80,80,80,80,80,80,80,80,80,80,80,80,80,80,80,80,80,80,80,80,80,80],"card_choices":[{"not_picked":["astrologer:Justice","astrologer:Radiance"],"picked":"astrologer:Opposition","floor":1},{"not_picked":["astrologer:TheEmperor","astrologer:Moonlight"],"picked":"astrologer:Opposition","floor":4},{"not_picked":["astrologer:Justice","astrologer:Fate"],"picked":"astrologer:ShootingStar","floor":5},{"not_picked":["astrologer:Wish","astrologer:Opposition"],"picked":"astrologer:Moonlight","floor":6},{"not_picked":["astrologer:TheHighPriestess","astrologer:ReadTheStars"],"picked":"astrologer:Conjunction","floor":11},{"not_picked":["astrologer:BlackHole","astrologer:Eclipse","astrologer:MeteorShower"],"picked":"SKIP","floor":12},{"not_picked":["astrologer:HeatDeath","astrologer:RejectReality"],"picked":"astrologer:Premonition","floor":16},{"not_picked":["astrologer:FrozenStar","astrologer:Still","astrologer:CometStrike+1"],"picked":"SKIP","floor":18},{"not_picked":["astrologer:Stardust+1","astrologer:CometStrike"],"picked":"astrologer:TheHangedMan","floor":21},{"not_picked":["astrologer:Radiance","astrologer:Eclipse","astrologer:Still"],"picked":"SKIP","floor":24},{"not_picked":["astrologer:HeatDeath","astrologer:MeteorShower"],"picked":"astrologer:Conjunction+1","floor":25},{"not_picked":["astrologer:Moonlight","astrologer:SpaceDust"],"picked":"astrologer:Trine","floor":28},{"not_picked":["astrologer:TheDevil+1","astrologer:FrozenStar"],"picked":"astrologer:ShootingStar","floor":29},{"not_picked":["astrologer:Conjunction","astrologer:Sunrise"],"picked":"astrologer:Glimpse+1","floor":31},{"not_picked":["astrologer:Fireball+1","astrologer:CometStrike+1"],"picked":"astrologer:ShootingStar+1","floor":35},{"not_picked":["astrologer:Moonlight+1","astrologer:FrozenStar","astrologer:TheDevil+1"],"picked":"SKIP","floor":36},{"not_picked":["astrologer:Fireball+1","astrologer:Shine","astrologer:TheDevil+1"],"picked":"SKIP","floor":39},{"not_picked":["astrologer:SolarFlare+1","astrologer:ReadTheStars+1","astrologer:Eclipse"],"picked":"SKIP","floor":40},{"not_picked":["astrologer:Conjunction+1","astrologer:SolarFlare+1","astrologer:Opposition"],"picked":"SKIP","floor":45},{"not_picked":["astrologer:GlassStar+1","astrologer:Moonlight+1","astrologer:ReadTheStars"],"picked":"SKIP","floor":46},{"not_picked":["astrologer:Death","astrologer:FadingStar+1","astrologer:Opposition"],"picked":"SKIP","floor":48},{"not_picked":["astrologer:MeteorShower","astrologer:TheEmpress+1","astrologer:ShootingStar"],"picked":"SKIP","floor":54}],"player_experience":688690,"relics_obtained":[{"floor":6,"key":"Matryoshka"},{"floor":9,"key":"Pen Nib"},{"floor":9,"key":"InkBottle"},{"floor":25,"key":"Mercury Hourglass"},{"floor":26,"key":"Happy Flower"},{"floor":26,"key":"Smiling Mask"},{"floor":31,"key":"Nunchaku"},{"floor":40,"key":"Ornamental Fan"},{"floor":46,"key":"Whetstone"},{"floor":48,"key":"MealTicket"},{"floor":54,"key":"Akabeko"}],"event_choices":[{"cards_removed":["astrologer:Strike"],"damage_healed":0,"gold_gain":0,"player_choice":"Card Removal","damage_taken":0,"max_hp_gain":0,"max_hp_loss":0,"event_name":"The Cleric","floor":3,"gold_loss":50},{"damage_healed":0,"gold_gain":0,"player_choice":"Ignored","damage_taken":0,"max_hp_gain":0,"max_hp_loss":0,"event_name":"Transmorgrifier","floor":7,"gold_loss":0},{"damage_healed":0,"gold_gain":0,"player_choice":"Donut","damage_taken":0,"max_hp_gain":5,"max_hp_loss":0,"event_name":"Big Fish","floor":14,"gold_loss":0},{"damage_healed":0,"gold_gain":75,"player_choice":"Touch","damage_taken":7,"max_hp_gain":0,"max_hp_loss":0,"event_name":"FaceTrader","floor":20,"gold_loss":0},{"damage_healed":0,"gold_gain":0,"player_choice":"Copied","damage_taken":0,"max_hp_gain":0,"max_hp_loss":0,"event_name":"Duplicator","floor":38,"gold_loss":0,"cards_obtained":["astrologer:Trine"]},{"damage_healed":0,"gold_gain":100,"player_choice":"Pray","damage_taken":0,"max_hp_gain":0,"max_hp_loss":0,"event_name":"Golden Shrine","floor":41,"gold_loss":0},{"damage_healed":0,"gold_gain":0,"player_choice":"Memory 1","damage_taken":0,"max_hp_gain":0,"max_hp_loss":0,"event_name":"SensoryStone","floor":44,"gold_loss":0}],"is_beta":false,"boss_relics":[{"not_picked":["Calling Bell","Coffee Dripper"],"picked":"Empty Cage"},{"not_picked":["Cursed Key","Snecko Eye"],"picked":"expansioncontent:StudyCardRelic"}],"items_purged_floors":[19,22,30,37,53],"is_endless":false,"potions_floor_spawned":[1,11,16,24,25,29,35,36,40],"ascension_level":1}}