{"host":"6qo42zgaknezulyg","time":1610011790,"event":{"mods":["2.2 Compatiblity","BaseMod","Colored Map","Downfall","Keyboard Shortcuts","Minty Spire (QoL Compilation)","Permanent Neow","Quick Restart","StSLib","SuperFastMode"],"gold_per_floor":[99,117,134,234,246,264,264,290,307,307,317,335,335,335,351,425,425,425,443,443,458,20,20,43,68,68,85,85,20,20,20,30,107,107,107,119,197,222,274,374,374,391,226,236,263,282,282,108,123,123],"floor_reached":51,"playtime":2712,"items_purged":["Pride","bronze:Strike","bronze:Strike","bronze:Defend","bronze:Defend"],"score":1366,"play_id":"6b025e74-435f-4e32-acdf-c813f37a8eee","local_time":"20210107182950","is_ascension_mode":true,"campfire_choices":[{"data":"bronze:Replicate","floor":1.0,"key":"SMITH"},{"floor":10.0,"key":"REST"},{"floor":13.0,"key":"REST"},{"data":"bronze:InfiniteBeams","floor":18.0,"key":"SMITH"},{"data":"bronze:FollowUp","floor":23.0,"key":"SMITH"},{"data":"bronze:SpaghettiCode","floor":30.0,"key":"SMITH"},{"data":"bronze:FollowUp","floor":35.0,"key":"SMITH"},{"floor":47,"key":"REST"}],"circlet_count":0,"master_deck":["AscendersBane","bronze:Defend","bronze:Defend","bronze:Replicate+1","bronze:Goto","bronze:DelayedSlice","bronze:InfiniteBeams+1","bronze:BronzeOrb","bronze:ChildClass","bronze:HyperBeam","bronze:Branch","bronze:CutThrough+1","bronze:FollowUp+1","bronze:Branch+1","bronze:Boost","bronze:SpaghettiCode+1","bronze:Iterate+1","bronze:SpaghettiCode+1","bronze:FollowUp+1","bronze:InfiniteBeams","bronze:ChildClass"],"relics":["bronze:BronzeCore","HornCleat","The Courier","Sozu","MealTicket","Orrery","Bag of Preparation","Nunchaku","Smiling Mask","Shuriken","expansioncontent:StudyCardRelic","Kunai","Unceasing Top","Calipers","Potion Belt","Oddly Smooth Stone","Anchor","CeramicFish","Vajra"],"acts_visited":["Exordium","TheCity","TheBeyond"],"potions_floor_usage":[],"damage_taken":[{"damage":0.0,"enemies":"2 Louse","floor":2.0,"turns":3.0},{"damage":0.0,"enemies":"Cultist","floor":3.0,"turns":4.0},{"damage":6.0,"enemies":"Small Slimes","floor":5.0,"turns":3.0},{"damage":9.0,"enemies":"Red Slaver","floor":6.0,"turns":3.0},{"damage":20.0,"enemies":"Lagavulin","floor":8.0,"turns":5.0},{"damage":4.0,"enemies":"Exordium Wildlife","floor":9.0,"turns":5.0},{"damage":9.0,"enemies":"Large Slime","floor":11.0,"turns":5.0},{"damage":0.0,"enemies":"2 Fungi Beasts","floor":12.0,"turns":3.0},{"damage":4.0,"enemies":"Exordium Thugs","floor":15.0,"turns":3.0},{"damage":11.0,"enemies":"downfall:Ironclad","floor":16.0,"turns":5.0},{"damage":5.0,"enemies":"Shell Parasite","floor":19.0,"turns":4.0},{"damage":13.0,"enemies":"Cultist and Chosen","floor":21.0,"turns":6.0},{"damage":0.0,"enemies":"downfall:FleeingMerchant","floor":22.0,"turns":4.0},{"damage":1.0,"enemies":"Slavers","floor":25.0,"turns":6.0},{"damage":1.0,"enemies":"Centurion and Healer","floor":27.0,"turns":4.0},{"damage":0.0,"enemies":"downfall:FleeingMerchant","floor":29.0,"turns":4.0},{"damage":0.0,"enemies":"Snecko","floor":32.0,"turns":3.0},{"damage":0.0,"enemies":"downfall:Watcher","floor":33.0,"turns":5.0},{"damage":17.0,"enemies":"3 Shapes","floor":36.0,"turns":6.0},{"damage":0.0,"enemies":"downfall:FleeingMerchant","floor":37.0,"turns":1.0},{"damage":0.0,"enemies":"downfall:FleeingMerchant","floor":38.0,"turns":4.0},{"damage":17.0,"enemies":"2 Orb Walkers","floor":39.0,"turns":4.0},{"damage":0.0,"enemies":"downfall:LadyInBlue","floor":40.0,"turns":2.0},{"damage":0.0,"enemies":"3 Darklings","floor":42.0,"turns":3.0},{"damage":0.0,"enemies":"Transient","floor":44.0,"turns":5.0},{"damage":0.0,"enemies":"Reptomancer","floor":45.0,"turns":5.0},{"damage":0,"enemies":"Maw","floor":46,"turns":4},{"damage":0,"enemies":"3 Darklings","floor":49,"turns":3},{"damage":4,"enemies":"downfall:Silent","floor":50,"turns":7}],"seed_played":"-4391964532736040464","potions_obtained":[{"floor":6.0,"key":"BlessingOfTheForge"},{"floor":8.0,"key":"AttackPotion"},{"floor":11.0,"key":"bronze:BurnAndBuffPotion"}],"is_trial":false,"path_per_floor":["R","M","M","?","M","M","T","E","M","R","M","M","R","?","M","B",null,"R","M","?","M","$","R","T","E","?","M","?","$","R","?","M","B",null,"R","M","$","?","?","?","T","M","?","M","E","M","R","$","M","B",null],"character_chosen":"THE_AUTOMATON","items_purchased":["Orrery","Bag of Preparation","Nunchaku","Kunai","Anchor","Vajra"],"campfire_rested":3,"item_purchase_floors":[22,22,22,37,43,48],"current_hp_per_floor":[57,57,57,57,51,42,42,22,18,35,26,26,43,43,39,28,50,50,45,45,32,47,47,47,46,46,45,45,57,57,57,57,57,57,57,40,55,55,38,38,38,38,38,38,38,38,55,57,57,53],"gold":123,"neow_bonus":"REMOVE_TWO","is_daily":false,"chose_seed":false,"campfire_upgraded":5,"win_rate":0.0,"timestamp":1610011790,"path_taken":["R","M","M","?","M","M","T","E","M","R","?","M","R","?","M","BOSS","R","M","?","M","$","R","T","E","?","M","?","$","R","?","M","BOSS","R","M","$","?","?","?","T","?","?","M","E","M","R","?","M","BOSS"],"items_purchased_type":["Relic","Relic","Relic","Relic","Relic","Relic"],"build_version":"2020-12-22","purchased_purges":5,"victory":true,"max_hp_per_floor":[57,57,57,57,57,57,57,57,57,57,57,57,57,57,57,57,57,57,57,57,57,57,57,57,57,57,57,57,57,57,57,57,57,57,57,57,57,57,57,57,57,57,57,57,57,57,57,57,57,57],"card_choices":[{"not_picked":["bronze:Shield","bronze:BitShift"],"picked":"bronze:DelayedSlice","floor":2.0},{"not_picked":["bronze:ClassDefault","bronze:CutThrough","bronze:BronzeArmor"],"picked":"SKIP","floor":3.0},{"not_picked":["bronze:WhirlingStrike","bronze:ItsAFeature"],"picked":"bronze:InfiniteBeams","floor":5.0},{"not_picked":["bronze:DarkDash","bronze:BitShift","bronze:ChosenStrike"],"picked":"SKIP","floor":6.0},{"not_picked":["bronze:ItsAFeature","bronze:BuggyMess"],"picked":"bronze:BronzeOrb","floor":8.0},{"not_picked":["bronze:Allocate","bronze:Refactor","bronze:SearingBeam"],"picked":"SKIP","floor":9.0},{"not_picked":["bronze:CloningBeam","bronze:ForLoop","bronze:Iterate"],"picked":"SKIP","floor":11.0},{"not_picked":["bronze:Backtrace","bronze:Allocate"],"picked":"bronze:ChildClass","floor":12.0},{"not_picked":["bronze:Deprecate","bronze:Invalidate","bronze:ItsAFeature"],"picked":"SKIP","floor":15.0},{"not_picked":["bronze:ShipIt","bronze:FindAndReplace"],"picked":"bronze:HyperBeam","floor":16.0},{"not_picked":["bronze:OilSpill","bronze:DarkDash"],"picked":"bronze:Branch","floor":19.0},{"not_picked":["bronze:Allocate","bronze:BitShift"],"picked":"bronze:CutThrough+1","floor":21.0},{"not_picked":["bronze:Repulsor","bronze:Shield","bronze:WildBeam"],"picked":"SKIP","floor":22.0},{"not_picked":["bronze:WhirlingStrike","bronze:Constructor"],"picked":"bronze:FollowUp","floor":22.0},{"not_picked":["bronze:DelayedGuard","bronze:Deprecate"],"picked":"bronze:Branch+1","floor":22.0},{"not_picked":["bronze:Library","bronze:Invalidate"],"picked":"bronze:Boost","floor":22.0},{"not_picked":["bronze:RecursiveStrike","bronze:DelayedGuard"],"picked":"bronze:SpaghettiCode","floor":25.0},{"not_picked":["bronze:BugBarrage","bronze:Refactor"],"picked":"bronze:Iterate+1","floor":27.0},{"not_picked":["bronze:ThunderWave","bronze:Terminator","bronze:Deprecate"],"picked":"SKIP","floor":29.0},{"not_picked":["bronze:Deprecate","bronze:ClassDefault"],"picked":"bronze:FollowUp","floor":32.0},{"not_picked":["bronze:Boost","bronze:WhirlingStrike","bronze:DelayedSlice"],"picked":"SKIP","floor":36.0},{"not_picked":["bronze:ChosenStrike","bronze:BugBarrage+1","bronze:WhirlingStrike"],"picked":"SKIP","floor":37.0},{"not_picked":["bronze:Invalidate","bronze:BitShift"],"picked":"bronze:InfiniteBeams","floor":38.0},{"not_picked":["bronze:WildBeam","bronze:WhirlingStrike","bronze:Optimize+1"],"picked":"SKIP","floor":42.0},{"not_picked":["bronze:Refactor","bronze:FineTuning"],"picked":"bronze:ChildClass","floor":44.0},{"not_picked":["bronze:ClassDefault","bronze:Branch","bronze:HyperBeam"],"picked":"SKIP","floor":45.0},{"not_picked":["bronze:ChosenStrike","bronze:ChildClass","bronze:Constructor"],"picked":"SKIP","floor":46},{"not_picked":["bronze:DigitalCarnage","bronze:Backtrace","bronze:ForceShield"],"picked":"SKIP","floor":49}],"player_experience":1132927,"relics_obtained":[{"floor":7.0,"key":"HornCleat"},{"floor":8.0,"key":"The Courier"},{"floor":24.0,"key":"Smiling Mask"},{"floor":25.0,"key":"Shuriken"},{"floor":38.0,"key":"Unceasing Top"},{"floor":39.0,"key":"Calipers"},{"floor":40.0,"key":"Potion Belt"},{"floor":41.0,"key":"Oddly Smooth Stone"},{"floor":45.0,"key":"CeramicFish"}],"event_choices":[{"damage_healed":0.0,"max_hp_gain":0.0,"max_hp_loss":0.0,"gold_gain":0.0,"event_name":"Addict","player_choice":"Stole Relic","floor":20.0,"gold_loss":0.0,"damage_taken":0.0,"relics_obtained":["MealTicket"],"cards_obtained":["Pride"]},{"damage_healed":0.0,"max_hp_gain":0.0,"max_hp_loss":0.0,"gold_gain":0.0,"event_name":"Mysterious Sphere","player_choice":"Fight","floor":39.0,"gold_loss":0.0,"damage_taken":0.0}],"is_beta":false,"boss_relics":[{"not_picked":["bronze:ElectromagneticCoil","Busted Crown"],"picked":"Sozu"},{"not_picked":["Empty Cage","Tiny House"],"picked":"expansioncontent:StudyCardRelic"}],"items_purged_floors":[22,29,37,43,48],"is_endless":false,"potions_floor_spawned":[6,8,11,12,19,25,38,39,42,44,45],"ascension_level":14}}