{"host":"flm17o2q7bfjyna6","time":1610044839,"event":{"mods":["2.2 Compatiblity","Act Like it!","BaseMod","Better Altar","Better Match","Better Note","Better Sensory Stone","Better Skull","Better Third Choice","Better Vampires","Colored Map","Colored Powertips","DeckTracker","Hermit","Minty Spire (QoL Compilation)","Quick Restart","Replay The Spire","Reworked Bosses","Spicy Shops","StSLib","Wandering Minibosses"],"gold_per_floor":[114,114,129,144,159,189,189,219,244,259,259,434,449,479,479,579,579,594,594,144,159,174,174,204,204,204,234,249,264,294,294,294,416,416,441,504,44,75,108,108,156,156,156,156,21,63,106,141,141,179],"floor_reached":51,"playtime":3232,"items_purged":["hermit:Vantage+1","Delirium"],"score":1164,"play_id":"4153e13b-3970-497a-b09f-d56e346eb743","local_time":"20210107134039","daily_mods":["SealedDeck","Green Cards","Lethality"],"is_ascension_mode":false,"campfire_choices":[{"data":"hermit:Grudge","floor":7,"key":"SMITH"},{"data":"hermit:Virtue","floor":11,"key":"SMITH"},{"data":"hermit:Glare","floor":23,"key":"SMITH"},{"data":"hermit:WideOpen","floor":25,"key":"SMITH"},{"floor":32,"key":"REST"},{"data":"hermit:Headshot","floor":40,"key":"SMITH"},{"data":"Conserve Battery","floor":42,"key":"SMITH"},{"data":"Dropkick","floor":44,"key":"SMITH"},{"data":"Gash","floor":49,"key":"SMITH"}],"circlet_count":0,"master_deck":["hermit:Glare+1","hermit:HighCaliber+1","hermit:Dive+1","hermit:Dive+1","hermit:WideOpen+1","hermit:Headshot+1","hermit:Grudge+1","hermit:ShadowCloak+1","hermit:Ricochet+1","hermit:FatalDesire+1","hermit:Virtue+1","hermit:Enervate+1","hermit:Adapt+1","hermit:Enervate+1","Conserve Battery+1","Gash+1","Voices","Sneak Up+1","hermit:Manifest+1","hermit:EyeOfTheStorm+1","Ragnarok+1","Reinforced Body+1","Clumsy","Parasite","hermit:Glare+1","Dropkick+1","ReplayTheSpireMod:Splinters","Shame","hermit:GhostlyPresence+1","ReplaySort+1","Reinforced Body+1"],"relics":["hermit:Momento","Golden Egg","Replay:Bottled Eggs","Orichalcum","Tiny Chest","Replay:Grab Bag","Cursed Key","Replay:Bronze Core","Replay:Drink Me","PrismaticShard","Bronze Scales","Guide Book","InkBottle","Lantern","Toxic Egg 2","Replay:Bandana","StrikeDummy","hermit:BartenderGlass","wanderingMiniBosses:Inkheart","HandDrill","ClockworkSouvenir","Ancient Tea Set","Meat on the Bone","Gremlin Horn","Juzu Bracelet","Sling","Sundial"],"acts_visited":["Exordium","TheCity","TheBeyond"],"potions_floor_usage":[18,35,35,36,36,36,50,50,50,50],"damage_taken":[{"damage":0,"enemies":"Jaw Worm","floor":1,"turns":1},{"damage":0,"enemies":"2 Louse","floor":3,"turns":1},{"damage":0,"enemies":"Cultist","floor":4,"turns":3},{"damage":0,"enemies":"Looter","floor":5,"turns":1},{"damage":1,"enemies":"Replay:BlueRogue","floor":6,"turns":2},{"damage":0,"enemies":"Lagavulin","floor":8,"turns":4},{"damage":0,"enemies":"Large Slime","floor":10,"turns":2},{"damage":1,"enemies":"Gremlin Gang","floor":13,"turns":2},{"damage":0,"enemies":"3 Sentries","floor":14,"turns":3},{"damage":0,"enemies":"Slime Boss","floor":16,"turns":6},{"damage":0,"enemies":"Spheric Guardian","floor":18,"turns":7},{"damage":7,"enemies":"Shell Parasite","floor":21,"turns":3},{"damage":4,"enemies":"Centurion and Healer","floor":22,"turns":4},{"damage":19,"enemies":"Slavers","floor":24,"turns":3},{"damage":0,"enemies":"Replay:Snechameleon","floor":27,"turns":4},{"damage":0,"enemies":"Chosen and Byrds","floor":28,"turns":3},{"damage":0,"enemies":"Snecko","floor":29,"turns":3},{"damage":9,"enemies":"Gremlin Leader","floor":30,"turns":4},{"damage":4,"enemies":"bossMod:newCollector","floor":33,"turns":9},{"damage":2,"enemies":"Orb Walker","floor":35,"turns":3},{"damage":0,"enemies":"3 Darklings","floor":36,"turns":4},{"damage":0,"enemies":"Writhing Mass","floor":38,"turns":4},{"damage":0,"enemies":"Jaw Worm Horde","floor":39,"turns":3},{"damage":0,"enemies":"R_Hoarder","floor":41,"turns":6},{"damage":0,"enemies":"Nemesis","floor":46,"turns":7},{"damage":4,"enemies":"4 Shapes","floor":47,"turns":2},{"damage":0,"enemies":"Spire Growth","floor":48,"turns":3},{"damage":0,"enemies":"bossMod:newShapes","floor":50,"turns":4}],"seed_played":"8350349167999303424","potions_obtained":[{"floor":3,"key":"Block Potion"},{"floor":8,"key":"Adrenaline Potion"},{"floor":10,"key":"Milkshake"},{"floor":18,"key":"LiquidMemories"},{"floor":21,"key":"PowerPotion"},{"floor":38,"key":"Energy Potion"},{"floor":47,"key":"DuplicationPotion"}],"is_trial":false,"path_per_floor":["M","?","M","M","M","E","R","E","T","M","R","?","M","E","R_BF","B",null,"M","?","$","M","M","R","E","R","T","E","M","M","E","T","R","B",null,"M","M","$","M","M","R","E","R","T","R","$","E","M","M","R","B",null],"character_chosen":"HERMIT","items_purchased":["PrismaticShard","Bronze Scales","Guide Book","HandDrill","ClockworkSouvenir","Ancient Tea Set","Juzu Bracelet","Sling"],"campfire_rested":1,"item_purchase_floors":[20,20,20,37,37,37,45,45],"current_hp_per_floor":[75,75,75,75,75,74,74,74,74,74,74,74,73,73,58,58,57,57,57,57,50,46,46,27,27,27,27,27,27,18,18,35,31,57,55,55,55,55,55,55,55,55,55,55,55,55,51,51,51,51],"gold":179,"neow_bonus":"","is_daily":true,"chose_seed":false,"campfire_upgraded":8,"win_rate":0.0,"timestamp":1610044839,"path_taken":["M","?","M","M","M","E","R","E","T","M","R","?","M","E","R_BF","BOSS","M","?","$","M","M","R","E","R","T","E","M","M","E","?","R","BOSS","M","M","$","M","M","R","E","R","T","R","$","E","M","M","R","BOSS"],"items_purchased_type":["Relic","Relic","Relic","Relic","Relic","Relic","Relic","Relic"],"build_version":"2020-12-22","purchased_purges":2,"victory":true,"max_hp_per_floor":[75,75,75,75,75,75,75,75,75,75,75,75,75,75,75,75,57,57,57,57,57,57,57,57,57,57,57,57,57,57,57,57,57,57,57,57,57,57,57,57,57,57,57,57,57,57,57,57,57,57],"card_choices":[{"not_picked":["hermit:ItchyTrigger","hermit:Snipe"],"picked":"hermit:Grudge","floor":1},{"not_picked":["hermit:Quickdraw","hermit:Combo"],"picked":"hermit:ShadowCloak","floor":3},{"not_picked":["hermit:Midnight","hermit:Headshot","hermit:Vantage"],"picked":"SKIP","floor":4},{"not_picked":["hermit:Glare","hermit:HoleUp"],"picked":"hermit:Ricochet","floor":5},{"not_picked":["hermit:Combo","hermit:Manifest"],"picked":"hermit:FatalDesire","floor":6},{"not_picked":["hermit:Desperado","hermit:Headshot"],"picked":"hermit:Virtue","floor":8},{"not_picked":["hermit:TakeAim","hermit:Brawl","hermit:Horror"],"picked":"SKIP","floor":10},{"not_picked":["hermit:Feint","hermit:Snipe","hermit:HighCaliber"],"picked":"SKIP","floor":13},{"not_picked":["hermit:TrackingShot","hermit:Malice"],"picked":"hermit:Enervate","floor":14},{"not_picked":["hermit:Dissolve","hermit:FatalDesire"],"picked":"hermit:Adapt","floor":16},{"not_picked":["hermit:Cheat","hermit:Desperado"],"picked":"hermit:Enervate+1","floor":18},{"not_picked":["SashWhip","Quick Slash"],"picked":"Conserve Battery","floor":21},{"not_picked":["Redo","hermit:Desperado"],"picked":"Gash","floor":22},{"not_picked":["hermit:Misfire+1","ReplayTheSpireMod:Stacked","hermit:WideOpen+1"],"picked":"SKIP","floor":24},{"not_picked":["Perseverance+1","Prepared+1"],"picked":"Sneak Up+1","floor":27},{"not_picked":["Weave+1","PathToVictory+1"],"picked":"hermit:Manifest+1","floor":28},{"not_picked":["Clash","Pommel Strike+1","Mayhem"],"picked":"SKIP","floor":29},{"not_picked":["Conserve Battery+1","Heel Hook"],"picked":"hermit:EyeOfTheStorm+1","floor":30},{"not_picked":["Multi-Cast+1","Fiend Fire"],"picked":"Ragnarok","floor":33},{"not_picked":["SashWhip","hermit:TrackingShot","hermit:LowProfile+1"],"picked":"SKIP","floor":35},{"not_picked":["CutThroughFate+1","Acrobatics+1"],"picked":"Reinforced Body+1","floor":36},{"not_picked":["Expertise+1","ReplayTheSpireMod:LeadingStrike"],"picked":"hermit:Glare+1","floor":38},{"not_picked":["Hello World","Conserve Battery+1"],"picked":"Dropkick","floor":39},{"not_picked":["FlyingSleeves+1","Tools of the Trade","hermit:Feint+1"],"picked":"SKIP","floor":41},{"not_picked":["EmptyFist+1","Panic Button+1"],"picked":"hermit:GhostlyPresence+1","floor":46},{"not_picked":["hermit:Snipe+1","Cold Snap"],"picked":"ReplaySort+1","floor":47},{"not_picked":["Havoc+1","Quick Slash+1"],"picked":"Reinforced Body+1","floor":48}],"player_experience":1644298,"relics_obtained":[{"floor":6,"key":"Golden Egg"},{"floor":8,"key":"Replay:Bottled Eggs"},{"floor":9,"key":"Orichalcum"},{"floor":14,"key":"Tiny Chest"},{"floor":24,"key":"InkBottle"},{"floor":26,"key":"Lantern"},{"floor":27,"key":"Toxic Egg 2"},{"floor":30,"key":"Replay:Bandana"},{"floor":31,"key":"StrikeDummy"},{"floor":36,"key":"wanderingMiniBosses:Inkheart"},{"floor":41,"key":"Meat on the Bone"},{"floor":43,"key":"Gremlin Horn"},{"floor":46,"key":"Sundial"}],"event_choices":[{"damage_healed":0,"gold_gain":0,"player_choice":"Grow","damage_taken":0,"max_hp_gain":0,"max_hp_loss":0,"event_name":"Living Wall","floor":2,"gold_loss":0,"cards_upgraded":["hermit:Vantage"]},{"damage_healed":0,"gold_gain":175,"player_choice":"AGREE","damage_taken":259,"max_hp_gain":0,"max_hp_loss":0,"event_name":"betterThird:BetterSerpent","floor":12,"gold_loss":0},{"damage_healed":73,"gold_gain":0,"player_choice":"Upgrade","damage_taken":15,"max_hp_gain":0,"max_hp_loss":75,"event_name":"betterThird:BetterShining","floor":15,"gold_loss":0,"cards_upgraded":["hermit:Ricochet","hermit:HighCaliber"]},{"cards_removed":["hermit:Quickdraw"],"damage_healed":0,"gold_gain":0,"player_choice":"Elegance","damage_taken":0,"max_hp_gain":0,"max_hp_loss":0,"event_name":"betterThird:BetterWriting","floor":19,"gold_loss":0}],"is_beta":false,"boss_relics":[{"not_picked":["Abe\u0027s Treasure","Black Star"],"picked":"Replay:Grab Bag"},{"not_picked":["Sozu","Coffee Dripper"],"picked":"Cursed Key"},{"not_picked":["Fusion Hammer","Ectoplasm"],"picked":"Replay:Bronze Core"},{"not_picked":["Astrolabe","Ring of Chaos"],"picked":"Replay:Drink Me"},{"not_picked":["Honey Jar","SacredBark"],"picked":"hermit:BartenderGlass"}],"items_purged_floors":[20,37],"is_endless":false,"potions_floor_spawned":[3,8,10,14,18,21,30,38,41,47,48],"ascension_level":0}}