{"host":"er8s5flrc5z1a07t","time":1610026106,"event":{"mods":["2.2 Compatiblity","Act Like it!","Bard","BaseMod","Better Note","Better Third Choice","Downfall","Duelist Mod","Elementarium","Energized Spire","GifTheSpireLib","Hermit","Hubris","Infinite Spire","Minty Spire (QoL Compilation)","Relic Stats","Replay The Spire","Shop Mod","StSLib","Stuff the Spire","Synergy Search","The Cursed","The Disciple","The Mystic"],"gold_per_floor":[115,128,98,114,114,130,165,177,177,177,190,201,201,218,218,293,293,293,182,182,182,182,182,182,182,182,182,182,182,182,182,182,182,182,182,182,16,16,16,16,16,16,16,16,16,16,16,16,16,16,16,16,16,16],"floor_reached":54,"playtime":2869,"items_purged":["Strike_G","Strike_G","Strike_G","Strike_G"],"score":1454,"play_id":"f3b8eb6b-aeb2-4222-91d3-7b5135cc5a21","local_time":"20210107082826","is_ascension_mode":true,"campfire_choices":[{"data":"Flechettes","floor":10,"key":"SMITH"},{"floor":15,"key":"REST"},{"floor":23,"key":"REST"},{"floor":32,"key":"DIG"},{"floor":42,"key":"REST"},{"floor":44,"key":"RECALL"},{"floor":49,"key":"REST"},{"floor":52,"key":"REST"}],"circlet_count":0,"master_deck":["AscendersBane","Strike_G","Defend_G","Defend_G","Defend_G","Defend_G+1","Defend_G","Survivor","Neutralize","Poisoned Stab","Well Laid Plans","Bane","StuffTheSpire:Python","Flechettes+1","Prepared+1","Dodge and Roll","Deflect","Draining Mist","Corpse Explosion","Expertise+1","Blur","Blur","Corpse Explosion","infinitespire:Collect","infinitespire:Starlight","hubris:SlightOfHand","Acrobatics","Backflip+1","Adrenaline","Dodge and Roll+1","Reflex","Crippling Poison","CurseOfTheBell","PiercingWail","Calculated Gamble","Madness","Madness"],"relics":["Ring of the Snake","NeowsBlessing","Smiling Mask","StuffTheSpire:Tea","StuffTheSpire:CocoNut","Ectoplasm","StuffTheSpire:DarkSteelAnvil","StuffTheSpire:RubySignet","Blood Vial","Darkstone Periapt","hubris:Teleporter","StuffTheSpire:OldFever","Fusion Hammer","Boot","Calling Bell","Gremlin Food","Golden Egg","Ginger","Pear","Replay:Wax Seal"],"acts_visited":["Exordium","TheCity","TheBeyond","TheEnding"],"potions_floor_usage":[7,16,16,24,25,31,33,35,40],"damage_taken":[{"damage":0,"enemies":"Jaw Worm","floor":1,"turns":1},{"damage":0,"enemies":"Cultist","floor":2,"turns":1},{"damage":0,"enemies":"Small Slimes","floor":4,"turns":1},{"damage":6,"enemies":"Blue Slaver","floor":6,"turns":4},{"damage":32,"enemies":"Gremlin Nob","floor":7,"turns":5},{"damage":0,"enemies":"2 Fungi Beasts","floor":8,"turns":4},{"damage":10,"enemies":"Red Slaver","floor":11,"turns":4},{"damage":3,"enemies":"Looter","floor":12,"turns":3},{"damage":3,"enemies":"2 Fungi Beasts","floor":14,"turns":3},{"damage":40,"enemies":"Fading Forest","floor":16,"turns":11},{"damage":21,"enemies":"3 Byrds","floor":18,"turns":4},{"damage":7,"enemies":"Chosen","floor":20,"turns":5},{"damage":17,"enemies":"Replay:Snechameleon","floor":24,"turns":7},{"damage":0,"enemies":"Snake Plant","floor":25,"turns":3},{"damage":17,"enemies":"Sentry and Sphere","floor":27,"turns":4},{"damage":12,"enemies":"theDuelist:KaibaA2","floor":28,"turns":4},{"damage":20,"enemies":"Centurion and Healer","floor":30,"turns":6},{"damage":7,"enemies":"Slavers","floor":31,"turns":3},{"damage":29,"enemies":"Collector","floor":33,"turns":7},{"damage":16,"enemies":"3 Darklings","floor":35,"turns":4},{"damage":0,"enemies":"3 Shapes","floor":36,"turns":1},{"damage":2,"enemies":"3 Darklings","floor":38,"turns":3},{"damage":12,"enemies":"Giant Head","floor":40,"turns":9},{"damage":52,"enemies":"Transient","floor":41,"turns":6},{"damage":18,"enemies":"Nemesis","floor":47,"turns":6},{"damage":3,"enemies":"infinitespire:MassOfShapes","floor":50,"turns":18},{"damage":109,"enemies":"Shield and Spear","floor":54,"turns":8}],"seed_played":"-8830649190078511633","potions_obtained":[{"floor":3,"key":"hexamod:EctoCoolerPotion"},{"floor":3,"key":"Ancient Potion"},{"floor":6,"key":"Languid Potion"},{"floor":7,"key":"SteroidPotion"},{"floor":8,"key":"Explosive Potion"},{"floor":20,"key":"SkillPotion"},{"floor":24,"key":"Poison Potion"},{"floor":25,"key":"Fire Potion"},{"floor":30,"key":"Block Potion"},{"floor":31,"key":"CunningPotion"},{"floor":35,"key":"Ancient Potion"},{"floor":38,"key":"Poison Potion"}],"is_trial":false,"path_per_floor":["M","M","?","M","?","M","E","M","T","R","M","M","?","M","R","B",null,"M","$","M","AVR","?","R","E","M","T","M","E","?","M","E","R","B",null,"M","M","$","M","AVR","E","M","R","T","R","$","E","?","R","B",null,"R","$","E"],"character_chosen":"THE_SILENT","items_purchased":["Blur","Reflex","Crippling Poison"],"campfire_rested":5,"item_purchase_floors":[19,37,37],"current_hp_per_floor":[59,59,59,59,59,53,21,21,28,28,18,15,15,12,33,1,55,34,34,27,27,27,48,41,41,41,36,42,42,34,29,29,14,58,54,56,56,56,62,72,32,58,58,58,58,52,36,62,71,85,89,89,0,0],"gold":16,"neow_bonus":"THREE_ENEMY_KILL","is_daily":false,"chose_seed":false,"campfire_upgraded":1,"win_rate":0.0,"timestamp":1610026106,"path_taken":["M","M","?","?","?","M","E","M","T","R","?","M","?","M","R","BOSS","M","$","M","AVR","?","R","E","M","T","?","E","?","M","E","R","BOSS","M","M","$","M","AVR","E","M","R","T","R","$","E","?","R","BOSS","R","$","E"],"items_purchased_type":["Card","Card","Card"],"build_version":"2020-12-22","purchased_purges":4,"victory":false,"max_hp_per_floor":[66,66,66,66,66,66,66,66,73,73,73,73,73,73,73,73,73,73,73,73,73,73,73,73,73,73,73,73,73,73,73,73,73,73,73,73,73,73,79,89,89,89,89,89,89,89,89,89,89,89,89,89,89,89],"relic_stats":{"Blood Vial":24,"Darkstone Periapt":6,"counters":[27,135],"Ectoplasm":405,"Ginger":[3],"Smiling Mask":75,"Boot":[79],"obtain_stats":[{"Darkstone Periapt":28,"Gremlin Food":39,"Golden Egg":39,"hubris:Teleporter":31,"Pear":40,"NeowsBlessing":0,"Ginger":39,"Smiling Mask":5,"Boot":39,"Blood Vial":26,"Calling Bell":39,"StuffTheSpire:CocoNut":9,"StuffTheSpire:DarkSteelAnvil":21,"Ectoplasm":17,"Fusion Hammer":34,"StuffTheSpire:RubySignet":24,"Replay:Wax Seal":47,"StuffTheSpire:OldFever":32,"Ring of the Snake":0,"StuffTheSpire:Tea":7},{"Darkstone Periapt":16,"Gremlin Food":22,"Golden Egg":22,"hubris:Teleporter":18,"Pear":23,"NeowsBlessing":0,"Ginger":22,"Smiling Mask":3,"Boot":22,"Blood Vial":14,"Calling Bell":22,"StuffTheSpire:CocoNut":6,"StuffTheSpire:DarkSteelAnvil":12,"Ectoplasm":10,"Fusion Hammer":19,"StuffTheSpire:RubySignet":13,"Replay:Wax Seal":25,"StuffTheSpire:OldFever":18,"Ring of the Snake":0,"StuffTheSpire:Tea":5},{"Darkstone Periapt":64,"Gremlin Food":88,"Golden Egg":88,"hubris:Teleporter":73,"Pear":97,"NeowsBlessing":0,"Ginger":88,"Smiling Mask":3,"Boot":88,"Blood Vial":56,"Calling Bell":88,"StuffTheSpire:CocoNut":16,"StuffTheSpire:DarkSteelAnvil":46,"Ectoplasm":37,"Fusion Hammer":80,"StuffTheSpire:RubySignet":53,"Replay:Wax Seal":109,"StuffTheSpire:OldFever":73,"Ring of the Snake":0,"StuffTheSpire:Tea":12}],"Ring of the Snake":[54]},"card_choices":[{"not_picked":["Endless Agony","Setup"],"picked":"Poisoned Stab","floor":1},{"not_picked":["Replay:Poison Smokescreen","Concentrate"],"picked":"Well Laid Plans","floor":2},{"not_picked":["Flying Knee","StuffTheSpire:Python"],"picked":"Bane","floor":4},{"not_picked":["StuffTheSpire:Incantation","Hidden Blade"],"picked":"StuffTheSpire:Python","floor":6},{"not_picked":["Unload","Dash"],"picked":"Flechettes","floor":7},{"not_picked":["Dagger Throw","Cloak And Dagger"],"picked":"Prepared","floor":8},{"not_picked":["Acrobatics","Well Laid Plans"],"picked":"Dodge and Roll","floor":11},{"not_picked":["Acrobatics","Underhanded Strike"],"picked":"Deflect","floor":12},{"not_picked":["StuffTheSpire:BumpUp","ReplayTheSpireMod:Tripwire"],"picked":"Draining Mist","floor":14},{"not_picked":["infinitespire:Neurotoxin","ReplayTheSpireMod:From All Sides"],"picked":"Corpse Explosion","floor":16},{"not_picked":["Outmaneuver","Bane"],"picked":"Expertise","floor":18},{"not_picked":["Dagger Throw","StuffTheSpire:BumpUp"],"picked":"Corpse Explosion","floor":20},{"not_picked":["StuffTheSpire:MirrorStance","Finisher"],"picked":"Acrobatics","floor":24},{"not_picked":["Slice","Deflect","Sucker Punch"],"picked":"SKIP","floor":25},{"not_picked":["Underhanded Strike","Deflect","Dagger Throw"],"picked":"SKIP","floor":27},{"not_picked":["Acrobatics","Eviscerate","Blade Dance"],"picked":"SKIP","floor":28},{"not_picked":["Eviscerate","StuffTheSpire:Python"],"picked":"Backflip+1","floor":30},{"not_picked":["Concentrate","Caltrops","Atom Bomb"],"picked":"SKIP","floor":31},{"not_picked":["Glass Knife","Unload"],"picked":"Adrenaline","floor":33},{"not_picked":["Dagger Throw","Deadly Poison+1"],"picked":"Dodge and Roll+1","floor":35},{"not_picked":["StuffTheSpire:Repulse","StuffTheSpire:BumpUp+1","Slice"],"picked":"SKIP","floor":36},{"not_picked":["Blade Dance+1","Dash","StuffTheSpire:MirrorStance"],"picked":"SKIP","floor":38},{"not_picked":["Endless Agony+1","StuffTheSpire:BumpUp"],"picked":"PiercingWail","floor":40},{"not_picked":["Wraith Form v2","Acrobatics"],"picked":"Calculated Gamble","floor":41},{"not_picked":["Underhanded Strike+1","Outmaneuver","StuffTheSpire:BrimstoneBlast"],"picked":"SKIP","floor":47}],"player_experience":1221596,"relics_obtained":[{"floor":7,"key":"StuffTheSpire:Tea"},{"floor":9,"key":"StuffTheSpire:CocoNut"},{"floor":24,"key":"StuffTheSpire:RubySignet"},{"floor":26,"key":"Blood Vial"},{"floor":28,"key":"Darkstone Periapt"},{"floor":31,"key":"hubris:Teleporter"},{"floor":32,"key":"StuffTheSpire:OldFever"},{"floor":39,"key":"Gremlin Food"},{"floor":39,"key":"Golden Egg"},{"floor":39,"key":"Ginger"},{"floor":40,"key":"Pear"},{"floor":47,"key":"Replay:Wax Seal"}],"event_choices":[{"damage_healed":0,"gold_gain":0,"player_choice":"Bought 2 Potions","damage_taken":0,"max_hp_gain":0,"max_hp_loss":0,"event_name":"The Woman in Blue","floor":3,"gold_loss":0},{"damage_healed":0,"gold_gain":0,"player_choice":"Gave Potion","damage_taken":0,"relics_obtained":["Smiling Mask"],"max_hp_gain":0,"max_hp_loss":0,"event_name":"WeMeetAgain","floor":5,"gold_loss":0},{"damage_healed":0,"gold_gain":0,"player_choice":"1 cards matched","damage_taken":0,"max_hp_gain":0,"max_hp_loss":0,"event_name":"Match and Keep!","floor":22,"gold_loss":0,"cards_obtained":["hubris:SlightOfHand"]},{"damage_healed":0,"gold_gain":0,"player_choice":"Embrace Madness","damage_taken":16,"max_hp_gain":0,"max_hp_loss":0,"event_name":"Winding Halls","floor":48,"gold_loss":0,"cards_obtained":["Madness","Madness"]}],"is_beta":false,"boss_relics":[{"not_picked":["Honey Jar","energizedSpire:OgreHead"],"picked":"Ectoplasm"},{"not_picked":["StuffTheSpire:RunicConfusion","Snecko Heart"],"picked":"Fusion Hammer"}],"items_purged_floors":[19,21,37,39],"is_endless":false,"potions_floor_spawned":[6,7,8,11,20,24,25,30,31,35,38],"killed_by":"Shield and Spear","ascension_level":17}}