{"host":"J","time":1610020781,"event":{"mods":["BaseMod","Better Third Choice","Minty Spire (QoL Compilation)","StSLib"],"gold_per_floor":[113,263,275,200,200,232,232,232,232],"floor_reached":8,"playtime":300,"items_purged":[],"score":108,"play_id":"e9c7950f-2ccd-47db-a6ef-4914293f8a5a","local_time":"20210107125941","is_ascension_mode":true,"campfire_choices":[{"data":"Feed","floor":7,"key":"SMITH"}],"circlet_count":0,"master_deck":["AscendersBane","Strike_G","Strike_G","Strike_G","Strike_G","Strike_G","Defend_G","Defend_G","Defend_G","Defend_G","Defend_G","Survivor","Neutralize","Catalyst","Dash","SandsOfTime","Feed+1","Accuracy"],"relics":["Ring of the Snake","Tiny Chest","Regal Pillow"],"acts_visited":["Exordium"],"potions_floor_usage":[6,8],"damage_taken":[{"damage":2,"enemies":"Jaw Worm","floor":1,"turns":7},{"damage":6,"enemies":"Small Slimes","floor":3,"turns":6},{"damage":19,"enemies":"3 Sentries","floor":6,"turns":13},{"damage":29,"enemies":"Gremlin Nob","floor":8,"turns":3}],"seed_played":"8986356097647819450","potions_obtained":[{"floor":1,"key":"SneckoOil"},{"floor":3,"key":"EntropicBrew"},{"floor":6,"key":"Dexterity Potion"}],"is_trial":false,"path_per_floor":["M","?","M","?","?","E","R","E"],"character_chosen":"THE_SILENT","items_purchased":[],"campfire_rested":0,"item_purchase_floors":[],"current_hp_per_floor":[57,57,51,51,45,29,29,0,0],"gold":232,"neow_bonus":"RANDOM_COMMON_RELIC","is_daily":false,"chose_seed":false,"campfire_upgraded":1,"win_rate":0.0,"timestamp":1610020781,"path_taken":["M","?","M","?","?","E","R","E"],"items_purchased_type":[],"build_version":"2020-12-18","purchased_purges":0,"victory":false,"max_hp_per_floor":[66,66,66,66,66,69,69,69,69],"card_choices":[{"not_picked":["Escape Plan","Underhanded Strike"],"picked":"Catalyst","floor":1},{"not_picked":["Predator","Flying Knee"],"picked":"Dash","floor":3},{"not_picked":["Dodge and Roll","Well Laid Plans"],"picked":"Accuracy","floor":6}],"player_experience":1071489,"relics_obtained":[{"floor":6,"key":"Regal Pillow"}],"event_choices":[{"damage_healed":0,"gold_gain":150,"player_choice":"AGREE","damage_taken":113,"max_hp_gain":0,"max_hp_loss":0,"event_name":"betterThird:BetterSerpent","floor":2,"gold_loss":0},{"cards_removed":["Doubt"],"damage_healed":0,"gold_gain":0,"player_choice":"Card Removal","damage_taken":0,"max_hp_gain":0,"max_hp_loss":0,"event_name":"The Cleric","floor":4,"gold_loss":75},{"damage_healed":0,"gold_gain":1,"player_choice":"Card Card ","damage_taken":6,"max_hp_gain":0,"max_hp_loss":0,"event_name":"betterThird:BetterScrap","floor":5,"gold_loss":0,"cards_obtained":["SandsOfTime","Feed"]}],"is_beta":true,"boss_relics":[],"items_purged_floors":[],"is_endless":false,"potions_floor_spawned":[1,3,6],"killed_by":"Gremlin Nob","ascension_level":20}}