{"host":"lbe9fxtv54j53bcs","time":1610029194,"event":{"mods":["BaseMod","Better Altar","Better Match","Better Sensory Stone","Better Third Choice","BetterRewards","Displayed Cursed Tome","Downfall","Force Act Four","Infinite Spire","Kratos Character Expansion","Minty Spire (QoL Compilation)","Prisma Mod","Quick Restart","Relic Stats","Replay The Spire","Say the Spire","Shop Mod","Spicy Shops","StSLib","The Forsaken","The Necromancer","The Servant 0.9.4","TheHeartMod"],"gold_per_floor":[114,194,194,369,369,394,394,427,427,427,447,460,40,51,51,146,146,164,164,164,124,137,169,169],"floor_reached":23,"playtime":1718,"items_purged":["Defend_B","Defend_B"],"score":380,"play_id":"f6d5c083-b0e9-4f25-9b9a-b31e3bc8b3d5","local_time":"20210107161954","is_ascension_mode":true,"campfire_choices":[{"floor":7.0,"key":"REST"},{"floor":10.0,"key":"REST"},{"data":"Defend_B","floor":15.0,"key":"PURGE"}],"circlet_count":0,"master_deck":["Strike_B","Strike_B","Strike_B","Strike_B","Zap","Dualcast","Conserve Battery+1","Sweeping Beam","Skim","Core Surge+1","Coolheaded","Compile Driver","White Noise+1","Coolheaded","Cold Snap","Mirror Shield","Capacitor","Echo Form","AbeCurse","White Noise","Echo Form","Apotheosis","expansioncontent:DecasProtection","BootSequence","Cold Snap+1"],"relics":["Cracked Core","Ice Cream","Orrery","Sling","ReplayTheSpireMod:TigerMarble","Vajra","infinitespire:BottledMercury","Replay:Frozen Program","HandDrill","Happy Flower","Smiling Mask","Strange Spoon","Lantern","infinitespire:PuzzleCube","Abe\u0027s Treasure","ReplayTheSpireMod:ShopPack","Sozu","Regal Pillow"],"acts_visited":["Exordium","TheCity"],"potions_floor_usage":[],"damage_taken":[{"damage":0.0,"enemies":"Small Slimes","floor":1.0,"turns":2.0},{"damage":14.0,"enemies":"Gremlin Nob","floor":6.0,"turns":3.0},{"damage":16.0,"enemies":"Lagavulin","floor":8.0,"turns":4.0},{"damage":0.0,"enemies":"2 Louse","floor":11.0,"turns":1.0},{"damage":0.0,"enemies":"Cultist","floor":12.0,"turns":2.0},{"damage":5.0,"enemies":"3 Louse","floor":14.0,"turns":2.0},{"damage":26.0,"enemies":"Slime Boss","floor":16.0,"turns":9.0},{"damage":0.0,"enemies":"3 Byrds","floor":18.0,"turns":3.0},{"damage":0.0,"enemies":"Spheric Guardian","floor":22.0,"turns":3.0},{"damage":20,"enemies":"Book of Stabbing","floor":23,"turns":5}],"seed_played":"4748824446402738310","potions_obtained":[{"floor":1.0,"key":"EssenceOfSteel"},{"floor":6.0,"key":"SpeedPotion"},{"floor":11.0,"key":"EssenceOfDarkness"},{"floor":16.0,"key":"ColorlessPotion"}],"is_trial":false,"path_per_floor":["M","?","?","?","?","E","R","E","T","R","M","M","$","M","R","B",null,"M","?","AVR","?","M","E"],"character_chosen":"DEFECT","items_purchased":["Orrery","Sling","ReplayTheSpireMod:TigerMarble","Vajra","infinitespire:BottledMercury","Replay:Frozen Program","HandDrill","Strange Spoon","Lantern","infinitespire:PuzzleCube"],"campfire_rested":2,"item_purchase_floors":[0,0,0,0,0,0,0,13,13,13],"current_hp_per_floor":[28,28,28,28,28,14,36,20,20,42,42,42,42,37,37,11,75,75,60,60,60,60,40,40],"gold":169,"neow_bonus":"","is_daily":false,"chose_seed":false,"campfire_upgraded":0,"win_rate":0.0,"timestamp":1610029194,"path_taken":["M","?","?","?","?","E","R","E","T","R","M","M","$","?","R","BOSS","M","?","AVR","?","M","E"],"items_purchased_type":["Relic","Relic","Relic","Relic","Relic","Relic","Relic","Relic","Relic","Relic"],"build_version":"2020-12-22","purchased_purges":2,"victory":false,"max_hp_per_floor":[75,75,75,75,75,75,75,75,75,75,75,75,75,75,75,75,75,75,75,75,75,75,75,75],"relic_stats":{"Sozu":1,"Strange Spoon":[12],"Regal Pillow":0,"Happy Flower":[9],"counters":[62,215],"HandDrill":[10],"Smiling Mask":25,"obtain_stats":[{"Ice Cream":45,"Divine Protection":0,"infinitespire:BottledMercury":0,"Calipers":24,"Gremlin Horn":0,"Vajra":0,"Ginger":0,"Sling":45,"Sozu":20,"Lizard Tail":40,"KratosMod:amulet":45,"Replay:Frozen Program":0,"Sundial":43,"HandDrill":0,"Girya":0,"Pear":45,"Happy Flower":6,"Velvet Choker":17,"Replay:Kaleidoscope":25,"infinitespire:EvilPickle":33,"OrangePellets":45,"ReplayTheSpireMod:Shallot":43,"Shuriken":8,"Bronze Scales":6,"ReplayTheSpireMod:TigerMarble":0,"Mirror":12,"infinitespire:PuzzleCube":13,"Abe\u0027s Treasure":17,"Meat on the Bone":26,"Regal Pillow":11,"Lantern":37,"Replay:Multitool":44,"Juzu Bracelet":13,"Ancient Tea Set":25,"Empty Cage":34,"Smiling Mask":8,"Burning Blood":0,"Mummified Hand":26,"Cracked Core":0,"Replay:Towering Pillar of Hats":12,"Quantum Egg":46,"PreservedInsect":0,"infinitespire:Lucky Rock":29,"Orichalcum":13,"Medical Kit":37,"White Beast Statue":28,"Mercury Hourglass":37,"Strange Spoon":13,"CaptainsWheel":0,"Anchor":28,"Busted Crown":25,"infinitespire:WardingShard":9,"Orrery":0,"Turnip":49,"Snack Pack":0,"Coffee Dripper":17,"Art of War":19,"KratosMod:eagle":0,"Membership Card":0,"ReplayTheSpireMod:ShopPack":20},{"Ice Cream":23,"Divine Protection":26,"infinitespire:BottledMercury":52,"Calipers":13,"Gremlin Horn":26,"Vajra":52,"Ginger":0,"Sling":23,"Sozu":60,"Lizard Tail":21,"KratosMod:amulet":23,"Replay:Frozen Program":52,"Sundial":48,"HandDrill":52,"Girya":0,"Pear":23,"Happy Flower":54,"Velvet Choker":36,"Replay:Kaleidoscope":42,"infinitespire:EvilPickle":44,"OrangePellets":23,"ReplayTheSpireMod:Shallot":21,"Shuriken":6,"Bronze Scales":5,"ReplayTheSpireMod:TigerMarble":26,"Mirror":7,"infinitespire:PuzzleCube":57,"Abe\u0027s Treasure":59,"Meat on the Bone":13,"Regal Pillow":7,"Lantern":45,"Replay:Multitool":23,"Juzu Bracelet":35,"Ancient Tea Set":13,"Empty Cage":18,"Smiling Mask":55,"Burning Blood":0,"Mummified Hand":42,"Cracked Core":0,"Replay:Towering Pillar of Hats":7,"Quantum Egg":24,"PreservedInsect":0,"infinitespire:Lucky Rock":43,"Orichalcum":7,"Medical Kit":45,"White Beast Statue":15,"Mercury Hourglass":45,"Strange Spoon":57,"CaptainsWheel":26,"Anchor":42,"Busted Crown":13,"infinitespire:WardingShard":6,"Orrery":52,"Turnip":25,"Snack Pack":0,"Coffee Dripper":9,"Art of War":10,"KratosMod:eagle":0,"Membership Card":0,"ReplayTheSpireMod:ShopPack":60},{"Ice Cream":77,"Divine Protection":88,"infinitespire:BottledMercury":181,"Calipers":46,"Gremlin Horn":88,"Vajra":181,"Ginger":0,"Sling":77,"Sozu":207,"Lizard Tail":69,"KratosMod:amulet":77,"Replay:Frozen Program":181,"Sundial":170,"HandDrill":181,"Girya":0,"Pear":77,"Happy Flower":186,"Velvet Choker":124,"Replay:Kaleidoscope":149,"infinitespire:EvilPickle":157,"OrangePellets":77,"ReplayTheSpireMod:Shallot":69,"Shuriken":21,"Bronze Scales":18,"ReplayTheSpireMod:TigerMarble":88,"Mirror":25,"infinitespire:PuzzleCube":193,"Abe\u0027s Treasure":204,"Meat on the Bone":46,"Regal Pillow":25,"Lantern":159,"Replay:Multitool":77,"Juzu Bracelet":113,"Ancient Tea Set":46,"Empty Cage":59,"Smiling Mask":190,"Burning Blood":0,"Mummified Hand":149,"Cracked Core":0,"Replay:Towering Pillar of Hats":25,"Quantum Egg":80,"PreservedInsect":0,"infinitespire:Lucky Rock":152,"Orichalcum":25,"Medical Kit":159,"White Beast Statue":50,"Mercury Hourglass":159,"Strange Spoon":193,"CaptainsWheel":88,"Anchor":149,"Busted Crown":46,"infinitespire:WardingShard":21,"Orrery":181,"Turnip":82,"Snack Pack":0,"Coffee Dripper":33,"Art of War":36,"KratosMod:eagle":0,"Membership Card":0,"ReplayTheSpireMod:ShopPack":207}]},"card_choices":[{"not_picked":["Sunder","Steam Power"],"picked":"Conserve Battery","floor":0.0},{"not_picked":["Blizzard","Beam Cell"],"picked":"Sweeping Beam","floor":0.0},{"not_picked":["Sweeping Beam","Go for the Eyes"],"picked":"Skim","floor":0.0},{"not_picked":["Turbo","BasicCrystalCard"],"picked":"Core Surge","floor":0.0},{"not_picked":["Go for the Eyes","Aggregate"],"picked":"Coolheaded","floor":0.0},{"not_picked":["ReplayGash","BasicCrystalCard"],"picked":"Compile Driver","floor":1.0},{"not_picked":["Melter","Panic Button"],"picked":"Coolheaded","floor":6.0},{"not_picked":["Undo","White Noise"],"picked":"Cold Snap","floor":8.0},{"not_picked":["Rebound","Sunder"],"picked":"Mirror Shield","floor":11.0},{"not_picked":["Ball Lightning","Compile Driver"],"picked":"Capacitor","floor":12.0},{"not_picked":["BasicCrystalCard","Time Bomb","Steam"],"picked":"SKIP","floor":14.0},{"not_picked":["Thunder Strike","Hyperbeam"],"picked":"Echo Form","floor":16.0},{"not_picked":["Coolheaded","Sweeping Beam"],"picked":"White Noise","floor":18.0},{"not_picked":["expansioncontent:DashGenerateEvil","Secret Weapon"],"picked":"Apotheosis","floor":20.0},{"not_picked":["Blind","expansioncontent:GuardianWhirl"],"picked":"expansioncontent:DecasProtection","floor":20.0},{"not_picked":["Cold Snap","Skim+1"],"picked":"BootSequence","floor":22.0},{"not_picked":["Stack+1","Doom and Gloom"],"picked":"Cold Snap+1","floor":23}],"player_experience":190892,"relics_obtained":[{"floor":6.0,"key":"Happy Flower"},{"floor":8.0,"key":"Smiling Mask"},{"floor":23,"key":"Regal Pillow"}],"event_choices":[{"damage_healed":0.0,"max_hp_gain":0.0,"max_hp_loss":0.0,"gold_gain":80.0,"event_name":"Golden Wing","player_choice":"Gained Gold","floor":2.0,"gold_loss":0.0,"damage_taken":0.0},{"damage_healed":0.0,"max_hp_gain":0.0,"max_hp_loss":0.0,"gold_gain":175.0,"event_name":"betterThird:BetterSerpent","player_choice":"AGREE","floor":4.0,"gold_loss":0.0,"damage_taken":194.0},{"cards_removed":["Doubt"],"damage_healed":0.0,"max_hp_gain":0.0,"max_hp_loss":0.0,"gold_gain":0.0,"event_name":"Fountain of Cleansing","player_choice":"Removed Curses","floor":5.0,"gold_loss":0.0,"damage_taken":0.0},{"damage_healed":0.0,"max_hp_gain":0.0,"max_hp_loss":15.0,"gold_gain":2.0,"event_name":"betterStone:BetterStone","player_choice":"2","floor":19.0,"gold_loss":0.0,"damage_taken":0.0},{"damage_healed":0.0,"max_hp_gain":0.0,"max_hp_loss":0.0,"gold_gain":0.0,"event_name":"Designer","player_choice":"Upgraded Two","floor":21.0,"gold_loss":40.0,"damage_taken":0.0,"cards_upgraded":["Conserve Battery","Core Surge"]}],"is_beta":false,"boss_relics":[{"not_picked":["Pandora\u0027s Box","Replay:Drink Me"],"picked":"Abe\u0027s Treasure"}],"items_purged_floors":[13,20],"is_endless":false,"potions_floor_spawned":[1,6,11,16,18,23],"killed_by":"Book of Stabbing","ascension_level":4}}