{"host":"ct28ocsd8g8yr2ah","time":1610042628,"event":{"mods":["BaseMod","Better Third Choice","Hermit","Marisa????????","Minty Spire (QoL Compilation)","Remilia??????","StSLib","The Animator","The Gatherer","The Servant 0.9.4","Waifu the Spire"],"gold_per_floor":[125,144,144,219,4,49,49,76,102,102,114,124,134,34,34,129,129,110,110,25,25,45,45,61,81,105,120,120,120,136,149,149,262,262,279,72,72,92,92,92],"floor_reached":39,"playtime":1680,"items_purged":["animator:Strike","animator:Strike","animator:Strike"],"score":410,"play_id":"295822ef-254c-4b08-97d6-83e8d31ef3a2","local_time":"20210107230348","is_ascension_mode":false,"campfire_choices":[{"data":"animator:Ain","floor":7,"key":"SMITH"},{"data":"animator:RoryMercury","floor":10,"key":"SMITH"},{"data":"animator:Aisha","floor":15,"key":"SMITH"},{"data":"animator:Kyubey","floor":23,"key":"SMITH"},{"floor":28,"key":"REST"},{"floor":32,"key":"REST"}],"circlet_count":0,"master_deck":["animator:Strike_GATE","animator:Defend_GATE","animator:Defend","animator:Defend","animator:Defend","animator:TukaLunaMarceau","animator:Kuribayashi","animator:Aisha+1","animator:IrohaTamaki","animator:Ain+1","animator:LeleiLaLalena","animator:HighElfArcher","animator:RoryMercury+1","animator:OrikoMikuni","animator:Genos","animator:Demiurge","animator:Kyubey+1","animator:LeleiLaLalena","animator:Ain+1","animator:Ara","animator:OrikoMikuni","animator:KyokoSakura","Wrath_TH","EndlessPower","animator:CowGirl","animator:Sebas","animator:GoblinSlayer","animator:LeleiLaLalena","animator:Urushihara","animator:HigakiRinne","animator:PinaCoLada"],"relics":["animator:LivingPicture","animator:TheMissingPiece","Red Skull","Happy Flower","Mark of Pain","AntiCross","Nloth\u0027s Gift","Ancient Tea Set","Sozu"],"acts_visited":["Exordium","TheCity","TheBeyond"],"potions_floor_usage":[16,16,16,33,33,33],"damage_taken":[{"damage":0,"enemies":"2 Louse","floor":1,"turns":1},{"damage":0,"enemies":"Jaw Worm","floor":2,"turns":1},{"damage":0,"enemies":"Gremlin Nob","floor":6,"turns":1},{"damage":6,"enemies":"Cultist","floor":8,"turns":5},{"damage":4,"enemies":"Lots of Slimes","floor":11,"turns":4},{"damage":9,"enemies":"Exordium Thugs","floor":12,"turns":7},{"damage":0,"enemies":"3 Louse","floor":13,"turns":3},{"damage":30,"enemies":"Slime Boss","floor":16,"turns":10},{"damage":22,"enemies":"2 Thieves","floor":18,"turns":4},{"damage":5,"enemies":"3 Byrds","floor":22,"turns":4},{"damage":5,"enemies":"3 Cultists","floor":24,"turns":3},{"damage":8,"enemies":"Sentry and Sphere","floor":25,"turns":3},{"damage":15,"enemies":"Snecko","floor":27,"turns":3},{"damage":7,"enemies":"Centurion and Healer","floor":30,"turns":3},{"damage":0,"enemies":"Snake Plant","floor":31,"turns":2},{"damage":18,"enemies":"Automaton","floor":33,"turns":4},{"damage":23,"enemies":"3 Shapes","floor":35,"turns":4},{"damage":19,"enemies":"3 Darklings","floor":38,"turns":4},{"damage":27,"enemies":"Maw","floor":39,"turns":2}],"seed_played":"-1644690931727965439","potions_obtained":[{"floor":6,"key":"SkillPotion"},{"floor":11,"key":"Weak Potion"},{"floor":12,"key":"EssenceOfSteel"},{"floor":16,"key":"Strength Potion"},{"floor":18,"key":"SteroidPotion"},{"floor":24,"key":"Explosive Potion"},{"floor":25,"key":"DuplicationPotion"},{"floor":31,"key":"animator:FalseLifePotion"}],"is_trial":false,"path_per_floor":["M","M","?","?","$","E","R","M","T","R","M","M","M","$","R","B",null,"M","?","?","?","M","R","M","M","T","M","R","?","M","M","R","B",null,"M","$","?","M","M"],"character_chosen":"THE_ANIMATOR","items_purchased":["animator:Ain","animator:LeleiLaLalena","animator:Urushihara"],"campfire_rested":2,"item_purchase_floors":[5,5,36],"current_hp_per_floor":[66,66,71,64,64,64,64,58,58,58,54,45,45,45,45,15,71,49,71,71,71,66,66,62,54,54,39,60,60,54,54,73,55,73,50,50,41,23,0,0],"gold":92,"neow_bonus":"THREE_ENEMY_KILL","is_daily":false,"chose_seed":false,"campfire_upgraded":4,"win_rate":0.0,"timestamp":1610042628,"path_taken":["M","M","?","?","$","E","R","M","T","R","M","?","?","?","R","BOSS","M","?","?","?","?","R","M","M","T","M","R","?","M","M","R","BOSS","M","$","?","M","M"],"items_purchased_type":["Card","Card","Card"],"build_version":"2020-12-22","purchased_purges":3,"victory":false,"max_hp_per_floor":[66,66,71,71,71,71,71,71,71,71,71,71,71,71,71,71,71,71,71,71,71,71,71,72,72,72,72,72,72,73,73,73,73,73,73,73,73,74,74,74],"card_choices":[{"not_picked":["animator:MumenRider","animator:Ain"],"picked":"animator:Aisha","floor":1},{"not_picked":["animator:SuzuneAmano","animator:ElricEdward"],"picked":"animator:IrohaTamaki","floor":2},{"not_picked":["animator:ElricAlphonse","animator:Priestess"],"picked":"animator:HighElfArcher","floor":6},{"not_picked":["animator:Tyuule","animator:YaoHaDucy"],"picked":"animator:RoryMercury","floor":8},{"not_picked":["animator:Chung","animator:TukaLunaMarceau"],"picked":"animator:OrikoMikuni","floor":11},{"not_picked":["animator:Ainz","animator:Kuribayashi"],"picked":"animator:Genos","floor":12},{"not_picked":["animator:Priestess","animator:Father"],"picked":"animator:Demiurge","floor":13},{"not_picked":["animator:SwordMaiden","animator:MadokaKaname"],"picked":"animator:Kyubey","floor":16},{"not_picked":["animator:RoryMercury","animator:Bozes"],"picked":"animator:LeleiLaLalena","floor":18},{"not_picked":["animator:Evileye+1","animator:Envy"],"picked":"animator:Ain+1","floor":22},{"not_picked":["animator:Evileye","animator:Chung"],"picked":"animator:Ara","floor":24},{"not_picked":["animator:Eve","animator:Add"],"picked":"animator:OrikoMikuni","floor":25},{"not_picked":["animator:OrikoMikuni","animator:SuzuneAmano"],"picked":"animator:KyokoSakura","floor":27},{"not_picked":["animator:Pride","animator:Lu"],"picked":"animator:CowGirl","floor":30},{"not_picked":["animator:PandorasActor+1","animator:Arpeggio"],"picked":"animator:Sebas","floor":31},{"not_picked":["animator:Elesis","animator:Eve"],"picked":"animator:GoblinSlayer","floor":33},{"not_picked":["animator:LizardPriest+1","animator:Add"],"picked":"animator:LeleiLaLalena","floor":35},{"not_picked":["animator:TukaLunaMarceau","animator:Tyuule"],"picked":"animator:PinaCoLada","floor":38}],"player_experience":477085,"relics_obtained":[{"floor":6,"key":"Red Skull"},{"floor":9,"key":"Happy Flower"},{"floor":26,"key":"Ancient Tea Set"}],"event_choices":[{"damage_healed":0,"gold_gain":0,"player_choice":"Donut","damage_taken":0,"max_hp_gain":5,"max_hp_loss":0,"event_name":"Big Fish","floor":3,"gold_loss":0},{"damage_healed":0,"gold_gain":75,"player_choice":"Touch","damage_taken":7,"max_hp_gain":0,"max_hp_loss":0,"event_name":"FaceTrader","floor":4,"gold_loss":0},{"damage_healed":23,"gold_gain":0,"player_choice":"Heal","damage_taken":0,"max_hp_gain":0,"max_hp_loss":0,"event_name":"The Library","floor":19,"gold_loss":0},{"damage_healed":0,"gold_gain":0,"player_choice":"Obtained Relic","damage_taken":0,"relics_obtained":["AntiCross"],"max_hp_gain":0,"max_hp_loss":0,"event_name":"Addict","floor":20,"gold_loss":85},{"damage_healed":0,"gold_gain":0,"player_choice":"Traded Relic","damage_taken":0,"relics_obtained":["Nloth\u0027s Gift"],"max_hp_gain":0,"max_hp_loss":0,"event_name":"N\u0027loth","floor":21,"relics_lost":["NeowsBlessing"],"gold_loss":0},{"damage_healed":0,"gold_gain":0,"player_choice":"Embrace Madness","damage_taken":9,"max_hp_gain":0,"max_hp_loss":0,"event_name":"Winding Halls","floor":37,"gold_loss":0,"cards_obtained":["animator:HigakiRinne"]}],"is_beta":false,"boss_relics":[{"not_picked":["Cursed Key","Black Star"],"picked":"Mark of Pain"},{"not_picked":["Philosopher\u0027s Stone","Coffee Dripper"],"picked":"Sozu"}],"items_purged_floors":[5,14,36],"is_endless":false,"potions_floor_spawned":[6,11,12,13,16,18,24,25,31],"killed_by":"Maw","ascension_level":0}}