{"host":"axuns55dzq466eei","time":1610024740,"event":{"mods":["BaseMod","Colored Map","Keyboard Shortcuts","Minty Spire (QoL Compilation)","StSLib","SuperFastMode"],"gold_per_floor":[10,20,36,86,11,11,37,52,103,103,103,136,136,149,149,222,222,241,141,161,161,181,181,181,181],"floor_reached":24,"playtime":560,"items_purged":["Defend_R","Strike_R"],"score":412,"play_id":"0184ebbf-75fc-4904-9503-77be0464cf1d","local_time":"20210107220540","is_ascension_mode":true,"campfire_choices":[{"data":"Carnage","floor":6,"key":"SMITH"},{"floor":11,"key":"REST"},{"data":"Power Through","floor":13,"key":"SMITH"},{"data":"Blood for Blood","floor":15,"key":"SMITH"},{"data":"True Grit","floor":23,"key":"SMITH"}],"circlet_count":0,"master_deck":["AscendersBane","Strike_R+1","Strike_R+1","Defend_R","Defend_R","Bash","Wild Strike","Carnage+1","Power Through+1","Disarm+1","Blood for Blood+1","Fiend Fire","Shockwave","Entrench","True Grit+1"],"relics":["Burning Blood","Blue Candle","Whetstone","Bronze Scales","SacredBark"],"acts_visited":["Exordium","TheCity"],"potions_floor_usage":[7,12,18,22],"damage_taken":[{"damage":12,"enemies":"Cultist","floor":1,"turns":4},{"damage":3,"enemies":"2 Louse","floor":2,"turns":2},{"damage":12,"enemies":"Jaw Worm","floor":3,"turns":3},{"damage":25,"enemies":"Lagavulin","floor":7,"turns":6},{"damage":20,"enemies":"Gremlin Gang","floor":8,"turns":4},{"damage":37,"enemies":"3 Sentries","floor":12,"turns":7},{"damage":0,"enemies":"2 Fungi Beasts","floor":14,"turns":3},{"damage":18,"enemies":"Hexaghost","floor":16,"turns":8},{"damage":0,"enemies":"Chosen","floor":18,"turns":3},{"damage":28,"enemies":"Spheric Guardian","floor":20,"turns":4},{"damage":19,"enemies":"Centurion and Healer","floor":22,"turns":7},{"damage":42,"enemies":"Gremlin Leader","floor":24,"turns":6}],"seed_played":"-3675584986159373792","potions_obtained":[{"floor":3,"key":"PowerPotion"},{"floor":7,"key":"BlessingOfTheForge"},{"floor":12,"key":"SpeedPotion"},{"floor":16,"key":"Fire Potion"},{"floor":18,"key":"LiquidMemories"}],"is_trial":false,"path_per_floor":["M","M","M","?","$","R","E","M","T","?","R","E","R","M","R","B",null,"M","$","M","?","M","R","E"],"character_chosen":"IRONCLAD","items_purchased":[],"campfire_rested":1,"item_purchase_floors":[],"current_hp_per_floor":[62,65,59,59,59,59,40,26,26,26,48,17,17,23,23,11,59,65,65,43,43,30,30,0,0],"gold":181,"neow_bonus":"REMOVE_TWO","is_daily":false,"chose_seed":false,"campfire_upgraded":4,"win_rate":0.0,"timestamp":1610024740,"path_taken":["M","?","M","?","?","R","E","M","T","?","R","E","R","M","R","BOSS","M","$","?","?","M","R","E"],"items_purchased_type":[],"build_version":"2020-12-22","purchased_purges":2,"victory":false,"max_hp_per_floor":[75,75,75,75,75,75,75,75,75,75,75,75,75,75,75,75,75,75,75,75,75,75,75,75,75],"card_choices":[{"not_picked":["Twin Strike","Perfected Strike"],"picked":"Wild Strike","floor":1},{"not_picked":["Perfected Strike","Burning Pact"],"picked":"Carnage","floor":2},{"not_picked":["Feel No Pain","Flex"],"picked":"Power Through","floor":3},{"not_picked":["Clothesline","Iron Wave"],"picked":"Disarm","floor":7},{"not_picked":["Metallicize","Sword Boomerang","Havoc"],"picked":"SKIP","floor":8},{"not_picked":["Havoc","Power Through","Sword Boomerang"],"picked":"SKIP","floor":12},{"not_picked":["Anger","Thunderclap"],"picked":"Blood for Blood","floor":14},{"not_picked":["Exhume","Berserk"],"picked":"Fiend Fire","floor":16},{"not_picked":["Sentinel","Headbutt","Twin Strike+1"],"picked":"SKIP","floor":18},{"not_picked":["Thunderclap","Entrench"],"picked":"Shockwave","floor":20},{"not_picked":["Headbutt","Cleave+1"],"picked":"True Grit","floor":22}],"player_experience":1066538,"relics_obtained":[{"floor":7,"key":"Blue Candle"},{"floor":9,"key":"Whetstone"},{"floor":12,"key":"Bronze Scales"}],"event_choices":[{"damage_healed":0,"gold_gain":50,"player_choice":"Pray","damage_taken":0,"max_hp_gain":0,"max_hp_loss":0,"event_name":"Golden Shrine","floor":4,"gold_loss":0},{"damage_healed":0,"gold_gain":0,"player_choice":"Forge","damage_taken":0,"max_hp_gain":0,"max_hp_loss":0,"event_name":"Accursed Blacksmith","floor":10,"gold_loss":0,"cards_upgraded":["Disarm"]},{"damage_healed":0,"gold_gain":0,"cards_transformed":["Strike_R"],"player_choice":"Transformed","damage_taken":0,"max_hp_gain":0,"max_hp_loss":0,"event_name":"Transmorgrifier","floor":21,"gold_loss":0,"cards_obtained":["Entrench"]}],"is_beta":false,"boss_relics":[{"not_picked":["Runic Pyramid","Runic Cube"],"picked":"SacredBark"}],"items_purged_floors":[5,19],"is_endless":false,"potions_floor_spawned":[3,7,12,16,18],"killed_by":"Gremlin Leader","ascension_level":20}}