{"host":"l97fnvmr74b5xfzs","time":1610047021,"event":{"mods":["AchievementEnabler","Act Like it!","BaseMod","Better Third Choice","Gensokyo","Hermit","Koishi","Marisa（霧雨　魔理沙）","Minty Spire (QoL Compilation)","StSLib","The Marked","The Servant 0.9.4"],"gold_per_floor":[117,67,77,2,2,31,31,42,68,143,143,69,97,107,107,211,211,228,47,64,64,74,85,85,85,139,139,152,152,180,199,199,301,351,365,124,0,18,18,36,36,50,74,74,74],"floor_reached":44,"playtime":3719,"items_purged":["theMarked:Defend","theMarked:Strike","theMarked:Strike"],"score":463,"play_id":"a9a19144-3eb3-45d1-b5ce-10e8717fc293","local_time":"20210107141701","is_ascension_mode":false,"campfire_choices":[{"data":"theMarked:SuspiciousRaven","floor":7,"key":"SMITH"},{"data":"theMarked:SoldierOfQuellstein","floor":11,"key":"SMITH"},{"data":"theMarked:Opportunist","floor":15,"key":"SMITH"},{"floor":24,"key":"REST"},{"floor":29,"key":"REST"},{"floor":32,"key":"REST"}],"circlet_count":0,"master_deck":["theMarked:Strike","theMarked:Defend","theMarked:Defend","theMarked:Defend","theMarked:SoldierOfQuellstein+1","theMarked:EmpowerWeapon","theMarked:EmpowerWeapon","theMarked:SuspiciousRaven+1","theMarked:Opportunist+1","theMarked:ParalyzingBlade","theMarked:Seal","theMarked:EternalStudent","theMarked:PowerFlow+1","theMarked:Convert","theMarked:Static+1","theMarked:WardOff+1","theMarked:DeterminationOfTheMarked+1","theMarked:WardOff","theMarked:Improvise+1","theMarked:Electrocute","theMarked:MagicAdept","theMarked:Aftermath","theMarked:Indomitable","theMarked:BanishingStrike+1","Wraith","theMarked:SwordAndMagic+1","theMarked:Snap","theMarked:SoldierOfQuellstein","theMarked:Aftermath+1","Doubt"],"relics":["theMarked:ArtifactOfAir","NeowsBlessing","Omamori","Potion Belt","theMarked:DemonDagger","Cursed Key","Strawberry","MutagenicStrength","Pen Nib","CultistMask","Sundial","Tiny House","Red Mask","Happy Flower"],"acts_visited":["Exordium","TheCity","TheBeyond"],"potions_floor_usage":[8,16,18,23,30,33,33,40,40,40,42],"damage_taken":[{"damage":0,"enemies":"Small Slimes","floor":1,"turns":1},{"damage":0,"enemies":"Jaw Worm","floor":3,"turns":1},{"damage":0,"enemies":"3 Sentries","floor":6,"turns":2},{"damage":0,"enemies":"2 Louse","floor":8,"turns":2},{"damage":13,"enemies":"Lagavulin","floor":13,"turns":5},{"damage":18,"enemies":"Large Slime","floor":14,"turns":5},{"damage":4,"enemies":"Hexaghost","floor":16,"turns":7},{"damage":14,"enemies":"2 Thieves","floor":18,"turns":4},{"damage":15,"enemies":"3 Byrds","floor":20,"turns":6},{"damage":24,"enemies":"Shelled Parasite and Fungi","floor":22,"turns":5},{"damage":16,"enemies":"Snake Plant","floor":23,"turns":3},{"damage":20,"enemies":"Centurion and Healer","floor":28,"turns":4},{"damage":7,"enemies":"Gremlin Leader","floor":30,"turns":4},{"damage":15,"enemies":"Shelled Parasite and Fungi","floor":31,"turns":4},{"damage":18,"enemies":"Automaton","floor":33,"turns":6},{"damage":9,"enemies":"3 Shapes","floor":35,"turns":4},{"damage":11,"enemies":"3 Darklings","floor":38,"turns":7},{"damage":13,"enemies":"Maw","floor":40,"turns":6},{"damage":41,"enemies":"Writhing Mass","floor":42,"turns":4},{"damage":30,"enemies":"Sphere and 2 Shapes","floor":44,"turns":3}],"seed_played":"-6169783857262755373","potions_obtained":[{"floor":1,"key":"DuplicationPotion"},{"floor":6,"key":"PowerPotion"},{"floor":16,"key":"Weak Potion"},{"floor":20,"key":"SkillPotion"},{"floor":28,"key":"DuplicationPotion"},{"floor":30,"key":"FearPotion"},{"floor":31,"key":"SneckoOil"},{"floor":33,"key":"BlessingOfTheForge"},{"floor":34,"key":"SkillPotion"},{"floor":38,"key":"Swift Potion"},{"floor":40,"key":"PowerPotion"}],"is_trial":false,"path_per_floor":["M","?","M","$","?","E","R","M","T","?","R","$","E","M","R","B",null,"M","$","M","?","M","M","R","?","T","?","M","R","E","M","R","B",null,"M","$","?","M","?","M","?","M","T","M"],"character_chosen":"THE_DEFAULT","items_purchased":["theMarked:Opportunist","theMarked:Convert","Regen Potion","theMarked:Indomitable"],"campfire_rested":3,"item_purchase_floors":[12,19,36,36],"current_hp_per_floor":[70,70,70,70,63,63,63,63,63,52,52,52,39,21,21,17,70,56,56,41,48,24,8,31,31,31,31,11,34,27,12,35,17,82,73,73,73,62,62,63,63,22,22,0,0],"gold":74,"neow_bonus":"THREE_ENEMY_KILL","is_daily":false,"chose_seed":false,"campfire_upgraded":3,"win_rate":0.0,"timestamp":1610047021,"path_taken":["M","?","M","$","?","E","R","M","T","?","R","?","E","M","R","BOSS","M","$","M","?","M","M","R","?","T","?","?","R","E","M","R","BOSS","M","$","?","M","?","?","?","?","T","?"],"items_purchased_type":["Card","Card","Potion","Card"],"build_version":"2020-12-22","purchased_purges":3,"victory":false,"max_hp_per_floor":[70,70,70,70,70,70,70,70,70,70,70,70,70,70,70,70,70,70,70,70,77,77,77,77,77,77,77,77,77,77,77,77,77,82,82,82,82,82,82,82,82,82,82,82,82],"card_choices":[{"not_picked":["theMarked:ComboAttacks","theMarked:ChainLightning"],"picked":"theMarked:EmpowerWeapon","floor":1},{"not_picked":["theMarked:WardOff","theMarked:ChainLightning"],"picked":"theMarked:EmpowerWeapon","floor":3},{"not_picked":["theMarked:ElectricStrings","theMarked:EmpowerWeapon"],"picked":"theMarked:SuspiciousRaven","floor":6},{"not_picked":["theMarked:HeightenedSenses","theMarked:WastefulDefense","theMarked:GodGivenPower"],"picked":"SKIP","floor":8},{"not_picked":["theMarked:MagicAdept","theMarked:TwofoldDefense"],"picked":"theMarked:ParalyzingBlade","floor":13},{"not_picked":["theMarked:WastefulDefense","theMarked:ChainLightning"],"picked":"theMarked:Seal","floor":14},{"not_picked":["theMarked:FavorableWinds","theMarked:SoldierForm"],"picked":"theMarked:EternalStudent","floor":16},{"not_picked":["theMarked:ResourceFulStrike+1","theMarked:SelfDefenseTraining"],"picked":"theMarked:PowerFlow+1","floor":18},{"not_picked":["theMarked:WastefulAttack","theMarked:ResourceFulStrike"],"picked":"theMarked:Static+1","floor":20},{"not_picked":["theMarked:Frustration+1","theMarked:EmpowerWeapon+1"],"picked":"theMarked:WardOff+1","floor":22},{"not_picked":["theMarked:CreepingChasm","theMarked:MysticalArsenal+1"],"picked":"theMarked:DeterminationOfTheMarked","floor":23},{"not_picked":["theMarked:Static","theMarked:Overthink"],"picked":"theMarked:WardOff","floor":28},{"not_picked":["theMarked:KeepCalmAndFightOn+1","theMarked:WastefulAttack+1"],"picked":"theMarked:Improvise+1","floor":30},{"not_picked":["theMarked:Vacuum","theMarked:Seal"],"picked":"theMarked:Electrocute","floor":31},{"not_picked":["theMarked:EternalStudent","theMarked:Defy"],"picked":"theMarked:MagicAdept","floor":33},{"not_picked":["theMarked:HeightenedSenses","theMarked:LightningStrikesTwice+1"],"picked":"theMarked:Aftermath","floor":34},{"not_picked":["theMarked:Improvise+1","theMarked:Parkour+1","theMarked:HeightenedSenses"],"picked":"SKIP","floor":35},{"not_picked":["theMarked:SuspiciousRaven","theMarked:WastefulDefense+1"],"picked":"theMarked:BanishingStrike+1","floor":38},{"not_picked":["theMarked:KeepCalmAndFightOn","theMarked:WastefulDefense+1"],"picked":"theMarked:SwordAndMagic+1","floor":40},{"not_picked":["theMarked:Reabsorb","theMarked:Frustration"],"picked":"theMarked:Aftermath+1","floor":42}],"player_experience":277845,"relics_obtained":[{"floor":6,"key":"Omamori"},{"floor":9,"key":"Potion Belt"},{"floor":13,"key":"theMarked:DemonDagger"},{"floor":26,"key":"Pen Nib"},{"floor":30,"key":"Sundial"},{"floor":43,"key":"Happy Flower"}],"event_choices":[{"cards_removed":["theMarked:Strike"],"damage_healed":0,"gold_gain":0,"player_choice":"Card Removal","damage_taken":0,"max_hp_gain":0,"max_hp_loss":0,"event_name":"The Cleric","floor":2,"gold_loss":50},{"cards_removed":["theMarked:Strike"],"damage_healed":0,"gold_gain":0,"player_choice":"Card Removal","damage_taken":7,"max_hp_gain":0,"max_hp_loss":0,"event_name":"Golden Wing","floor":5,"gold_loss":0},{"damage_healed":0,"gold_gain":75,"player_choice":"Gold","damage_taken":11,"max_hp_gain":0,"max_hp_loss":0,"event_name":"betterThird:BetterGoop","floor":10,"gold_loss":0},{"damage_healed":0,"gold_gain":0,"player_choice":"Stole Relic","damage_taken":0,"relics_obtained":["Strawberry"],"max_hp_gain":0,"max_hp_loss":0,"event_name":"Addict","floor":21,"gold_loss":0,"cards_obtained":["Shame"]},{"damage_healed":0,"gold_gain":0,"player_choice":"Inject Mutagens","damage_taken":0,"relics_obtained":["MutagenicStrength"],"max_hp_gain":0,"max_hp_loss":0,"event_name":"Drug Dealer","floor":25,"gold_loss":0},{"damage_healed":0,"gold_gain":0,"player_choice":"Trade","damage_taken":0,"relics_obtained":["CultistMask"],"max_hp_gain":0,"max_hp_loss":0,"event_name":"FaceTrader","floor":27,"gold_loss":0},{"damage_healed":0,"gold_gain":0,"player_choice":"Paid","damage_taken":0,"relics_obtained":["Red Mask"],"max_hp_gain":0,"max_hp_loss":0,"event_name":"Tomb of Lord Red Mask","floor":37,"gold_loss":124},{"damage_healed":0,"gold_gain":0,"player_choice":"Ignored","damage_taken":0,"max_hp_gain":0,"max_hp_loss":0,"event_name":"OrinTheCat","floor":39,"gold_loss":0},{"damage_healed":0,"gold_gain":0,"player_choice":"2 cards matched","damage_taken":0,"max_hp_gain":0,"max_hp_loss":0,"event_name":"Match and Keep!","floor":41,"gold_loss":0,"cards_obtained":["theMarked:Snap","theMarked:SoldierOfQuellstein"]},{"damage_healed":0,"gold_gain":0,"player_choice":"2 cards matched","damage_taken":0,"max_hp_gain":0,"max_hp_loss":0,"event_name":"Match and Keep!","floor":41,"gold_loss":0,"cards_obtained":["theMarked:Snap","theMarked:SoldierOfQuellstein"]}],"is_beta":false,"boss_relics":[{"not_picked":["Fusion Hammer","Busted Crown"],"picked":"Cursed Key"},{"not_picked":["Sozu","Runic Pyramid"],"picked":"Tiny House"}],"items_purged_floors":[4,19,36],"is_endless":false,"potions_floor_spawned":[1,6,16,20,28,30,31,33,38,40],"killed_by":"Sphere and 2 Shapes","ascension_level":0}}