{"host":"hve1dyh1ly81yl9f","time":1610040942,"event":{"mods":["BaseMod","Colored Map","DeckTracker","Highlight Path","Keyboard Shortcuts","Minty Spire (QoL Compilation)","Permanent Neow","Quick Restart","StSLib","SuperFastMode"],"gold_per_floor":[116,132,152,172,186,186,217,217,217,244,244,261,261,64,64,64,64],"floor_reached":16,"playtime":397,"items_purged":[],"score":165,"play_id":"c77794a5-c8a8-4674-9668-35eb34846b4c","local_time":"20210108023542","is_ascension_mode":true,"campfire_choices":[{"data":"Perfected Strike","floor":6.0,"key":"SMITH"},{"floor":8,"key":"REST"},{"data":"Bash","floor":13,"key":"SMITH"},{"floor":15,"key":"REST"}],"circlet_count":0,"master_deck":["Strike_R","Strike_R","Strike_R","Strike_R","Strike_R","Defend_R","Defend_R","Defend_R","Bash+1","Perfected Strike+1","Wild Strike","Thunderclap","Dual Wield+1","Wild Strike"],"relics":["Burning Blood","Frozen Egg 2","Blue Candle","Toxic Egg 2","Brimstone"],"acts_visited":["Exordium"],"potions_floor_usage":[16,16],"damage_taken":[{"damage":2.0,"enemies":"2 Louse","floor":1.0,"turns":3.0},{"damage":6.0,"enemies":"Cultist","floor":2.0,"turns":3.0},{"damage":11.0,"enemies":"Small Slimes","floor":3.0,"turns":3.0},{"damage":14.0,"enemies":"Red Slaver","floor":4.0,"turns":2.0},{"damage":15.0,"enemies":"2 Fungi Beasts","floor":5.0,"turns":3.0},{"damage":32,"enemies":"Gremlin Nob","floor":7,"turns":4},{"damage":40,"enemies":"3 Sentries","floor":10,"turns":7},{"damage":8,"enemies":"Blue Slaver","floor":12,"turns":2},{"damage":57,"enemies":"The Guardian","floor":16,"turns":6}],"seed_played":"8991382202665000897","potions_obtained":[{"floor":2.0,"key":"ColorlessPotion"},{"floor":7,"key":"FearPotion"},{"floor":10,"key":"SneckoOil"}],"is_trial":false,"path_per_floor":["M","M","M","M","M","R","E","R","T","E","?","M","R","$","R","B"],"character_chosen":"IRONCLAD","items_purchased":["Wild Strike","Brimstone"],"campfire_rested":2,"item_purchase_floors":[14,14],"current_hp_per_floor":[76,76,71,63,54,54,28,56,56,22,22,20,20,20,48,0,0],"gold":64,"neow_bonus":"TWENTY_PERCENT_HP_BONUS","is_daily":false,"chose_seed":false,"campfire_upgraded":2,"win_rate":0.0,"timestamp":1610040942,"path_taken":["M","M","M","M","M","R","E","R","T","E","?","M","R","$","R","BOSS"],"items_purchased_type":["Card","Relic"],"build_version":"2020-12-22","purchased_purges":0,"victory":false,"max_hp_per_floor":[96,96,96,96,96,96,96,96,96,96,96,96,96,96,96,96,96],"card_choices":[{"not_picked":["Spot Weakness","Thunderclap"],"picked":"Perfected Strike","floor":1.0},{"not_picked":["Flame Barrier","Clash","Armaments"],"picked":"SKIP","floor":2.0},{"not_picked":["Havoc","Body Slam","Clash"],"picked":"SKIP","floor":3.0},{"not_picked":["Power Through","Sword Boomerang"],"picked":"Wild Strike","floor":4.0},{"not_picked":["Rampage","Flex","Clothesline"],"picked":"SKIP","floor":5.0},{"not_picked":["Feed","Metallicize+1","Intimidate"],"picked":"SKIP","floor":7},{"not_picked":["Dropkick","Bludgeon"],"picked":"Thunderclap","floor":10},{"not_picked":["Clash","Sword Boomerang"],"picked":"Dual Wield+1","floor":12}],"player_experience":296737,"relics_obtained":[{"floor":7,"key":"Frozen Egg 2"},{"floor":9,"key":"Blue Candle"},{"floor":10,"key":"Toxic Egg 2"}],"event_choices":[{"cards_removed":["Defend_R"],"damage_healed":0,"gold_gain":0,"player_choice":"Offered Basic","damage_taken":0,"max_hp_gain":0,"max_hp_loss":0,"event_name":"Bonfire Elementals","floor":11,"gold_loss":0}],"is_beta":false,"boss_relics":[],"items_purged_floors":[],"is_endless":false,"potions_floor_spawned":[2,7,10],"killed_by":"The Guardian","ascension_level":5}}