{"host":"q4axc00jr2bozlh9","time":1610039382,"event":{"mods":["AchievementEnabler","BaseMod","Bestiary","Colored Map","Colored Powertips","Curses Come First","Minty Spire (QoL Compilation)","Relic Stats","StSLib","SuperFastMode"],"gold_per_floor":[118,293,313,313,327,327,361,361,414,433,433,452,479,134,134,236,236,250,250,269,269,80,80,90,122,148,182,182,36,36,71,71,171,171,182,199,219,264,279,304,304,324,324,324,334,334,84,84,84,84],"floor_reached":51,"playtime":2188,"items_purged":["Pain","Parasite"],"score":793,"play_id":"9ae523bf-fd64-471e-a1c0-e997b58b5663","local_time":"20210107180942","is_ascension_mode":false,"campfire_choices":[{"data":"Armaments","floor":6,"key":"SMITH"},{"data":"Shockwave","floor":11,"key":"SMITH"},{"floor":15,"key":"REST"},{"data":"Metamorphosis","floor":23,"key":"SMITH"},{"data":"Metallicize","floor":32,"key":"SMITH"},{"floor":46,"key":"REST"},{"floor":49,"key":"REST"}],"circlet_count":0,"master_deck":["Strike_R","Strike_R","Strike_R+1","Defend_R","Defend_R","Defend_R","Defend_R","Bash","Armaments+1","Clothesline","Infernal Blade+1","True Grit","Combust","Shockwave+1","Blood for Blood","Apotheosis","Good Instincts+1","Impervious","Shrug It Off+1","Bloodletting+1","Metamorphosis+1","Metallicize+1","Reaper","Exhume","Fire Breathing","Dual Wield+1","Bandage Up","Finesse","Infernal Blade","Writhe"],"relics":["Burning Blood","NeowsBlessing","WarpedTongs","Whetstone","Anchor","Juzu Bracelet","Sozu","Pear","InkBottle","Strawberry","Bronze Scales","Lee\u0027s Waffle","PreservedInsect","Red Skull","SlaversCollar","Gambling Chip","War Paint","Calipers","Centennial Puzzle"],"acts_visited":["Exordium","TheCity","TheBeyond"],"potions_floor_usage":[16,16,16],"damage_taken":[{"damage":0,"enemies":"Small Slimes","floor":1,"turns":1},{"damage":0,"enemies":"2 Louse","floor":3,"turns":1},{"damage":1,"enemies":"Cultist","floor":5,"turns":1},{"damage":38,"enemies":"Lagavulin","floor":7,"turns":7},{"damage":5,"enemies":"3 Louse","floor":10,"turns":4},{"damage":10,"enemies":"Gremlin Gang","floor":12,"turns":4},{"damage":39,"enemies":"Gremlin Nob","floor":13,"turns":5},{"damage":35,"enemies":"Slime Boss","floor":16,"turns":10},{"damage":6,"enemies":"2 Thieves","floor":18,"turns":5},{"damage":17,"enemies":"Spheric Guardian","floor":20,"turns":7},{"damage":12,"enemies":"Centurion and Healer","floor":24,"turns":4},{"damage":39,"enemies":"Slavers","floor":25,"turns":5},{"damage":13,"enemies":"Book of Stabbing","floor":27,"turns":6},{"damage":20,"enemies":"Slavers","floor":31,"turns":4},{"damage":63,"enemies":"Champ","floor":33,"turns":10},{"damage":0,"enemies":"Orb Walker","floor":35,"turns":3},{"damage":25,"enemies":"3 Darklings","floor":36,"turns":4},{"damage":34,"enemies":"Spire Growth","floor":37,"turns":6},{"damage":36,"enemies":"2 Orb Walkers","floor":38,"turns":5},{"damage":20,"enemies":"4 Shapes","floor":39,"turns":7},{"damage":8,"enemies":"Nemesis","floor":40,"turns":5},{"damage":29,"enemies":"Writhing Mass","floor":42,"turns":6},{"damage":19,"enemies":"Transient","floor":45,"turns":5},{"damage":99,"enemies":"Time Eater","floor":50,"turns":12}],"seed_played":"-4700341169788280759","potions_obtained":[{"floor":5,"key":"Ancient Potion"},{"floor":10,"key":"ColorlessPotion"},{"floor":12,"key":"Ancient Potion"}],"is_trial":false,"path_per_floor":["M","?","M","?","M","R","E","?","T","M","R","M","E","$","R","B",null,"M","?","M","?","$","R","M","E","T","E","?","$","T","E","R","B",null,"M","M","M","?","M","E","?","M","T","?","M","R","$","?","R","B",null],"character_chosen":"IRONCLAD","items_purchased":["Apotheosis","Good Instincts","Metamorphosis","Lee\u0027s Waffle","Centennial Puzzle"],"campfire_rested":3,"item_purchase_floors":[14,14,22,29,47],"current_hp_per_floor":[80,80,80,80,80,80,48,48,48,49,49,45,12,12,36,7,80,80,90,79,79,79,79,73,40,47,40,40,104,104,100,100,48,104,104,85,68,38,48,47,47,24,24,19,22,53,53,78,101,21],"gold":84,"neow_bonus":"THREE_ENEMY_KILL","is_daily":false,"chose_seed":false,"campfire_upgraded":4,"win_rate":0.0,"timestamp":1610039382,"path_taken":["M","?","M","?","?","R","E","?","T","?","R","M","E","$","R","BOSS","M","?","M","?","$","R","M","E","T","E","?","?","?","E","R","BOSS","M","M","M","?","M","E","?","M","T","?","M","R","$","?","R","BOSS"],"items_purchased_type":["Card","Card","Card","Relic","Relic"],"build_version":"2020-12-22","purchased_purges":2,"victory":true,"max_hp_per_floor":[80,80,80,80,80,80,80,80,80,80,80,80,80,80,80,80,80,80,90,90,90,90,90,90,90,97,97,97,104,104,104,104,104,104,104,104,104,104,104,104,104,104,104,104,104,104,101,101,101,101],"relic_stats":{"Lee\u0027s Waffle":64,"counters":[24,127],"PreservedInsect":86,"Juzu Bracelet":2,"Whetstone":["Strike_R","Strike_R"],"War Paint":["Infernal Blade","Good Instincts"],"Burning Blood":121,"WarpedTongs":[83],"Sozu":6,"Centennial Puzzle":[3],"Bronze Scales":[210],"Gambling Chip":[13],"obtain_stats":[{"Lee\u0027s Waffle":29,"Pear":19,"Calipers":43,"NeowsBlessing":0,"PreservedInsect":30,"Juzu Bracelet":13,"Whetstone":7,"War Paint":40,"Burning Blood":0,"WarpedTongs":4,"Sozu":17,"SlaversCollar":34,"Anchor":9,"Centennial Puzzle":47,"Strawberry":26,"Bronze Scales":27,"Gambling Chip":38,"InkBottle":25,"Red Skull":31},{"Lee\u0027s Waffle":13,"Pear":9,"Calipers":22,"NeowsBlessing":0,"PreservedInsect":13,"Juzu Bracelet":7,"Whetstone":4,"War Paint":21,"Burning Blood":0,"WarpedTongs":2,"Sozu":8,"SlaversCollar":15,"Anchor":4,"Centennial Puzzle":23,"Strawberry":12,"Bronze Scales":13,"Gambling Chip":19,"InkBottle":12,"Red Skull":14},{"Lee\u0027s Waffle":60,"Pear":38,"Calipers":110,"NeowsBlessing":0,"PreservedInsect":60,"Juzu Bracelet":23,"Whetstone":10,"War Paint":104,"Burning Blood":0,"WarpedTongs":2,"Sozu":33,"SlaversCollar":74,"Anchor":10,"Centennial Puzzle":115,"Strawberry":54,"Bronze Scales":60,"Gambling Chip":92,"InkBottle":54,"Red Skull":64}],"InkBottle":[25]},"card_choices":[{"not_picked":["Anger","Perfected Strike"],"picked":"Armaments","floor":1},{"not_picked":["Sentinel","Havoc"],"picked":"Clothesline","floor":3},{"not_picked":["Evolve","Shrug It Off"],"picked":"Infernal Blade","floor":5},{"not_picked":["Sentinel","Demon Form"],"picked":"True Grit","floor":7},{"not_picked":["Armaments","Anger"],"picked":"Shockwave","floor":10},{"not_picked":["Anger","Body Slam","Cleave"],"picked":"SKIP","floor":12},{"not_picked":["Battle Trance","Limit Break"],"picked":"Blood for Blood","floor":13},{"not_picked":["Demon Form","Limit Break"],"picked":"Impervious","floor":16},{"not_picked":["True Grit","Inflame+1"],"picked":"Shrug It Off+1","floor":18},{"not_picked":["Twin Strike","Blood for Blood"],"picked":"Bloodletting+1","floor":20},{"not_picked":["Searing Blow","Heavy Blade+1","Cleave"],"picked":"SKIP","floor":24},{"not_picked":["Bludgeon","Reckless Charge"],"picked":"Metallicize","floor":25},{"not_picked":["Heavy Blade","Feel No Pain"],"picked":"Reaper","floor":27},{"not_picked":["Burning Pact","Clash","Reckless Charge+1"],"picked":"SKIP","floor":31},{"not_picked":["Demon Form","Immolate"],"picked":"Exhume","floor":33},{"not_picked":["Clothesline","Clash+1","Armaments+1"],"picked":"SKIP","floor":35},{"not_picked":["Thunderclap","Heavy Blade"],"picked":"Fire Breathing","floor":36},{"not_picked":["Anger+1","Perfected Strike","Sever Soul+1"],"picked":"SKIP","floor":37},{"not_picked":["Second Wind","Entrench+1","True Grit+1"],"picked":"SKIP","floor":39},{"not_picked":["Body Slam","Iron Wave+1"],"picked":"Dual Wield+1","floor":40},{"not_picked":["Clothesline","Offering","Havoc+1"],"picked":"SKIP","floor":42},{"not_picked":["Impatience","Panacea"],"picked":"Bandage Up","floor":44},{"not_picked":["Good Instincts","Trip"],"picked":"Finesse","floor":44},{"not_picked":["Anger+1","Armaments+1"],"picked":"Infernal Blade","floor":45}],"player_experience":203000,"relics_obtained":[{"floor":7,"key":"Whetstone"},{"floor":9,"key":"Anchor"},{"floor":13,"key":"Juzu Bracelet"},{"floor":25,"key":"InkBottle"},{"floor":26,"key":"Strawberry"},{"floor":27,"key":"Bronze Scales"},{"floor":30,"key":"PreservedInsect"},{"floor":31,"key":"Red Skull"},{"floor":38,"key":"Gambling Chip"},{"floor":40,"key":"War Paint"},{"floor":43,"key":"Calipers"}],"event_choices":[{"damage_healed":0,"gold_gain":175,"player_choice":"AGREE","damage_taken":0,"max_hp_gain":0,"max_hp_loss":0,"event_name":"Liars Game","floor":2,"gold_loss":0,"cards_obtained":["Doubt"]},{"damage_healed":0,"gold_gain":0,"player_choice":"Rummage","damage_taken":0,"relics_obtained":["WarpedTongs"],"max_hp_gain":0,"max_hp_loss":0,"event_name":"Accursed Blacksmith","floor":4,"gold_loss":0,"cards_obtained":["Pain"]},{"damage_healed":0,"gold_gain":0,"cards_transformed":["Strike_R"],"player_choice":"Transformed","damage_taken":0,"max_hp_gain":0,"max_hp_loss":0,"event_name":"Transmorgrifier","floor":8,"gold_loss":0,"cards_obtained":["Combust"]},{"damage_healed":0,"gold_gain":0,"player_choice":"Opened","damage_taken":0,"relics_obtained":["Pear"],"max_hp_gain":0,"max_hp_loss":0,"event_name":"The Mausoleum","floor":19,"gold_loss":0},{"cards_removed":["Doubt"],"damage_healed":0,"gold_gain":0,"player_choice":"Removed Curses","damage_taken":0,"max_hp_gain":0,"max_hp_loss":0,"event_name":"Fountain of Cleansing","floor":21,"gold_loss":0},{"damage_healed":0,"gold_gain":0,"player_choice":"Bought 0 Potions","damage_taken":0,"max_hp_gain":0,"max_hp_loss":0,"event_name":"The Woman in Blue","floor":28,"gold_loss":0},{"damage_healed":0,"gold_gain":0,"player_choice":"Fight","damage_taken":0,"max_hp_gain":0,"max_hp_loss":0,"event_name":"Mysterious Sphere","floor":38,"gold_loss":0},{"cards_removed":["Strike_R"],"damage_healed":0,"gold_gain":0,"player_choice":"Removed Attack","damage_taken":0,"max_hp_gain":0,"max_hp_loss":0,"event_name":"Falling","floor":41,"gold_loss":0},{"damage_healed":0,"gold_gain":0,"player_choice":"Memory 2","damage_taken":5,"max_hp_gain":0,"max_hp_loss":0,"event_name":"SensoryStone","floor":44,"gold_loss":0},{"damage_healed":25,"gold_gain":0,"player_choice":"Writhe","damage_taken":0,"max_hp_gain":0,"max_hp_loss":0,"event_name":"Winding Halls","floor":48,"gold_loss":0,"cards_obtained":["Writhe"]}],"is_beta":false,"boss_relics":[{"not_picked":["Tiny House","Runic Pyramid"],"picked":"Sozu"},{"not_picked":["Calling Bell","Snecko Eye"],"picked":"SlaversCollar"}],"items_purged_floors":[14,47],"is_endless":false,"potions_floor_spawned":[5,10,12,13,20,25,33,35,36,40],"ascension_level":0}}