{"host":"ws4mzzemcqsz5e2k","time":1610018068,"event":{"mods":["ATMod(阿瑾Mod)","Act Like it!","BaseMod","Better Synergies","Colored Powertips","Minty Spire (QoL Compilation)","Quick Restart","StSLib","没有小屋子和绿帽子啦"],"gold_per_floor":[119,44,44,60,25,50,60,60,60,72,86,86,106,119,119,197,197,217,229,229,129,146,146,159,191,217,228,243,243,243,257,257,335,335,353,365,80,92,92,92,123,123,123,123,43,43,59,59,59,59,59],"floor_reached":50,"playtime":2867,"items_purged":["Defend_G","Strike_G","Defend_G"],"score":1142,"play_id":"c6abba42-21da-47ca-8b13-4fd4cfe69895","local_time":"20210107191428","is_ascension_mode":true,"campfire_choices":[{"data":"AT_FocusSwordFire","floor":8.0,"key":"SMITH"},{"data":"AT_BreakingExtremeWeapon","floor":12.0,"key":"SMITH"},{"data":"AT_Desolate","floor":15.0,"key":"SMITH"},{"data":"Well Laid Plans","floor":23.0,"key":"SMITH"},{"data":"Burst","floor":32.0,"key":"SMITH"},{"data":"Calculated Gamble","floor":40.0,"key":"SMITH"},{"data":"Escape Plan","floor":44.0,"key":"SMITH"},{"floor":46.0,"key":"RECALL"},{"data":"Purity","floor":49,"key":"SMITH"}],"circlet_count":0,"master_deck":["AscendersBane","Strike_G","Defend_G","Defend_G","Defend_G","Survivor","Neutralize","AT_BreakingExtremeWeapon+1","AT_FocusSwordFire+1","Escape Plan+1","AT_Desolate+1","PiercingWail","Burst+1","Backflip+1","Well Laid Plans+1","Prepared+1","After Image","Accuracy+1","AT_FocusSwordFire+1","Calculated Gamble+1","Well Laid Plans+1","Footwork","Escape Plan","Purity+1"],"relics":["Ring of the Snake","AT_ATBox","Ornamental Fan","Mercury Hourglass","Empty Cage","Blue Candle","Bag of Preparation","Sozu","DollysMirror","Sundial"],"acts_visited":["Exordium","TheCity","TheBeyond"],"potions_floor_usage":[],"damage_taken":[{"damage":0.0,"enemies":"Cultist","floor":1.0,"turns":2.0},{"damage":11.0,"enemies":"Jaw Worm","floor":4.0,"turns":4.0},{"damage":29.0,"enemies":"Lagavulin","floor":6.0,"turns":8.0},{"damage":0.0,"enemies":"Small Slimes","floor":7.0,"turns":2.0},{"damage":7.0,"enemies":"3 Louse","floor":10.0,"turns":2.0},{"damage":0.0,"enemies":"Lots of Slimes","floor":11.0,"turns":3.0},{"damage":0.0,"enemies":"2 Fungi Beasts","floor":13.0,"turns":1.0},{"damage":0.0,"enemies":"Gremlin Gang","floor":14.0,"turns":1.0},{"damage":29.0,"enemies":"Hexaghost","floor":16.0,"turns":9.0},{"damage":13.0,"enemies":"Shell Parasite","floor":18.0,"turns":3.0},{"damage":0.0,"enemies":"Spheric Guardian","floor":19.0,"turns":1.0},{"damage":0.0,"enemies":"Cultist and Chosen","floor":22.0,"turns":3.0},{"damage":2.0,"enemies":"Shelled Parasite and Fungi","floor":24.0,"turns":3.0},{"damage":11.0,"enemies":"Slavers","floor":25.0,"turns":5.0},{"damage":0.0,"enemies":"Sentry and Sphere","floor":27.0,"turns":1.0},{"damage":0.0,"enemies":"Centurion and Healer","floor":28.0,"turns":3.0},{"damage":6.0,"enemies":"Snake Plant","floor":31.0,"turns":3.0},{"damage":1.0,"enemies":"Automaton","floor":33.0,"turns":4.0},{"damage":0.0,"enemies":"3 Shapes","floor":35.0,"turns":4.0},{"damage":4.0,"enemies":"3 Darklings","floor":36.0,"turns":4.0},{"damage":1.0,"enemies":"Maw","floor":38.0,"turns":3.0},{"damage":1.0,"enemies":"Reptomancer","floor":41.0,"turns":3.0},{"damage":0.0,"enemies":"Sphere and 2 Shapes","floor":47.0,"turns":4.0},{"damage":54,"enemies":"Time Eater","floor":50,"turns":5}],"seed_played":"3429057381628135570","potions_obtained":[{"floor":4.0,"key":"Weak Potion"},{"floor":13.0,"key":"SkillPotion"},{"floor":14.0,"key":"Regen Potion"},{"floor":16.0,"key":"Strength Potion"},{"floor":19.0,"key":"SteroidPotion"},{"floor":24.0,"key":"AttackPotion"},{"floor":27.0,"key":"Weak Potion"},{"floor":28.0,"key":"SkillPotion"}],"is_trial":false,"path_per_floor":["M","$","?","M","?","E","M","R","T","M","M","R","M","M","R","B",null,"M","M","?","$","M","R","M","E","T","M","M","?","?","M","R","B",null,"M","M","$","M","?","R","E","$","T","R","$","R","M","?","R","B"],"character_chosen":"THE_SILENT","items_purchased":["DollysMirror","Footwork"],"campfire_rested":0,"item_purchase_floors":[37,45],"current_hp_per_floor":[59,59,64,53,65,36,36,36,36,29,29,29,29,29,29,15,53,40,40,40,40,40,40,38,27,27,27,27,27,21,15,15,14,52,52,48,48,47,47,47,46,46,46,46,46,46,46,46,46,0,0],"gold":59,"neow_bonus":"RANDOM_COLORLESS_2","is_daily":false,"chose_seed":false,"campfire_upgraded":8,"win_rate":0.0,"timestamp":1610018068,"path_taken":["M","?","?","M","?","E","M","R","T","M","M","R","M","M","R","BOSS","M","M","?","$","M","R","M","E","T","M","?","?","?","?","R","BOSS","M","M","$","M","?","R","E","?","T","R","$","R","?","?","R","BOSS"],"items_purchased_type":["Relic","Card"],"build_version":"2020-12-22","purchased_purges":3,"victory":false,"max_hp_per_floor":[60,60,65,65,65,65,65,65,65,65,65,65,65,65,65,65,65,65,65,65,65,65,65,65,65,65,65,65,65,65,65,65,65,65,65,65,65,65,65,65,65,65,65,65,65,65,65,65,65,65,65],"card_choices":[{"not_picked":["Mayhem","AT_TearsDenial"],"picked":"AT_BreakingExtremeWeapon","floor":0.0},{"not_picked":["Quick Slash","Underhanded Strike","Prepared"],"picked":"SKIP","floor":1.0},{"not_picked":["Cloak And Dagger","Poisoned Stab","Underhanded Strike"],"picked":"SKIP","floor":4.0},{"not_picked":["Accuracy","Sucker Punch"],"picked":"Escape Plan","floor":6.0},{"not_picked":["Cloak And Dagger","Leg Sweep"],"picked":"AT_Desolate","floor":7.0},{"not_picked":["Quick Slash","Concentrate","Dodge and Roll"],"picked":"SKIP","floor":10.0},{"not_picked":["Reflex","Choke","Dagger Spray"],"picked":"SKIP","floor":11.0},{"not_picked":["Slice","A Thousand Cuts","Underhanded Strike"],"picked":"SKIP","floor":13.0},{"not_picked":["AT_WindFlip","Backflip"],"picked":"PiercingWail","floor":14.0},{"not_picked":["Die Die Die","Malaise"],"picked":"Burst","floor":16.0},{"not_picked":["Dagger Throw","Flying Knee","Predator"],"picked":"SKIP","floor":18.0},{"not_picked":["Finisher","Acrobatics+1"],"picked":"Backflip+1","floor":19.0},{"not_picked":["Acrobatics","AT_Desolate"],"picked":"Well Laid Plans","floor":22.0},{"not_picked":["Reflex","AT_Desolate"],"picked":"Prepared+1","floor":24.0},{"not_picked":["Prepared","Concentrate","AT_ThistleTea"],"picked":"SKIP","floor":25.0},{"not_picked":["Concentrate+1","Backflip","Poisoned Stab"],"picked":"SKIP","floor":27.0},{"not_picked":["Flying Knee","Masterful Stab","Outmaneuver"],"picked":"SKIP","floor":28.0},{"not_picked":["Quick Slash","Noxious Fumes","Finisher"],"picked":"SKIP","floor":31.0},{"not_picked":["AT_MyraUnstableElement","Phantasmal Killer"],"picked":"After Image","floor":33.0},{"not_picked":["Deadly Poison","PiercingWail","Sucker Punch"],"picked":"SKIP","floor":35.0},{"not_picked":["Terror","Cloak And Dagger"],"picked":"Accuracy+1","floor":36.0},{"not_picked":["Bane","Phantasmal Killer"],"picked":"Calculated Gamble","floor":38.0},{"not_picked":["Well Laid Plans+1","Dagger Spray+1","AT_KneejerkReflex"],"picked":"SKIP","floor":41.0},{"not_picked":["Dagger Spray+1","AT_KneejerkReflex"],"picked":"Well Laid Plans+1","floor":41.0},{"not_picked":["Deflect","AT_WindFlip"],"picked":"Escape Plan","floor":47.0},{"not_picked":["Jack Of All Trades","Magnetism"],"picked":"Purity","floor":48}],"player_experience":1439522,"relics_obtained":[{"floor":6.0,"key":"Ornamental Fan"},{"floor":9.0,"key":"Mercury Hourglass"},{"floor":25.0,"key":"Blue Candle"},{"floor":26.0,"key":"Bag of Preparation"},{"floor":41.0,"key":"Sundial"}],"event_choices":[{"damage_healed":0.0,"max_hp_gain":5.0,"max_hp_loss":0.0,"gold_gain":0.0,"event_name":"Big Fish","player_choice":"Donut","floor":3.0,"gold_loss":0.0,"damage_taken":0.0},{"damage_healed":16.0,"max_hp_gain":0.0,"max_hp_loss":0.0,"gold_gain":0.0,"event_name":"The Cleric","player_choice":"Healed","floor":5.0,"gold_loss":35.0,"damage_taken":0.0},{"cards_removed":["Strike_G"],"damage_healed":0.0,"max_hp_gain":0.0,"max_hp_loss":0.0,"gold_gain":0.0,"event_name":"Purifier","player_choice":"Purged","floor":20.0,"gold_loss":0.0,"damage_taken":0.0},{"damage_healed":0.0,"max_hp_gain":0.0,"max_hp_loss":0.0,"gold_gain":0.0,"event_name":"Forgotten Altar","player_choice":"Smashed Altar","floor":29.0,"gold_loss":0.0,"damage_taken":0.0,"cards_obtained":["Decay"]},{"damage_healed":0.0,"max_hp_gain":0.0,"max_hp_loss":0.0,"gold_gain":0.0,"event_name":"Knowing Skull","player_choice":"","floor":30.0,"potions_obtained":[],"gold_loss":0.0,"damage_taken":6.0,"cards_obtained":[]},{"cards_removed":["Decay"],"damage_healed":0.0,"max_hp_gain":0.0,"max_hp_loss":0.0,"gold_gain":0.0,"event_name":"Fountain of Cleansing","player_choice":"Removed Curses","floor":39.0,"gold_loss":0.0,"damage_taken":0.0},{"damage_healed":0,"gold_gain":0,"player_choice":"Memory 1","damage_taken":0,"max_hp_gain":0,"max_hp_loss":0,"event_name":"SensoryStone","floor":48,"gold_loss":0}],"is_beta":false,"boss_relics":[{"not_picked":["Fusion Hammer","Busted Crown"],"picked":"Empty Cage"},{"not_picked":["SlaversCollar","Coffee Dripper"],"picked":"Sozu"}],"items_purged_floors":[2,21,37],"is_endless":false,"potions_floor_spawned":[4,13,14,16,19,24,27,28,36,41],"killed_by":"Time Eater","ascension_level":20}}