{"host":"njruw0b0uprlitpx","time":1610011609,"event":{"mods":["2.2 Compatiblity","Astrologer","Bartender","BaseMod","Better Altar","Better Match","Better Note","Better Sensory Stone","Better Skull","Better Third Choice","BetterRewards","Block Reminder","Colored Map","Colored Powertips","Energized Spire","Jedi Mod","Keyboard Shortcuts","Magitek Elite","Minty Spire (QoL Compilation)","Quick Restart","Relic Stats","Replay The Spire","SacredBarkPlus","Spicy Shops","StSLib","SuperFastMode","The Dragon Tamer","The Forsaken","The Gatherer","The Marked","The Mystic","The Necromancer","The Spell Scribe","Wandering Minibosses"],"gold_per_floor":[114,305,9,28,28,28,48,48,48,63,80,80,92,125,125,224,224,240,240,210,17,35,35,35,35,58,58,58,58,72,11,11,11,11,23,23,23,40,40,40,40,17,17,17,17,37,37,37,37,37],"floor_reached":51,"playtime":3434,"items_purged":["With_A_Twist","Voices"],"score":1438,"play_id":"c7d16d08-b52b-4fb5-9f0e-1872d631a5c6","local_time":"20210107032649","is_ascension_mode":true,"campfire_choices":[{"floor":6.0,"key":"REST"},{"floor":15.0,"key":"REST"},{"data":"Raptor_Form","floor":23,"key":"SMITH"},{"data":"Breathe_Deep","floor":25,"key":"SMITH"},{"data":"OpoOpo_Form","floor":32,"key":"SMITH"},{"data":"Dolphin_Blow","floor":40,"key":"SMITH"},{"data":"OpoOpo_Form","floor":45,"key":"SMITH"},{"data":"Momentum","floor":47,"key":"SMITH"},{"data":"Power_Up_Punch","floor":49,"key":"SMITH"}],"circlet_count":0,"master_deck":["AscendersBane","Strike_Bartender","Strike_Bartender+1","Strike_Bartender+1","Somersault","OpoOpo_Form+1","Stick_and_Move","Hook","Raptor_Form+1","Surge","Moonsault_Kick","Power_Up_Punch+1","Greased_Lightning","Power_Up_Punch+1","Pride","Momentum+1","Insight_B","Power_Up_Punch","Moonsault_Kick","Sucker_Punch","Butterfly_Float","Breathe_Deep+1","Alacrity+1","Cross","Dancing_Jab","Snap_Punch+1","Swift Strike","Finesse","Ripple","jedi:LeechingStrike","Dolphin_Blow+1","RockBreaker","Ripple","Meteodrive","OpoOpo_Form+1","Vortex","Vortex","Wall_of_Ice","Surge+1","Rope_A_Dope","Dolphin_Blow","Fight_Dirty"],"relics":["Sneakers","Replay:Kaleidoscope","Replay:WaspNest","Orrery","ReplayTheSpireMod:Ninjato","Protect_Vest","Lantern","Gremlin Food","Replay:Grab Bag","Silver_Glasses","energizedSpire:EnergizedDie","Philosopher\u0027s Stone","Membership Card","Mango","Nunchaku","ReplayTheSpireMod:Onyx Gauntlets","Honey Jar","Replay:PocketPolymizer","ReplayTheSpireMod:CursedCoin","jedi:archwizardhat"],"acts_visited":["Exordium","TheCity","TheBeyond"],"potions_floor_usage":[20,24,39,50,50],"damage_taken":[{"damage":3.0,"enemies":"Jaw Worm","floor":1.0,"turns":4.0},{"damage":5.0,"enemies":"2 Louse","floor":4.0,"turns":3.0},{"damage":3.0,"enemies":"Cultist","floor":7.0,"turns":3.0},{"damage":5.0,"enemies":"3 Louse","floor":10.0,"turns":3.0},{"damage":2.0,"enemies":"Looter","floor":11.0,"turns":3.0},{"damage":18.0,"enemies":"Exordium Thugs","floor":13.0,"turns":5.0},{"damage":17.0,"enemies":"Lagavulin","floor":14.0,"turns":6.0},{"damage":14.0,"enemies":"Slime Boss","floor":16.0,"turns":5.0},{"damage":8,"enemies":"Shell Parasite","floor":18,"turns":4},{"damage":0,"enemies":"2 Thieves","floor":20,"turns":2},{"damage":0,"enemies":"Centurion and Healer","floor":22,"turns":3},{"damage":3,"enemies":"Slavers","floor":24,"turns":3},{"damage":6,"enemies":"Shelled Parasite and Fungi","floor":27,"turns":3},{"damage":8,"enemies":"Chosen and Byrds","floor":30,"turns":3},{"damage":0,"enemies":"Automaton","floor":33,"turns":2},{"damage":0,"enemies":"Orb Walker","floor":35,"turns":1},{"damage":0,"enemies":"Mind Bloom Boss Battle","floor":37,"turns":1},{"damage":0,"enemies":"3 Darklings","floor":38,"turns":1},{"damage":0,"enemies":"Writhing Mass","floor":39,"turns":1},{"damage":0,"enemies":"Transient","floor":46,"turns":2},{"damage":0,"enemies":"Sphere and 2 Shapes","floor":48,"turns":1},{"damage":25,"enemies":"Time Eater","floor":50,"turns":4}],"seed_played":"8140772240698051529","potions_obtained":[{"floor":7.0,"key":"SkillPotion"},{"floor":10.0,"key":"SkillPotion"},{"floor":14.0,"key":"LifebloodPotion"},{"floor":16.0,"key":"Explosive Potion"},{"floor":20,"key":"Adrenaline Potion"},{"floor":24,"key":"LiquidMemories"},{"floor":27,"key":"AttackPotion"},{"floor":33,"key":"SkillPotion"},{"floor":38,"key":"Reflective Coating"},{"floor":48,"key":"Dexterity Potion"}],"is_trial":false,"path_per_floor":["M","?","$","M","?","R","M","?","T","M","M","?","M","E","R","B",null,"M","?","M","$","M","R","E","R","T","M","?","?","M","$","R","B",null,"M","?","?","M","M","R","?","$","T","?","R","M","R","M","R","B",null],"character_chosen":"BARTENDER","items_purchased":["OpoOpo_Form","Stick_and_Move","Replay:WaspNest","jedi:cleanse","SmokeBomb","Raptor_Form","Orrery","ReplayTheSpireMod:Ninjato","Strength Potion","Membership Card","jedi:LeechingStrike","ReplayTheSpireMod:CursedCoin","Vortex","DuplicationPotion"],"campfire_rested":2,"item_purchase_floors":[0,0,0,0,0,3,3,3,3,21,31,42,42,42],"current_hp_per_floor":[60,60,60,55,43,64,61,61,61,56,54,40,22,5,26,12,42,34,52,70,70,70,70,81,81,81,75,75,63,55,55,55,62,63,63,63,63,63,63,63,63,63,63,60,60,60,60,60,60,35],"gold":37,"neow_bonus":"","is_daily":false,"chose_seed":false,"campfire_upgraded":7,"win_rate":0.0,"timestamp":1610011609,"path_taken":["M","?","$","?","?","R","M","?","T","?","M","?","M","E","R","BOSS","M","?","M","$","M","R","E","R","T","M","?","?","?","$","R","BOSS","M","?","?","?","?","R","?","$","T","?","R","M","R","M","R","BOSS"],"items_purchased_type":["Card","Card","Relic","Card","Potion","Card","Relic","Relic","Potion","Relic","Card","Relic","Card","Potion"],"build_version":"2020-12-22","purchased_purges":2,"victory":true,"max_hp_per_floor":[70,70,70,70,70,70,70,70,70,70,70,70,70,70,70,70,52,52,70,70,70,70,70,84,84,84,84,84,63,63,63,63,63,63,63,63,63,63,63,63,63,63,63,60,60,60,60,60,60,60],"relic_stats":{"Nunchaku":[12],"counters":[114,352],"obtain_stats":[{"Ice Cream":7,"Replay:Accelerometer":44,"Golden Egg":27,"jedi:angrymask":9,"Mark of the Bloom":48,"jedi:command_rare":48,"Sozu":17,"theForsaken:HumbleEgg":23,"Replay:Ringing Soul":28,"Lizard Tail":13,"Sundial":0,"jedi:firstaidkit":37,"jedi:paperlyon":17,"Honey Jar":34,"Philosopher\u0027s Stone":34,"MealTicket":27,"Girya":26,"Sneakers":0,"Happy Flower":43,"ReplayTheSpireMod:CursedCoin":0,"Counterbalance":48,"Replay:Grab Bag":17,"Pen Nib":0,"Letter Opener":8,"Replay:Kaleidoscope":0,"jedi:HeartOfTheCards":9,"jedi:heavyjacket":0,"Water_Ring":41,"jedi:hotpepper":17,"Bronze Scales":14,"Tintinnabulum":6,"Molten Egg 2":24,"Pandora\u0027s Box":34,"ReplayTheSpireMod:TigerMarble":39,"Grinning Jar":43,"Abe\u0027s Treasure":17,"Lantern":9,"Replay:PocketPolymizer":6,"Piano_Music":9,"Mango":24,"Incense Burner":0,"jedi:command_boss":29,"jedi:Pinwheel":13,"jedi:archwizardhat":43,"Power_Wrist":28,"Cowboy_Hat":10,"Silver_Glasses":17,"Replay:Bandana":44,"Dream Catcher":26,"Nunchaku":26,"Matryoshka":26,"Gambling Chip":0,"Genji_Glove":44,"WingedGreaves":9,"Gremlin Food":14,"jedi:command_uncommon":41,"BargainBundle":0,"ReplayTheSpireMod:Ninjato":0,"Golden Idol":3,"energizedSpire:EnergizedDie":34,"PreservedInsect":43,"Replay:WaspNest":0,"Protect_Vest":5,"Replay:Arrowhead":43,"Strange Spoon":0,"Pondfish Scales":3,"jedi:kaleidoscope":45,"jedi:ominousloannote":44,"betterThird:SlimedRelic":8,"Orrery":4,"ChewingGum":17,"Garlic":41,"Bottled Lightning":29,"Membership Card":21,"Guard_Bracelet":31,"ReplayTheSpireMod:Onyx Gauntlets":29,"jedi:arcanewood":44},{"Ice Cream":5,"Replay:Accelerometer":21,"Golden Egg":59,"jedi:angrymask":75,"Mark of the Bloom":46,"jedi:command_rare":23,"Sozu":55,"theForsaken:HumbleEgg":58,"Replay:Ringing Soul":60,"Lizard Tail":31,"Sundial":47,"jedi:firstaidkit":65,"jedi:paperlyon":100,"Honey Jar":63,"Philosopher\u0027s Stone":41,"MealTicket":82,"Girya":13,"Sneakers":0,"Happy Flower":21,"ReplayTheSpireMod:CursedCoin":24,"Counterbalance":23,"Replay:Grab Bag":100,"Pen Nib":24,"Letter Opener":75,"Replay:Kaleidoscope":92,"jedi:HeartOfTheCards":50,"jedi:heavyjacket":47,"Water_Ring":43,"jedi:hotpepper":100,"Bronze Scales":9,"Tintinnabulum":50,"Molten Egg 2":13,"Pandora\u0027s Box":17,"ReplayTheSpireMod:TigerMarble":43,"Grinning Jar":43,"Abe\u0027s Treasure":10,"Lantern":95,"Replay:PocketPolymizer":28,"Piano_Music":28,"Mango":104,"Incense Burner":24,"jedi:command_boss":105,"jedi:Pinwheel":8,"jedi:archwizardhat":111,"Power_Wrist":14,"Cowboy_Hat":29,"Silver_Glasses":78,"Replay:Bandana":44,"Dream Catcher":59,"Nunchaku":104,"Matryoshka":36,"Gambling Chip":24,"Genji_Glove":21,"WingedGreaves":6,"Gremlin Food":99,"jedi:command_uncommon":43,"BargainBundle":47,"ReplayTheSpireMod:Ninjato":47,"Golden Idol":48,"energizedSpire:EnergizedDie":84,"PreservedInsect":43,"Replay:WaspNest":92,"Protect_Vest":94,"Replay:Arrowhead":88,"Strange Spoon":24,"Pondfish Scales":1,"jedi:kaleidoscope":69,"jedi:ominousloannote":21,"betterThird:SlimedRelic":50,"Orrery":27,"ChewingGum":32,"Garlic":21,"Bottled Lightning":38,"Membership Card":102,"Guard_Bracelet":83,"ReplayTheSpireMod:Onyx Gauntlets":105,"jedi:arcanewood":69},{"Ice Cream":17,"Replay:Accelerometer":82,"Golden Egg":198,"jedi:angrymask":238,"Mark of the Bloom":166,"jedi:command_rare":88,"Sozu":190,"theForsaken:HumbleEgg":196,"Replay:Ringing Soul":200,"Lizard Tail":116,"Sundial":169,"jedi:firstaidkit":213,"jedi:paperlyon":321,"Honey Jar":207,"Philosopher\u0027s Stone":150,"MealTicket":262,"Girya":52,"Sneakers":0,"Happy Flower":82,"ReplayTheSpireMod:CursedCoin":92,"Counterbalance":88,"Replay:Grab Bag":321,"Pen Nib":92,"Letter Opener":238,"Replay:Kaleidoscope":291,"jedi:HeartOfTheCards":174,"jedi:heavyjacket":169,"Water_Ring":155,"jedi:hotpepper":321,"Bronze Scales":34,"Tintinnabulum":174,"Molten Egg 2":52,"Pandora\u0027s Box":70,"ReplayTheSpireMod:TigerMarble":155,"Grinning Jar":155,"Abe\u0027s Treasure":42,"Lantern":301,"Replay:PocketPolymizer":105,"Piano_Music":105,"Mango":333,"Incense Burner":92,"jedi:command_boss":336,"jedi:Pinwheel":28,"jedi:archwizardhat":345,"Power_Wrist":55,"Cowboy_Hat":109,"Silver_Glasses":249,"Replay:Bandana":158,"Dream Catcher":198,"Nunchaku":333,"Matryoshka":132,"Gambling Chip":92,"Genji_Glove":82,"WingedGreaves":21,"Gremlin Food":316,"jedi:command_uncommon":155,"BargainBundle":169,"ReplayTheSpireMod:Ninjato":169,"Golden Idol":170,"energizedSpire:EnergizedDie":269,"PreservedInsect":155,"Replay:WaspNest":291,"Protect_Vest":298,"Replay:Arrowhead":279,"Strange Spoon":92,"Pondfish Scales":2,"jedi:kaleidoscope":223,"jedi:ominousloannote":82,"betterThird:SlimedRelic":174,"Orrery":100,"ChewingGum":123,"Garlic":82,"Bottled Lightning":139,"Membership Card":327,"Guard_Bracelet":264,"ReplayTheSpireMod:Onyx Gauntlets":336,"jedi:arcanewood":223}]},"card_choices":[{"not_picked":["Dragonkick","Step_Of_The_Wind","Pony_Shot"],"picked":"SKIP","floor":1.0},{"not_picked":["Cross","Press_Forward"],"picked":"Hook","floor":2.0},{"not_picked":["With_A_Twist","Scoop"],"picked":"Surge","floor":3.0},{"not_picked":["Glare","Well_Drinks"],"picked":"Moonsault_Kick","floor":3.0},{"not_picked":["Torment","Center_Self"],"picked":"Power_Up_Punch","floor":3.0},{"not_picked":["On_The_Rocks","Press_Forward"],"picked":"Greased_Lightning","floor":3.0},{"not_picked":["Feint","Ball_Of_Ice"],"picked":"Power_Up_Punch","floor":3.0},{"not_picked":["Wall_of_Ice","Feint"],"picked":"Momentum","floor":4.0},{"not_picked":["Axe_Heel_Kick","Ball_Of_Ice"],"picked":"Insight_B","floor":7.0},{"not_picked":["Well_Drinks","On_The_Rocks"],"picked":"Power_Up_Punch","floor":10.0},{"not_picked":["OpoOpo_Form","Stick_and_Move"],"picked":"Moonsault_Kick","floor":11.0},{"not_picked":["Scoop","Dragonkick"],"picked":"Sucker_Punch","floor":13.0},{"not_picked":["Phantom_Blow","Glare"],"picked":"Butterfly_Float","floor":14.0},{"not_picked":["Butterfly_Float","Spirits_Within"],"picked":"Breathe_Deep","floor":16.0},{"not_picked":["Axe_Heel_Kick","Fading_Blow"],"picked":"Alacrity+1","floor":18},{"not_picked":["With_A_Twist","Hook"],"picked":"Cross","floor":20},{"not_picked":["Top_Shelf","Snap_Punch"],"picked":"Dancing_Jab","floor":22},{"not_picked":["Momentum","Dancing_Jab"],"picked":"Snap_Punch+1","floor":24},{"not_picked":["On_The_House","Power_Up_Punch","Snap_Punch"],"picked":"SKIP","floor":27},{"not_picked":["Chrysalis","Crow Ritual"],"picked":"Swift Strike","floor":28},{"not_picked":["jedi:cleanse","Dark Shackles"],"picked":"Finesse","floor":28},{"not_picked":["Torment","Foot_Thrust"],"picked":"Ripple","floor":30},{"not_picked":["Form_Shift","Patience"],"picked":"Dolphin_Blow","floor":33},{"not_picked":["Press_Forward","Snap_Punch","Dart+1"],"picked":"RockBreaker","floor":35},{"not_picked":["With_A_Twist+1","Feint","Snap_Punch+1"],"picked":"Ripple","floor":37},{"not_picked":["Blizzard_Spikes+1","Bitters","Snap_Punch+1"],"picked":"Meteodrive","floor":38},{"not_picked":["Phantom_Blow","OpoOpo_Form+1","Dragonkick"],"picked":"Surge+1","floor":46},{"not_picked":["Torment+1","Snap_Punch","Power_Up_Punch+1"],"picked":"Dolphin_Blow","floor":48}],"player_experience":1667521,"relics_obtained":[{"floor":9.0,"key":"Lantern"},{"floor":14.0,"key":"Gremlin Food"},{"floor":24,"key":"Mango"},{"floor":26,"key":"Nunchaku"},{"floor":37,"key":"Replay:PocketPolymizer"},{"floor":43,"key":"jedi:archwizardhat"}],"event_choices":[{"damage_healed":0.0,"max_hp_gain":0.0,"max_hp_loss":0.0,"gold_gain":0.0,"event_name":"betterThird:BetterScrap","player_choice":"Relic ","floor":5.0,"gold_loss":0.0,"damage_taken":12.0,"cards_obtained":["Toxin Wave"]},{"damage_healed":0.0,"max_hp_gain":0.0,"max_hp_loss":0.0,"gold_gain":0.0,"cards_transformed":["Defend_Bartender"],"event_name":"Transmorgrifier","player_choice":"Transformed","floor":8.0,"gold_loss":0.0,"damage_taken":0.0,"cards_obtained":["With_A_Twist"]},{"damage_healed":54.0,"max_hp_gain":0.0,"max_hp_loss":70.0,"gold_gain":0.0,"event_name":"betterThird:BetterShining","player_choice":"Upgrade","floor":12.0,"gold_loss":0.0,"damage_taken":14.0,"cards_upgraded":["Strike_Bartender","Power_Up_Punch"]},{"cards_removed":["jedi:cleanse"],"damage_healed":0,"gold_gain":0,"player_choice":"Give","damage_taken":0,"max_hp_gain":0,"max_hp_loss":0,"event_name":"betterNote:BetterNote","floor":19,"gold_loss":0,"cards_obtained":["None"]},{"damage_healed":0,"gold_gain":2,"player_choice":"1","damage_taken":0,"max_hp_gain":0,"max_hp_loss":0,"event_name":"betterStone:BetterStone","floor":28,"gold_loss":0},{"damage_healed":0,"gold_gain":0,"player_choice":"Fight","damage_taken":0,"max_hp_gain":0,"max_hp_loss":0,"event_name":"MindBloom","floor":37,"gold_loss":0},{"cards_removed":["jedi:cleanse"],"damage_healed":0,"gold_gain":0,"player_choice":"Removed Skill","damage_taken":0,"max_hp_gain":0,"max_hp_loss":0,"event_name":"Falling","floor":41,"gold_loss":0},{"damage_healed":0,"gold_gain":0,"player_choice":"Max HP","damage_taken":0,"max_hp_gain":0,"max_hp_loss":3,"event_name":"Winding Halls","floor":44,"gold_loss":0}],"is_beta":false,"boss_relics":[{"not_picked":["Ectoplasm","theForsaken:PaleLantern"],"picked":"Replay:Grab Bag"},{"not_picked":["ReplayTheSpireMod:DimensionalGlitch","jedi:battlestandard"],"picked":"jedi:paperlyon"},{"not_picked":["Philosopher\u0027s Stone","Replay:Bronze Core"],"picked":"jedi:hotpepper"},{"not_picked":["Astrolabe","Kintsugi"],"picked":"Silver_Glasses"},{"not_picked":["Tiny House","Replay:Wanted Poster"],"picked":"Honey Jar"}],"items_purged_floors":[21,42],"is_endless":false,"potions_floor_spawned":[7,10,14,16,20,24,27,33,38,39,46,48],"ascension_level":10}}