{"host":"f5gffvlv6a66yqkd","time":1610003463,"event":{"mods":["2.2 Compatiblity","BaseMod","Colored Map","DeckTracker","Keyboard Shortcuts","Minty Spire (QoL Compilation)","Permanent Neow","Quick Restart","Relic Stats","StSLib","SuperFastMode"],"gold_per_floor":[118,138,148,165,165,165,191,191,215,230,230,264,339,365,365,438,438,455,345,365,365,127,127,139,139,139,139,39,68,68,68,68,142,142,154,154,208,221,221,221,221],"floor_reached":40,"playtime":989,"items_purged":["Decay","Strike_P"],"score":890,"play_id":"0f31b9a4-5c65-4afb-a6f5-130b674dac51","local_time":"20210107161103","is_ascension_mode":true,"campfire_choices":[{"data":"Eruption","floor":6.0,"key":"SMITH"},{"floor":8.0,"key":"REST"},{"data":"Tantrum","floor":11.0,"key":"SMITH"},{"floor":15.0,"key":"REST"},{"floor":23.0,"key":"REST"},{"floor":25.0,"key":"REST"},{"data":"TalkToTheHand","floor":27.0,"key":"SMITH"},{"data":"Halt","floor":30.0,"key":"SMITH"},{"data":"Crescendo","floor":32.0,"key":"SMITH"}],"circlet_count":0,"master_deck":["AscendersBane","Defend_P","Defend_P","Defend_P","Eruption+1","Vigilance","Crescendo+1","EmptyFist+1","FollowUp","Tantrum+1","InnerPeace","Halt+1","FearNoEvil","TalkToTheHand+1","Scrawl","PathToVictory+1","TalkToTheHand+1"],"relics":["PureWater","Boot","Vajra","Toy Ornithopter","Centennial Puzzle","Runic Pyramid","Orrery","Akabeko","VioletLotus","Strawberry"],"acts_visited":["Exordium","TheCity","TheBeyond"],"potions_floor_usage":[],"damage_taken":[{"damage":12.0,"enemies":"Jaw Worm","floor":1.0,"turns":2.0},{"damage":0.0,"enemies":"2 Louse","floor":2.0,"turns":2.0},{"damage":0.0,"enemies":"Small Slimes","floor":3.0,"turns":2.0},{"damage":5.0,"enemies":"Red Slaver","floor":4.0,"turns":3.0},{"damage":22.0,"enemies":"3 Sentries","floor":7.0,"turns":6.0},{"damage":0.0,"enemies":"Blue Slaver","floor":10.0,"turns":1.0},{"damage":0.0,"enemies":"Gremlin Nob","floor":12.0,"turns":2.0},{"damage":10.0,"enemies":"3 Sentries","floor":14.0,"turns":3.0},{"damage":28.0,"enemies":"The Guardian","floor":16.0,"turns":9.0},{"damage":22.0,"enemies":"Shell Parasite","floor":18.0,"turns":3.0},{"damage":14.0,"enemies":"2 Thieves","floor":20.0,"turns":2.0},{"damage":15.0,"enemies":"Shelled Parasite and Fungi","floor":24.0,"turns":3.0},{"damage":6.0,"enemies":"Slavers","floor":29.0,"turns":5.0},{"damage":30.0,"enemies":"Automaton","floor":33.0,"turns":7.0},{"damage":0.0,"enemies":"3 Darklings","floor":35.0,"turns":2.0},{"damage":0,"enemies":"Orb Walker","floor":38,"turns":2},{"damage":33,"enemies":"Reptomancer","floor":40,"turns":5}],"seed_played":"-3635410519971399449","potions_obtained":[{"floor":1.0,"key":"SneckoOil"},{"floor":2.0,"key":"Fire Potion"},{"floor":7.0,"key":"DuplicationPotion"},{"floor":12.0,"key":"PowerPotion"},{"floor":20.0,"key":"ColorlessPotion"},{"floor":24.0,"key":"EntropicBrew"}],"is_trial":false,"path_per_floor":["M","M","M","M","?","R","E","R","T","M","R","E","?","E","R","B",null,"M","?","M","?","$","R","M","R","T","R","$","E","R","?","R","B",null,"M","?","T","M","?","E"],"character_chosen":"WATCHER","items_purchased":["Orrery"],"campfire_rested":4,"item_purchase_floors":[22],"current_hp_per_floor":[49,49,49,44,37,37,15,35,35,35,35,35,24,14,34,6,53,31,31,17,17,17,37,22,42,42,42,42,46,46,46,46,16,55,55,55,62,62,62,29,29],"gold":221,"neow_bonus":"TRANSFORM_CARD","is_daily":false,"chose_seed":false,"campfire_upgraded":5,"win_rate":0.0,"timestamp":1610003463,"path_taken":["M","M","M","M","?","R","E","R","T","M","R","E","?","E","R","BOSS","M","?","?","?","$","R","M","R","T","R","$","E","R","?","R","BOSS","M","?","?","M","?","E"],"items_purchased_type":["Relic"],"build_version":"2020-12-22","purchased_purges":2,"victory":false,"max_hp_per_floor":[68,68,68,68,68,68,68,68,68,68,68,68,68,68,68,68,68,68,68,68,68,68,68,68,68,68,68,68,68,68,68,68,68,68,68,68,75,75,75,75,75],"relic_stats":{"Centennial Puzzle":[21],"counters":[17,59],"VioletLotus":[7],"Boot":[54],"obtain_stats":[{"Centennial Puzzle":14,"Strawberry":37,"Vajra":9,"Orrery":22,"VioletLotus":34,"PureWater":0,"Boot":7,"Toy Ornithopter":12,"Akabeko":29,"Runic Pyramid":17},{"Centennial Puzzle":8,"Strawberry":15,"Vajra":5,"Orrery":11,"VioletLotus":14,"PureWater":0,"Boot":5,"Toy Ornithopter":7,"Akabeko":13,"Runic Pyramid":9},{"Centennial Puzzle":21,"Strawberry":52,"Vajra":15,"Orrery":35,"VioletLotus":50,"PureWater":0,"Boot":15,"Toy Ornithopter":18,"Akabeko":43,"Runic Pyramid":30}],"Toy Ornithopter":10},"card_choices":[{"not_picked":["WaveOfTheHand","SashWhip","FlyingSleeves"],"picked":"SKIP","floor":1.0},{"not_picked":["BattleHymn","Conclude"],"picked":"EmptyFist","floor":2.0},{"not_picked":["SashWhip","Worship"],"picked":"FollowUp","floor":3.0},{"not_picked":["LikeWater","Sanctity","Crescendo"],"picked":"SKIP","floor":4.0},{"not_picked":["Collect","FollowUp"],"picked":"Tantrum","floor":7.0},{"not_picked":["FlyingSleeves","Evaluate","EmptyBody"],"picked":"SKIP","floor":10.0},{"not_picked":["FlyingSleeves","SignatureMove"],"picked":"InnerPeace","floor":12.0},{"not_picked":["SpiritShield","EmptyBody","Protect"],"picked":"SKIP","floor":14.0},{"not_picked":["FlyingSleeves","Collect","Perseverance+1"],"picked":"SKIP","floor":18.0},{"not_picked":["PathToVictory","Crescendo","Weave"],"picked":"SKIP","floor":20.0},{"not_picked":["PathToVictory","Crescendo","Weave"],"picked":"SKIP","floor":20.0},{"not_picked":["Consecrate","SashWhip"],"picked":"Halt","floor":22.0},{"not_picked":["WheelKick","Consecrate"],"picked":"FearNoEvil","floor":22.0},{"not_picked":["Scrawl","EmptyFist"],"picked":"TalkToTheHand","floor":22.0},{"not_picked":["Collect","ReachHeaven","WaveOfTheHand"],"picked":"SKIP","floor":24.0},{"not_picked":["WheelKick","Consecrate","SandsOfTime+1"],"picked":"SKIP","floor":29.0},{"not_picked":["Wish","DeusExMachina"],"picked":"Scrawl","floor":33.0},{"not_picked":["Evaluate","Crescendo"],"picked":"PathToVictory+1","floor":35.0},{"not_picked":["Pray","Crescendo"],"picked":"TalkToTheHand+1","floor":38}],"player_experience":1521082,"relics_obtained":[{"floor":7.0,"key":"Boot"},{"floor":9.0,"key":"Vajra"},{"floor":12.0,"key":"Toy Ornithopter"},{"floor":14.0,"key":"Centennial Puzzle"},{"floor":29.0,"key":"Akabeko"},{"floor":37,"key":"Strawberry"}],"event_choices":[{"cards_removed":["Strike_P"],"damage_healed":0.0,"max_hp_gain":0.0,"max_hp_loss":0.0,"gold_gain":0.0,"event_name":"Golden Wing","player_choice":"Card Removal","floor":5.0,"gold_loss":0.0,"damage_taken":7.0},{"damage_healed":0.0,"max_hp_gain":0.0,"max_hp_loss":0.0,"gold_gain":75.0,"event_name":"World of Goop","player_choice":"Gather Gold","floor":13.0,"gold_loss":0.0,"damage_taken":11.0},{"cards_removed":["Strike_P"],"damage_healed":0.0,"max_hp_gain":0.0,"max_hp_loss":0.0,"gold_gain":0.0,"event_name":"Designer","player_choice":"Upgrade and Remove","floor":19.0,"gold_loss":110.0,"damage_taken":0.0,"cards_upgraded":["EmptyFist"]},{"damage_healed":0.0,"max_hp_gain":0.0,"max_hp_loss":0.0,"gold_gain":0.0,"event_name":"Forgotten Altar","player_choice":"Smashed Altar","floor":21.0,"gold_loss":0.0,"damage_taken":0.0,"cards_obtained":["Decay"]},{"damage_healed":0,"gold_gain":0,"player_choice":"Memory 1","damage_taken":0,"max_hp_gain":0,"max_hp_loss":0,"event_name":"SensoryStone","floor":36,"gold_loss":0},{"cards_removed":["Strike_P"],"damage_healed":0,"gold_gain":0,"player_choice":"Removed Attack","damage_taken":0,"max_hp_gain":0,"max_hp_loss":0,"event_name":"Falling","floor":39,"gold_loss":0}],"is_beta":false,"boss_relics":[{"not_picked":["HolyWater","SlaversCollar"],"picked":"Runic Pyramid"},{"not_picked":["Pandora\u0027s Box","Fusion Hammer"],"picked":"VioletLotus"}],"items_purged_floors":[22,28],"is_endless":false,"potions_floor_spawned":[1,2,7,12,20,24,35],"killed_by":"Reptomancer","ascension_level":20}}