{"host":"n7mxhpjy89lltbhc","time":1610016925,"event":{"mods":["2.2 Compatiblity","Act Like it!","Bard","BaseMod","Better Match","Better Sensory Stone","Better Synergies","Better Vampires","BetterRewards","Colored Map","Colored Powertips","Downfall","Exacting","Gensokyo","Hubris","Infinite Spire","Jedi Mod","Marisa????????","Minty Spire (QoL Compilation)","Permanent Neow","Rare Cards Sparkle","Relic Sorter","Relic Stats","Replay The Spire","Shop Mod","Small Relic Pack","Spicy Shops","StSLib","Strawberry Spire","Td1madao Mod","The Blue Laboratory","The Marked","The Servant 0.9.4","Waifu the Spire","Wandering Minibosses"],"gold_per_floor":[128,3,43,82,82,82,82,82,151,213,245,282,282,142,142,218,218,222,73,73,73],"floor_reached":20,"playtime":753,"items_purged":[],"score":310,"play_id":"b017562f-0c54-4636-aab5-e228975fedd5","local_time":"25640107175525","is_ascension_mode":true,"campfire_choices":[{"data":"Defy","floor":6,"key":"SMITH"},{"floor":13,"key":"REST"},{"data":"Gensokyo:CrescentMoonSlash","floor":15,"key":"SMITH"}],"circlet_count":0,"master_deck":["AscendersBane","Strike_S","Strike_S","Strike_S","Strike_S","Defend_S","Defend_S","Defend_S","Defend_S","KidneyShot","BottledTime","HandOfGreed+1","RealityMarble","Defy+1","Gensokyo:CrescentMoonSlash+1","Guardian:Gem_Purple","Guardian:StasisEngine","SoulSculpture","SilverBlades","Replay:Parry"],"relics":["PreservedInsect","hubris:DisguiseKit","strawberrySpire:MawJerky","strawberrySpire:BonfireDress","Sozu"],"acts_visited":["Gensokyo:Gensokyo","Gensokyo:Gensokyoer"],"potions_floor_usage":[],"damage_taken":[{"damage":8,"enemies":"Gensokyo:2_Kodama","floor":1,"turns":4},{"damage":0,"enemies":"Gensokyo:Python","floor":3,"turns":3},{"damage":15,"enemies":"Gensokyo:Gryphon","floor":4,"turns":3},{"damage":9,"enemies":"Gensokyo:3_Kodama","floor":10,"turns":7},{"damage":14,"enemies":"Gensokyo:Cirno","floor":11,"turns":7},{"damage":0,"enemies":"Gensokyo:LivingMonolith","floor":12,"turns":3},{"damage":6,"enemies":"Gensokyo:Reimu","floor":16,"turns":8},{"damage":29,"enemies":"Gensokyo:3_Dogs","floor":18,"turns":7}],"seed_played":"3876578997329552946","potions_obtained":[{"floor":4,"key":"blueLaboratory:BubblePotion"},{"floor":11,"key":"jedi:StrikingPotion"},{"floor":12,"key":"ColorlessPotion"}],"is_trial":false,"path_per_floor":["M","?","M","M","$","R","?","T","T","M","E","M","R","?","R","B",null,"M","$","?"],"character_chosen":"THE_SERVANT","items_purchased":["Replay:Parry"],"campfire_rested":1,"item_purchase_floors":[19],"current_hp_per_floor":[55,55,55,42,42,42,30,30,30,21,7,7,25,25,25,19,51,22,22,0,0],"gold":73,"neow_bonus":"RANDOM_EVENT","is_daily":false,"chose_seed":false,"campfire_upgraded":2,"win_rate":0.0,"timestamp":1610016925,"path_taken":["M","?","M","M","$","R","?","?","T","?","E","M","R","?","R","BOSS","M","?","?"],"items_purchased_type":["Card"],"build_version":"2020-12-22","purchased_purges":0,"victory":false,"max_hp_per_floor":[60,60,60,62,62,62,62,62,62,62,62,62,62,62,62,62,62,62,62,62,62],"relic_stats":{"Sozu":0,"counters":[8,42],"PreservedInsect":11,"obtain_stats":[{"Sozu":17,"hubris:DisguiseKit":9,"strawberrySpire:MawJerky":11,"PreservedInsect":8,"Uniform":0,"Gensokyo:Justice":0,"strawberrySpire:BonfireDress":14},{"Sozu":7,"hubris:DisguiseKit":3,"strawberrySpire:MawJerky":5,"PreservedInsect":3,"Uniform":0,"Gensokyo:Justice":0,"strawberrySpire:BonfireDress":6},{"Sozu":35,"hubris:DisguiseKit":10,"strawberrySpire:MawJerky":24,"PreservedInsect":10,"Uniform":0,"Gensokyo:Justice":0,"strawberrySpire:BonfireDress":27}]},"card_choices":[{"not_picked":["Rewind","TimeTheft"],"picked":"BottledTime","floor":1},{"not_picked":["jedi:LeechingStrike","Metamorphosis+1"],"picked":"HandOfGreed+1","floor":2},{"not_picked":["BottledTime","DoubleEdge"],"picked":"RealityMarble","floor":3},{"not_picked":["Revamp","Potential"],"picked":"Defy","floor":4},{"not_picked":["FastForward","Defy","Unruled"],"picked":"Guardian:Gem_Purple","floor":10},{"not_picked":["Rewind","Unruled","StarChef"],"picked":"Guardian:StasisEngine","floor":11},{"not_picked":["FastForward","Defy","Duplication","Guardian:Gem_Red"],"picked":"SKIP","floor":12},{"not_picked":["FlawlessForm","LightFlow","Guardian:HyperBeam_Guardian"],"picked":"SoulSculpture","floor":16},{"not_picked":["Unruled","InstantArmor","Guardian:PrimingBeam"],"picked":"SilverBlades","floor":18}],"player_experience":1067455,"relics_obtained":[{"floor":8,"key":"PreservedInsect"},{"floor":9,"key":"hubris:DisguiseKit"},{"floor":11,"key":"strawberrySpire:MawJerky"}],"event_choices":[{"damage_healed":0,"gold_gain":0,"player_choice":"2","damage_taken":0,"max_hp_gain":0,"max_hp_loss":0,"event_name":"betterMatch:BetterMatch","floor":2,"gold_loss":0,"cards_obtained":["betterMatch:ColorlessRareCard"]}],"is_beta":false,"boss_relics":[{"not_picked":["MysterySword","hubris:GrandSneckoEye"],"picked":"Sozu"}],"items_purged_floors":[],"is_endless":false,"potions_floor_spawned":[4,11,12,16],"ascension_level":17}}