{"host":"qxeepl7ydvsgmfdb","time":1610007407,"event":{"mods":["AchievementEnabler","BaseMod","Colored Powertips","Minty Spire (QoL Compilation)","Quick Restart","slay the spire mod where everything is the same but ironclad has a cowboy hat"],"gold_per_floor":[109,16,191,191,211,240,240,240,240,269,283,310,326,291,291,389,389,407,407,82,82,94,94,109,143,170,197,214,239,239,254,254,359,359,369,25,41,60,282,310,310,310,310,360,119,129,154,154,154,154,154],"floor_reached":50,"playtime":1429,"items_purged":["Regret","Doubt"],"score":859,"play_id":"b846da97-fa0e-44c4-85e4-214e075dd820","local_time":"20210107031647","is_ascension_mode":true,"campfire_choices":[{"data":"Die Die Die","floor":7.0,"key":"SMITH"},{"floor":15.0,"key":"REST"},{"floor":23.0,"key":"REST"},{"floor":30.0,"key":"REST"},{"data":"Blade Dance","floor":32.0,"key":"SMITH"},{"floor":42.0,"key":"REST"},{"floor":49.0,"key":"REST"}],"circlet_count":0,"master_deck":["Strike_G","Strike_G","Strike_G","Strike_G","Strike_G","Defend_G","Defend_G","Defend_G","Defend_G","Defend_G","Survivor","Neutralize+1","Blade Dance+1","Slice","Cloak And Dagger+1","Deadly Poison+1","Die Die Die+1","Quick Slash+1","Die Die Die+1","Poisoned Stab+1","Writhe","Poisoned Stab+1","Blade Dance+1","Slice+1","Accuracy+1"],"relics":["Ring of the Snake","NeowsBlessing","Ancient Tea Set","Molten Egg 2","Eternal Feather","Singing Bowl","Kunai","WristBlade","Orichalcum","Pear","Paper Crane","Vajra","Red Mask","Pen Nib","SacredBark","White Beast Statue","Sundial","Mummified Hand","Peace Pipe","Bottled Lightning","Happy Flower"],"acts_visited":["Exordium","TheCity","TheBeyond"],"potions_floor_usage":[],"damage_taken":[{"damage":0.0,"enemies":"Jaw Worm","floor":1.0,"turns":1.0},{"damage":0.0,"enemies":"Cultist","floor":5.0,"turns":1.0},{"damage":0.0,"enemies":"3 Sentries","floor":6.0,"turns":1.0},{"damage":21.0,"enemies":"Gremlin Nob","floor":10.0,"turns":4.0},{"damage":6.0,"enemies":"Small Slimes","floor":11.0,"turns":3.0},{"damage":19.0,"enemies":"3 Sentries","floor":12.0,"turns":6.0},{"damage":0.0,"enemies":"2 Fungi Beasts","floor":13.0,"turns":1.0},{"damage":60.0,"enemies":"Hexaghost","floor":16.0,"turns":13.0},{"damage":11.0,"enemies":"2 Thieves","floor":18.0,"turns":2.0},{"damage":28.0,"enemies":"3 Byrds","floor":22.0,"turns":4.0},{"damage":5.0,"enemies":"Centurion and Healer","floor":24.0,"turns":4.0},{"damage":15.0,"enemies":"Slavers","floor":25.0,"turns":3.0},{"damage":2.0,"enemies":"Masked Bandits","floor":27.0,"turns":3.0},{"damage":0.0,"enemies":"Chosen and Byrds","floor":28.0,"turns":4.0},{"damage":19.0,"enemies":"Book of Stabbing","floor":29.0,"turns":5.0},{"damage":0.0,"enemies":"Snake Plant","floor":31.0,"turns":3.0},{"damage":71.0,"enemies":"Champ","floor":33.0,"turns":9.0},{"damage":0.0,"enemies":"Orb Walker","floor":35.0,"turns":2.0},{"damage":0.0,"enemies":"3 Shapes","floor":37.0,"turns":1.0},{"damage":13.0,"enemies":"Transient","floor":38.0,"turns":5.0},{"damage":39.0,"enemies":"Reptomancer","floor":40.0,"turns":4.0},{"damage":10.0,"enemies":"Mind Bloom Boss Battle","floor":44.0,"turns":7.0},{"damage":1.0,"enemies":"Sphere and 2 Shapes","floor":46.0,"turns":2.0},{"damage":27.0,"enemies":"Nemesis","floor":47.0,"turns":5.0},{"damage":169,"enemies":"Time Eater","floor":50,"turns":14}],"seed_played":"6470297751489270899","potions_obtained":[{"floor":5.0,"key":"Swift Potion"},{"floor":13.0,"key":"Energy Potion"},{"floor":16.0,"key":"DuplicationPotion"},{"floor":18.0,"key":"Fire Potion"},{"floor":22.0,"key":"Ancient Potion"},{"floor":33.0,"key":"Block Potion"},{"floor":35.0,"key":"Weak Potion"},{"floor":37.0,"key":"Poison Potion"},{"floor":38.0,"key":"FairyPotion"},{"floor":40.0,"key":"GamblersBrew"},{"floor":44.0,"key":"Ancient Potion"},{"floor":46.0,"key":"Fire Potion"},{"floor":47.0,"key":"Ancient Potion"}],"is_trial":false,"path_per_floor":["M","$","?","?","M","E","R","?","T","E","M","E","M","?","R","B",null,"M","?","$","?","M","R","M","E","T","?","M","E","R","M","R","B",null,"M","$","M","M","?","E","?","R","T","?","$","M","E","?","R","B"],"character_chosen":"THE_SILENT","items_purchased":["Slice","Cloak And Dagger","Pear","White Beast Statue","Bottled Lightning"],"campfire_rested":5,"item_purchase_floors":[2,2,20,36,45],"current_hp_per_floor":[63,63,63,63,63,63,63,63,63,42,38,21,23,42,76,16,61,50,50,60,60,32,69,64,49,49,49,51,34,76,78,93,24,78,80,80,82,71,71,34,36,79,79,71,71,72,45,45,93,0,0],"gold":154,"neow_bonus":"THREE_ENEMY_KILL","is_daily":false,"chose_seed":false,"campfire_upgraded":2,"win_rate":0.0,"timestamp":1610007407,"path_taken":["M","$","?","?","?","E","R","?","T","E","M","E","M","?","R","BOSS","M","?","$","?","?","R","M","E","T","?","M","E","R","M","R","BOSS","M","$","M","M","?","E","?","R","T","?","$","M","E","?","R","BOSS"],"items_purchased_type":["Card","Card","Relic","Relic","Relic"],"build_version":"2020-12-22","purchased_purges":2,"victory":false,"max_hp_per_floor":[70,70,70,70,70,70,70,70,70,70,72,74,76,76,76,76,76,76,76,86,86,86,86,86,86,86,88,90,92,92,94,94,96,96,98,98,100,102,102,104,106,106,106,108,108,110,110,110,110,110,110],"card_choices":[{"not_picked":["Dagger Spray","Flying Knee"],"picked":"Blade Dance","floor":1.0},{"not_picked":["Accuracy","Deflect"],"picked":"Deadly Poison","floor":5.0},{"not_picked":["Poisoned Stab","Dagger Spray"],"picked":"Die Die Die","floor":6.0},{"not_picked":["Blur","Reflex"],"picked":"Quick Slash+1","floor":10.0},{"not_picked":["Endless Agony+1","Terror","Cloak And Dagger"],"picked":"Singing Bowl","floor":11.0},{"not_picked":["Deflect","Well Laid Plans","Backflip"],"picked":"Singing Bowl","floor":12.0},{"not_picked":["Well Laid Plans","Accuracy","Distraction"],"picked":"Singing Bowl","floor":13.0},{"not_picked":["Bullet Time","Venomology"],"picked":"Die Die Die+1","floor":16.0},{"not_picked":["Dagger Spray+1","All Out Attack+1"],"picked":"Poisoned Stab+1","floor":18.0},{"not_picked":["Acrobatics","Finisher+1"],"picked":"Poisoned Stab+1","floor":22.0},{"not_picked":["Flying Knee+1","Backflip"],"picked":"Blade Dance+1","floor":24.0},{"not_picked":["Acrobatics","Prepared"],"picked":"Slice+1","floor":25.0},{"not_picked":["Poisoned Stab+1","Terror+1","PiercingWail"],"picked":"Singing Bowl","floor":27.0},{"not_picked":["Calculated Gamble","Poisoned Stab+1","Acrobatics"],"picked":"Singing Bowl","floor":28.0},{"not_picked":["Expertise","Wraith Form v2","Heel Hook+1"],"picked":"Singing Bowl","floor":29.0},{"not_picked":["Blur","Bane+1","Acrobatics"],"picked":"Singing Bowl","floor":31.0},{"not_picked":["Bullet Time","Wraith Form v2","Glass Knife+1"],"picked":"Singing Bowl","floor":33.0},{"not_picked":["Escape Plan","Accuracy","Sucker Punch+1"],"picked":"Singing Bowl","floor":35.0},{"not_picked":["Dagger Spray+1","Cloak And Dagger+1","Accuracy+1"],"picked":"Singing Bowl","floor":37.0},{"not_picked":["All Out Attack+1","Bane+1","Sucker Punch+1"],"picked":"Singing Bowl","floor":38.0},{"not_picked":["Infinite Blades","Poisoned Stab+1","Cloak And Dagger+1"],"picked":"Singing Bowl","floor":40.0},{"not_picked":["Impatience","Enlightenment","Purity"],"picked":"Singing Bowl","floor":41.0},{"not_picked":["Underhanded Strike+1","Dagger Spray+1","Leg Sweep+1"],"picked":"Singing Bowl","floor":44.0},{"not_picked":["Finisher+1","Poisoned Stab+1","PiercingWail"],"picked":"Singing Bowl","floor":46.0},{"not_picked":["Bullet Time","Prepared+1"],"picked":"Accuracy+1","floor":47.0}],"player_experience":386326,"relics_obtained":[{"floor":6.0,"key":"Ancient Tea Set"},{"floor":9.0,"key":"Eternal Feather"},{"floor":10.0,"key":"Singing Bowl"},{"floor":12.0,"key":"Kunai"},{"floor":25.0,"key":"Paper Crane"},{"floor":26.0,"key":"Vajra"},{"floor":27.0,"key":"Red Mask"},{"floor":29.0,"key":"Pen Nib"},{"floor":40.0,"key":"Sundial"},{"floor":43.0,"key":"Mummified Hand"},{"floor":44.0,"key":"Peace Pipe"},{"floor":47.0,"key":"Happy Flower"}],"event_choices":[{"damage_healed":0.0,"max_hp_gain":0.0,"max_hp_loss":0.0,"gold_gain":175.0,"event_name":"Liars Game","player_choice":"AGREE","floor":3.0,"gold_loss":0.0,"damage_taken":0.0,"cards_obtained":["Doubt"]},{"damage_healed":0.0,"max_hp_gain":0.0,"max_hp_loss":0.0,"gold_gain":0.0,"event_name":"Accursed Blacksmith","player_choice":"Forge","floor":4.0,"gold_loss":0.0,"damage_taken":0.0,"cards_upgraded":["Cloak And Dagger"]},{"damage_healed":0.0,"max_hp_gain":0.0,"max_hp_loss":0.0,"gold_gain":0.0,"event_name":"Big Fish","player_choice":"Box","floor":8.0,"gold_loss":0.0,"damage_taken":0.0,"relics_obtained":["Molten Egg 2"],"cards_obtained":["Regret"]},{"damage_healed":19.0,"max_hp_gain":0.0,"max_hp_loss":0.0,"gold_gain":0.0,"event_name":"The Cleric","player_choice":"Healed","floor":14.0,"gold_loss":35.0,"damage_taken":0.0},{"damage_healed":0.0,"max_hp_gain":0.0,"max_hp_loss":0.0,"gold_gain":0.0,"event_name":"The Mausoleum","player_choice":"Opened","floor":19.0,"gold_loss":0.0,"damage_taken":0.0,"relics_obtained":["Orichalcum"],"cards_obtained":["Writhe"]},{"damage_healed":0.0,"max_hp_gain":0.0,"max_hp_loss":0.0,"gold_gain":0.0,"event_name":"Upgrade Shrine","player_choice":"Upgraded","floor":21.0,"gold_loss":0.0,"damage_taken":0.0,"cards_upgraded":["Deadly Poison"]},{"damage_healed":0.0,"max_hp_gain":0.0,"max_hp_loss":0.0,"gold_gain":0.0,"event_name":"Masked Bandits","player_choice":"Fought Bandits","floor":27.0,"gold_loss":0.0,"damage_taken":0.0},{"damage_healed":0.0,"max_hp_gain":0.0,"max_hp_loss":0.0,"gold_gain":222.0,"event_name":"Tomb of Lord Red Mask","player_choice":"Wore Mask","floor":39.0,"gold_loss":0.0,"damage_taken":0.0},{"damage_healed":0.0,"max_hp_gain":0.0,"max_hp_loss":0.0,"gold_gain":0.0,"event_name":"SensoryStone","player_choice":"Memory 1","floor":41.0,"gold_loss":0.0,"damage_taken":0.0},{"damage_healed":0.0,"max_hp_gain":0.0,"max_hp_loss":0.0,"gold_gain":0.0,"event_name":"MindBloom","player_choice":"Fight","floor":44.0,"gold_loss":0.0,"damage_taken":0.0},{"damage_healed":0.0,"max_hp_gain":0.0,"max_hp_loss":0.0,"gold_gain":0.0,"event_name":"Upgrade Shrine","player_choice":"Upgraded","floor":48.0,"gold_loss":0.0,"damage_taken":0.0,"cards_upgraded":["Neutralize"]}],"is_beta":false,"boss_relics":[{"not_picked":["HoveringKite","Philosopher\u0027s Stone"],"picked":"WristBlade"},{"not_picked":["Astrolabe","Black Star"],"picked":"SacredBark"}],"items_purged_floors":[20,36],"is_endless":false,"potions_floor_spawned":[5,13,16,18,22,24,33,35,37,38,40,44,46,47],"killed_by":"Time Eater","ascension_level":7}}