{"host":"40f49r155zsx8eqk","time":1610031794,"event":{"mods":["AchievementEnabler","Aspiration","BaseMod","Better Note","Better Sensory Stone","Better Skull","Better Third Choice","Better Vampires","Curses Come First","Dota2Spire","Evolution","GifTheSpireLib","Googly Eyes","Gremlin Skip","Halation","Hubris","Minty Spire (QoL Compilation)","Relic Sorter","Replay The Spire","Spikes Relics","StSLib","Stuff the Spire","The Gatherer","Uncapped","Unceasing Turn Reminder"],"gold_per_floor":[119,139,170,185,201,201,230,230,230,12,54,100,100,100,100,230,230,276,276,276,325,335,335,396,439,439,439,464,511,421,438,438,573,573,584,600,644,692,692,692,754,770,770,814,139,199,199,199,229],"floor_reached":51,"playtime":25957,"items_purged":["Strike_G","Parasite"],"score":906,"play_id":"69ee9182-72f6-4193-9520-93602cce125d","local_time":"20210107180314","is_ascension_mode":true,"campfire_choices":[{"data":"StuffTheSpire:BumpUp","floor":6,"key":"SMITH"},{"floor":13,"key":"REST"},{"floor":15,"key":"REST"},{"data":"After Image","floor":23,"key":"SMITH"},{"floor":27,"key":"REST"},{"floor":32,"key":"REST"},{"floor":40,"key":"REST"},{"floor":47,"key":"REST"},{"floor":49,"key":"REST"}],"circlet_count":0,"master_deck":["Strike_G","Strike_G+1","Defend_G","Defend_G","Survivor","Neutralize","Dagger Spray","StuffTheSpire:BumpUp+1","Choke","StuffTheSpire:BumpUp","Pot Of Greed","Pot Of Greed","After Image+1","Doppelganger+1","Backflip+1","Dagger Throw+1","Escape Plan+1","Replay:Poison Smokescreen","Terror","ShadowRift","Pot Of Greed","Bullet Time","A Thousand Cuts","StuffTheSpire:ClusterCrunch+1","Draining Mist+1","A Thousand Cuts","Magnetism","Draining Mist"],"relics":["Ring of the Snake","StuffTheSpire:OccultApparatus","Dota2Spire:ShivaGuard","Dota2Spire:HandOfMidas","Iron Hammer","Grinning Jar","Astrolabe","Boot","Chameleon Ring","StoneCalendar","hubris:Teleporter","aspiration:RitualDagger","StuffTheSpire:GreaterSneckoEye","LugNut","StuffTheSpire:EmeraldSignet","TungstenRod","Garlic"],"acts_visited":["Exordium","TheCity","TheBeyond"],"potions_floor_usage":[16,28,28,33,50,50],"damage_taken":[{"damage":3,"enemies":"Cultist","floor":1,"turns":4},{"damage":2,"enemies":"2 Louse","floor":2,"turns":2},{"damage":2,"enemies":"Small Slimes","floor":4,"turns":3},{"damage":12,"enemies":"Gremlin Gang","floor":5,"turns":4},{"damage":22,"enemies":"3 Sentries","floor":7,"turns":7},{"damage":2,"enemies":"Large Slime","floor":11,"turns":7},{"damage":0,"enemies":"Blue Slaver","floor":12,"turns":4},{"damage":26,"enemies":"Hexaghost","floor":16,"turns":9},{"damage":13,"enemies":"2 Thieves","floor":18,"turns":5},{"damage":0,"enemies":"3 Byrds","floor":21,"turns":6},{"damage":4,"enemies":"Snecko","floor":22,"turns":4},{"damage":32,"enemies":"Gremlin Leader","floor":24,"turns":6},{"damage":15,"enemies":"Cultist and Chosen","floor":25,"turns":5},{"damage":9,"enemies":"Slavers","floor":28,"turns":4},{"damage":0,"enemies":"Shelled Parasite and Fungi","floor":29,"turns":2},{"damage":0,"enemies":"Centurion and Healer","floor":31,"turns":4},{"damage":0,"enemies":"Automaton","floor":33,"turns":7},{"damage":6,"enemies":"Orb Walker","floor":35,"turns":2},{"damage":6,"enemies":"3 Shapes","floor":36,"turns":2},{"damage":21,"enemies":"Writhing Mass","floor":37,"turns":7},{"damage":78,"enemies":"Maw","floor":38,"turns":10},{"damage":25,"enemies":"R_Hoarder","floor":41,"turns":6},{"damage":9,"enemies":"3 Darklings","floor":42,"turns":3},{"damage":9,"enemies":"Writhing Mass","floor":44,"turns":3},{"damage":61,"enemies":"Reptomancer","floor":46,"turns":5},{"damage":12,"enemies":"Donu and Deca","floor":50,"turns":6}],"seed_played":"154039289043690089","potions_obtained":[{"floor":0,"key":"Toxic Potion"},{"floor":0,"key":"BlessingOfTheForge"},{"floor":0,"key":"DistilledChaos"},{"floor":1,"key":"LiquidMemories"},{"floor":16,"key":"LiquidBronze"},{"floor":22,"key":"Dota2Spire:HealingSalve"},{"floor":29,"key":"Weak Potion"},{"floor":31,"key":"EssenceOfSteel"},{"floor":33,"key":"AttackPotion"}],"is_trial":false,"path_per_floor":["M","M","?","M","M","R","E","?","T","$","M","M","R","?","R","B",null,"M","?","?","M","M","R","E","M","T","R","E","M","?","M","R","B",null,"M","M","M","M","?","R","E","M","T","M","$","E","R","R","B",null],"character_chosen":"THE_SILENT","items_purchased":["Grinning Jar","TungstenRod","PowerPotion","Magnetism","Draining Mist"],"campfire_rested":7,"item_purchase_floors":[10,45,45,45,45],"current_hp_per_floor":[67,65,65,63,51,51,29,29,29,29,27,27,48,48,69,43,70,57,57,57,57,53,53,21,6,6,27,30,30,30,30,51,51,70,64,58,37,40,20,41,46,55,55,64,64,34,54,67,67],"gold":229,"neow_bonus":"THREE_SMALL_POTIONS","is_daily":false,"chose_seed":false,"campfire_upgraded":2,"win_rate":0.0,"timestamp":1610031794,"path_taken":["M","M","?","M","M","R","E","?","T","$","?","M","R","?","R","BOSS","M","?","?","M","?","R","E","M","T","R","E","M","?","M","R","BOSS","M","?","M","M","?","R","E","M","T","M","$","E","R","R","BOSS"],"items_purchased_type":["Relic","Relic","Potion","Card","Card"],"build_version":"2020-12-22","purchased_purges":2,"victory":true,"max_hp_per_floor":[70,70,70,70,70,70,70,70,70,70,70,70,70,70,70,70,70,70,70,70,70,70,70,70,70,70,70,70,70,70,70,70,70,70,70,70,70,70,70,70,70,70,70,70,67,67,67,67,67],"card_choices":[{"not_picked":["Hidden Blade","Fluid Movement"],"picked":"Dagger Spray","floor":1},{"not_picked":["Poisoned Stab","StuffTheSpire:Sprint"],"picked":"StuffTheSpire:BumpUp","floor":2},{"not_picked":["Leg Sweep","Sucker Punch"],"picked":"Choke","floor":3},{"not_picked":["Dagger Throw","Dodge and Roll","Dagger Spray"],"picked":"SKIP","floor":4},{"not_picked":["Underhanded Strike","Crippling Poison"],"picked":"StuffTheSpire:BumpUp","floor":5},{"not_picked":["Prepared","StuffTheSpire:Repulse","Bouncing Flask"],"picked":"SKIP","floor":7},{"not_picked":["Sucker Punch","StuffTheSpire:DoubleShiv","Slice"],"picked":"SKIP","floor":11},{"not_picked":["Well Laid Plans","Deadly Poison","Tactician"],"picked":"SKIP","floor":12},{"not_picked":["A Thousand Cuts","Venomology"],"picked":"After Image","floor":16},{"not_picked":["InfectiousVector+1","Predator+1"],"picked":"Escape Plan+1","floor":18},{"not_picked":["StuffTheSpire:Injection","ReplayTheSpireMod:The Works"],"picked":"Terror","floor":21},{"not_picked":["Outmaneuver","PiercingWail","Predator"],"picked":"SKIP","floor":22},{"not_picked":["Flying Knee","Outmaneuver+1","PiercingWail"],"picked":"SKIP","floor":24},{"not_picked":["hubris:Sniper+1","Slice"],"picked":"ShadowRift","floor":25},{"not_picked":["Dodge and Roll","Catalyst"],"picked":"Bullet Time","floor":28},{"not_picked":["Deflect","Cloak And Dagger","Dagger Spray"],"picked":"SKIP","floor":29},{"not_picked":["Outmaneuver","PiercingWail","Quick Slash"],"picked":"SKIP","floor":31},{"not_picked":["StuffTheSpire:FinalStruggle","aspiration:Lunge"],"picked":"A Thousand Cuts","floor":33},{"not_picked":["StuffTheSpire:MirrorStance+1","hubris:SlightOfHand+1"],"picked":"StuffTheSpire:ClusterCrunch+1","floor":35},{"not_picked":["Hidden Blade+1","Catalyst","StuffTheSpire:DoubleShiv+1"],"picked":"SKIP","floor":36},{"not_picked":["Deflect","Deadly Poison+1","Dagger Spray"],"picked":"SKIP","floor":37},{"not_picked":["Bouncing Flask+1","Deadly Poison"],"picked":"Draining Mist+1","floor":38},{"not_picked":["Deadly Poison","ReplayTheSpireMod:Necrosis"],"picked":"A Thousand Cuts","floor":41},{"not_picked":["Blade Dance","Riddle With Holes+1","Pace"],"picked":"SKIP","floor":42},{"not_picked":["StuffTheSpire:BumpUp","Poisoned Stab+1","Dagger Throw"],"picked":"SKIP","floor":44},{"not_picked":["A Thousand Cuts","Replay:Bag of Tricks","Slice"],"picked":"SKIP","floor":46}],"player_experience":155433,"relics_obtained":[{"floor":3,"key":"Dota2Spire:ShivaGuard"},{"floor":7,"key":"Dota2Spire:HandOfMidas"},{"floor":9,"key":"Iron Hammer"},{"floor":24,"key":"Chameleon Ring"},{"floor":26,"key":"StoneCalendar"},{"floor":28,"key":"hubris:Teleporter"},{"floor":39,"key":"StuffTheSpire:GreaterSneckoEye"},{"floor":41,"key":"LugNut"},{"floor":43,"key":"StuffTheSpire:EmeraldSignet"},{"floor":46,"key":"Garlic"}],"event_choices":[{"damage_healed":0,"gold_gain":0,"player_choice":"Bought 0 Potions","damage_taken":0,"max_hp_gain":0,"max_hp_loss":0,"event_name":"The Woman in Blue","floor":8,"gold_loss":0},{"damage_healed":0,"gold_gain":0,"player_choice":"Gave Potion","damage_taken":0,"relics_obtained":["Boot"],"max_hp_gain":0,"max_hp_loss":0,"event_name":"WeMeetAgain","floor":19,"gold_loss":0},{"damage_healed":0,"gold_gain":0,"cards_transformed":["Defend_G"],"player_choice":"Transformed","damage_taken":0,"max_hp_gain":0,"max_hp_loss":0,"event_name":"Transmorgrifier","floor":20,"gold_loss":0,"cards_obtained":["Replay:Poison Smokescreen"]},{"cards_removed":["Strike_G"],"damage_healed":0,"gold_gain":0,"player_choice":"Upgrade and Remove","damage_taken":0,"max_hp_gain":0,"max_hp_loss":0,"event_name":"Designer","floor":30,"gold_loss":90,"cards_upgraded":["Strike_G"]}],"is_beta":false,"boss_relics":[{"not_picked":["hubris:VirtuousBlindfold","StuffTheSpire:RunicConfusion"],"picked":"Astrolabe"},{"not_picked":["hubris:HollowSoul","Fusion Hammer"],"picked":"aspiration:RitualDagger"}],"items_purged_floors":[10,45],"is_endless":false,"potions_floor_spawned":[1,4,16,18,22,29,31,33,37,41,42,44,46],"ascension_level":2}}