{"host":"a0paspe0zwqgzttz","time":1610042372,"event":{"mods":["AchievementEnabler","Act Like it!","BaseMod","BetterRewards","Colored Powertips","Conspire","Downfall","GifTheSpireLib","Hermit","Highlight Path","Lobotomy","Mad Scientist","Marisa????????","Minty Spire (QoL Compilation)","Quick Restart","Replay The Spire","Robot Space Explorer","Shop Mod","StSLib","SuperFastMode","The Bug Knight","The Construct","The Cursed","The Hierophant","The Jungle","The Mystic","The Necromancer","The Runesmith","The Senshi","The Servant 0.9.4"],"gold_per_floor":[111,126,145,158,173,202,202,221,245,245,71,97,97,116,192,296,296,285,569,590,590,590,590],"floor_reached":22,"playtime":917,"items_purged":[],"score":190,"play_id":"1a308ad9-360d-4c76-bf49-46c87f6d5479","local_time":"20210107125932","is_ascension_mode":false,"campfire_choices":[{"floor":10,"key":"REST"},{"floor":13,"key":"REST"}],"circlet_count":0,"master_deck":["Runesmith:Strike_RS","Runesmith:Strike_RS","Runesmith:Strike_RS","Runesmith:Strike_RS","Runesmith:Defend_RS","Runesmith:Defend_RS","Runesmith:Defend_RS","Runesmith:Defend_RS","Runesmith:CraftFirestone","Runesmith:Fortify","Strike_B","Defend_B","expansioncontent:StudyTheSpire","Runesmith:BackupBattery","Runesmith:HeatedChisel","Runesmith:ChiselStab","Runesmith:MakeshiftArmor","Runesmith:ShiftingStrike","Runesmith:Grindstone","Runesmith:ChargedHammer","Runesmith:Electrocute","Runesmith:ArcReactor","Runesmith:Repurpose","Runesmith:CraftIndustria","Runesmith:CraftReservo+1","Regret","Runesmith:Empowerment"],"relics":["Runesmith:BrokenRuby","HornCleat","Kunai","CeramicFish","Runesmith:MiniCore","conspire:SlowCooker"],"acts_visited":["Exordium","TheCity"],"potions_floor_usage":[6,14,16,16],"damage_taken":[{"damage":9,"enemies":"Cultist","floor":1,"turns":4},{"damage":5,"enemies":"2 Louse","floor":2,"turns":3},{"damage":4,"enemies":"Jaw Worm","floor":3,"turns":5},{"damage":10,"enemies":"Exordium Thugs","floor":4,"turns":4},{"damage":4,"enemies":"Lots of Slimes","floor":5,"turns":5},{"damage":25,"enemies":"Gremlin Nob","floor":6,"turns":5},{"damage":12,"enemies":"Exordium Wildlife","floor":8,"turns":5},{"damage":1,"enemies":"2 Fungi Beasts","floor":12,"turns":3},{"damage":4,"enemies":"Exordium Thugs","floor":14,"turns":4},{"damage":37,"enemies":"Slime Boss","floor":16,"turns":7},{"damage":27,"enemies":"2 Thieves","floor":18,"turns":5},{"damage":20,"enemies":"Shell Parasite","floor":20,"turns":6},{"damage":52,"enemies":"Snake Plant","floor":22,"turns":6}],"seed_played":"-1850806727084949137","potions_obtained":[{"floor":3,"key":"Guardian:BlockOnCardUsePotion"},{"floor":5,"key":"BlessingOfTheForge"},{"floor":8,"key":"Block Potion"},{"floor":12,"key":"GamblersBrew"}],"is_trial":false,"path_per_floor":["M","M","M","M","M","E","?","M","T","R","$","M","R","M","R","B",null,"M","?","M","?","M"],"character_chosen":"RUNESMITH_CLASS","items_purchased":["Runesmith:MiniCore","Runesmith:Electrocute"],"campfire_rested":2,"item_purchase_floors":[11,11],"current_hp_per_floor":[61,56,52,42,38,13,13,1,1,22,22,21,42,38,38,1,70,43,43,23,46,0,0],"gold":590,"neow_bonus":"RANDOM_COLORLESS_2","is_daily":false,"chose_seed":false,"campfire_upgraded":0,"win_rate":0.0,"timestamp":1610042372,"path_taken":["M","?","M","?","M","E","?","M","T","R","?","M","R","?","R","BOSS","M","?","?","?","M"],"items_purchased_type":["Relic","Card"],"build_version":"2020-12-22","purchased_purges":0,"victory":false,"max_hp_per_floor":[70,70,70,70,70,70,70,70,70,70,70,70,70,70,70,70,70,70,70,70,70,70,70],"card_choices":[{"not_picked":["Thinking Ahead","HandOfGreed"],"picked":"expansioncontent:StudyTheSpire","floor":0},{"not_picked":["Runesmith:ShiftingStrike","Runesmith:CraftMagma"],"picked":"Runesmith:BackupBattery","floor":1},{"not_picked":["Runesmith:BackupBattery","Runesmith:UnstableHammer"],"picked":"Runesmith:HeatedChisel","floor":2},{"not_picked":["Runesmith:LightningRod","Runesmith:NanitesCloud"],"picked":"Runesmith:ChiselStab","floor":3},{"not_picked":["Runesmith:HammerAndChisel","Runesmith:HeatedChisel"],"picked":"Runesmith:MakeshiftArmor","floor":4},{"not_picked":["Runesmith:HammerThrow","Runesmith:CraftProtectio"],"picked":"Runesmith:ShiftingStrike","floor":5},{"not_picked":["Runesmith:StaticCage","Runesmith:MakeshiftArmor"],"picked":"Runesmith:Grindstone","floor":6},{"not_picked":["Runesmith:Repurpose","Runesmith:RunicBlueprint"],"picked":"Runesmith:ChargedHammer","floor":8},{"not_picked":["Runesmith:HammerAndChisel","Runesmith:RuneHurl"],"picked":"Runesmith:ArcReactor","floor":12},{"not_picked":["Runesmith:ShiftingStrike","Runesmith:StaticCage"],"picked":"Runesmith:Repurpose","floor":14},{"not_picked":["Runesmith:CraftPrismatica","Runesmith:CreatorForm"],"picked":"Runesmith:CraftIndustria","floor":16},{"not_picked":["Runesmith:CraftProtectio","Runesmith:ElementalConversion"],"picked":"Runesmith:CraftReservo+1","floor":18},{"not_picked":["Runesmith:NegativeSpace+1","Runesmith:Refine"],"picked":"Runesmith:Empowerment","floor":20}],"player_experience":447819,"relics_obtained":[{"floor":6,"key":"HornCleat"},{"floor":9,"key":"CeramicFish"}],"event_choices":[{"damage_healed":0,"gold_gain":0,"player_choice":"Searched \u00272\u0027 times","damage_taken":0,"relics_obtained":["Kunai"],"max_hp_gain":0,"max_hp_loss":0,"event_name":"Dead Adventurer","floor":7,"gold_loss":0},{"damage_healed":0,"gold_gain":275,"player_choice":"Desecrate","damage_taken":0,"max_hp_gain":0,"max_hp_loss":0,"event_name":"Golden Shrine","floor":19,"gold_loss":0,"cards_obtained":["Regret"]},{"damage_healed":23,"gold_gain":0,"player_choice":"Heal","damage_taken":0,"max_hp_gain":0,"max_hp_loss":0,"event_name":"The Library","floor":21,"gold_loss":0}],"is_beta":false,"boss_relics":[{"not_picked":["Pandora\u0027s Box","Coffee Dripper"],"picked":"conspire:SlowCooker"}],"items_purged_floors":[],"is_endless":false,"potions_floor_spawned":[3,5,8,12],"killed_by":"Snake Plant","ascension_level":0}}