{"host":"hg4d4z00zcdsq8kr","time":1610009187,"event":{"mods":["BaseMod","Hubris","Minty Spire (QoL Compilation)","Replay The Spire","StSLib"],"gold_per_floor":[109,125,125,137,137,137,171,24,24,24,39,51,62,74,74,169,169,183,13,13,33,33,33,64,64,88,88,119,119,119,130,130,177,177,193,343,69,69,82,82,82,82],"floor_reached":41,"playtime":2073,"items_purged":["Strike_G","Strike_G"],"score":481,"play_id":"a9bc547e-9292-4397-94af-6ca63cf094f6","local_time":"20210107114627","is_ascension_mode":false,"campfire_choices":[{"floor":6,"key":"REST"},{"floor":10,"key":"REST"},{"floor":15,"key":"DIG"},{"data":"A Thousand Cuts","floor":23,"key":"SMITH"},{"floor":25,"key":"REST"},{"data":"Infinite Blades","floor":27,"key":"SMITH"},{"floor":29,"key":"REST"},{"floor":32,"key":"REST"},{"data":"Noxious Fumes","floor":40,"key":"SMITH"}],"circlet_count":0,"master_deck":["Strike_G+1","Strike_G","Strike_G","Defend_G","Defend_G","Defend_G","Defend_G","Defend_G+1","Survivor","Neutralize","Flash of Steel","Deadly Poison","Prepared","Underhanded Strike","Acrobatics","Deflect","Quick Slash","Deadly Poison","Bouncing Flask","Dagger Throw","ReplayTheSpireMod:Speed Training","A Thousand Cuts+1","CurseOfTheBell","Infinite Blades+1","Deadly Poison","ReplayTheSpireMod:Scrap Shanks","Dagger Spray","Tactician","Corpse Explosion","hubris:SlightOfHand","A Thousand Cuts","Toxin Wave","Noxious Fumes+1","Cloak And Dagger","Quick Slash","Writhe","Tactician","hubris:NaturalOne"],"relics":["Ring of the Snake","Replay:Bottled Snecko","Bag of Marbles","CaptainsWheel","Lantern","Calling Bell","Bronze Scales","Darkstone Periapt","Mango","hubris:Potato","Snake Skull","Blood Vial","hubris:Icosahedron","hubris:Backtick","The Specimen","hubris:Zylophone"],"acts_visited":["Exordium","TheCity","TheBeyond"],"potions_floor_usage":[13,16,18,20,24,24,24,28,33,36],"damage_taken":[{"damage":4,"enemies":"Jaw Worm","floor":1,"turns":5},{"damage":2,"enemies":"Cultist","floor":2,"turns":4},{"damage":0,"enemies":"Small Slimes","floor":4,"turns":3},{"damage":24,"enemies":"Lagavulin","floor":7,"turns":8},{"damage":0,"enemies":"Exordium Wildlife","floor":11,"turns":4},{"damage":0,"enemies":"3 Louse","floor":12,"turns":2},{"damage":2,"enemies":"Large Slime","floor":13,"turns":4},{"damage":4,"enemies":"Blue Slaver","floor":14,"turns":3},{"damage":11,"enemies":"The Guardian","floor":16,"turns":8},{"damage":16,"enemies":"Shell Parasite","floor":18,"turns":4},{"damage":0,"enemies":"Spheric Guardian","floor":20,"turns":1},{"damage":17,"enemies":"Snecko","floor":21,"turns":5},{"damage":18,"enemies":"Gremlin Leader","floor":24,"turns":6},{"damage":30,"enemies":"Slavers","floor":28,"turns":4},{"damage":17,"enemies":"Centurion and Healer","floor":31,"turns":5},{"damage":78,"enemies":"Automaton","floor":33,"turns":9},{"damage":2,"enemies":"3 Shapes","floor":35,"turns":4},{"damage":16,"enemies":"Mind Bloom Boss Battle","floor":36,"turns":8},{"damage":13,"enemies":"Orb Walker","floor":39,"turns":4},{"damage":91,"enemies":"Reptomancer","floor":41,"turns":6}],"seed_played":"-5711124972595734451","potions_obtained":[{"floor":4,"key":"Reflective Coating"},{"floor":7,"key":"SmokeBomb"},{"floor":12,"key":"Energy Potion"},{"floor":16,"key":"LiquidMemories"},{"floor":18,"key":"Regen Potion"},{"floor":21,"key":"Explosive Potion"},{"floor":24,"key":"Swift Potion"},{"floor":31,"key":"Explosive Potion"},{"floor":33,"key":"CunningPotion"}],"is_trial":false,"path_per_floor":["M","M","?","M","?","R","E","$","T","R","M","M","M","M","R","B",null,"M","$","M","M","?","R","E","R","T","R","E","R","?","M","R","B",null,"M","?","$","?","M","R","E"],"character_chosen":"THE_SILENT","items_purchased":["Deflect","Quick Slash","Deadly Poison","ReplayTheSpireMod:Scrap Shanks","BlessingOfTheForge","Noxious Fumes","Cloak And Dagger","Quick Slash"],"campfire_rested":5,"item_purchase_floors":[8,8,19,19,19,37,37,37],"current_hp_per_floor":[66,64,50,50,50,70,46,46,46,67,67,67,65,61,61,50,84,68,68,68,51,51,51,48,73,73,73,43,68,68,53,78,2,84,82,68,68,90,77,77,0,0],"gold":82,"neow_bonus":"RANDOM_COLORLESS","is_daily":false,"chose_seed":false,"campfire_upgraded":3,"win_rate":0.0,"timestamp":1610009187,"path_taken":["M","M","?","M","?","R","E","$","T","R","M","?","?","M","R","BOSS","M","$","M","M","?","R","E","R","T","R","E","R","?","M","R","BOSS","M","?","$","?","M","R","E"],"items_purchased_type":["Card","Card","Card","Card","Potion","Card","Card","Card"],"build_version":"2020-12-22","purchased_purges":2,"victory":false,"max_hp_per_floor":[70,70,70,70,70,70,70,70,70,70,70,70,70,70,70,70,84,84,84,84,84,84,84,84,84,84,84,84,84,84,84,84,84,84,84,84,84,90,90,90,96,96],"card_choices":[{"not_picked":["hubris:Ssssneak","ReplayTheSpireMod:Private Reserves"],"picked":"Flash of Steel","floor":0},{"not_picked":["Dagger Spray","Replay:Poison Smokescreen"],"picked":"Deadly Poison","floor":1},{"not_picked":["Setup","All Out Attack"],"picked":"Prepared","floor":2},{"not_picked":["Prepared","Dodge and Roll"],"picked":"Underhanded Strike","floor":4},{"not_picked":["Cloak And Dagger","Setup"],"picked":"Acrobatics","floor":7},{"not_picked":["Bouncing Flask","Dodge and Roll"],"picked":"Deadly Poison","floor":11},{"not_picked":["Prepared","Concentrate"],"picked":"Bouncing Flask","floor":12},{"not_picked":["Terror","Endless Agony"],"picked":"Dagger Throw","floor":13},{"not_picked":["Calculated Gamble","Doppelganger"],"picked":"ReplayTheSpireMod:Speed Training","floor":14},{"not_picked":["Venomology","ReplayTheSpireMod:From All Sides"],"picked":"A Thousand Cuts","floor":16},{"not_picked":["Cloak And Dagger","Slice"],"picked":"Infinite Blades","floor":18},{"not_picked":["Skewer","Outmaneuver"],"picked":"Dagger Spray","floor":21},{"not_picked":["Deadly Poison","Grand Finale"],"picked":"Tactician","floor":24},{"not_picked":["Cloak And Dagger","hubris:Sniper"],"picked":"Corpse Explosion","floor":28},{"not_picked":["Crippling Poison","Prepared"],"picked":"hubris:SlightOfHand","floor":31},{"not_picked":["Venomology","Glass Knife"],"picked":"A Thousand Cuts","floor":33},{"not_picked":["Draining Mist+1","Fluid Movement+1"],"picked":"Toxin Wave","floor":35},{"not_picked":["Dodge and Roll+1","Poisoned Stab"],"picked":"Tactician","floor":39}],"player_experience":602635,"relics_obtained":[{"floor":5,"key":"Replay:Bottled Snecko"},{"floor":7,"key":"Bag of Marbles"},{"floor":9,"key":"CaptainsWheel"},{"floor":15,"key":"Lantern"},{"floor":17,"key":"Bronze Scales"},{"floor":17,"key":"Darkstone Periapt"},{"floor":17,"key":"Mango"},{"floor":24,"key":"hubris:Potato"},{"floor":26,"key":"Snake Skull"},{"floor":28,"key":"Blood Vial"},{"floor":36,"key":"hubris:Zylophone"}],"event_choices":[{"damage_healed":0,"gold_gain":0,"player_choice":"Entered Light","damage_taken":14,"max_hp_gain":0,"max_hp_loss":0,"event_name":"Shining Light","floor":3,"gold_loss":0,"cards_upgraded":["Defend_G","Strike_G"]},{"damage_healed":0,"gold_gain":0,"player_choice":"Relic","damage_taken":0,"max_hp_gain":0,"max_hp_loss":0,"event_name":"Wheel of Change","floor":5,"gold_loss":0},{"damage_healed":0,"gold_gain":0,"player_choice":"Fight","damage_taken":0,"max_hp_gain":0,"max_hp_loss":0,"event_name":"MindBloom","floor":36,"gold_loss":0},{"damage_healed":21,"gold_gain":0,"player_choice":"Writhe","damage_taken":0,"max_hp_gain":0,"max_hp_loss":0,"event_name":"Winding Halls","floor":38,"gold_loss":0,"cards_obtained":["Writhe"]}],"is_beta":false,"boss_relics":[{"not_picked":["Replay:Drink Me","Honey Jar"],"picked":"Calling Bell"},{"not_picked":["Velvet Choker","Philosopher\u0027s Stone"],"picked":"hubris:Backtick"}],"items_purged_floors":[8,37],"is_endless":false,"potions_floor_spawned":[4,7,12,16,18,21,24,31,33],"killed_by":"Reptomancer","ascension_level":0}}