{"host":"yp47u74hk6n79vj1","time":1610002889,"event":{"mods":["BaseMod","Colored Map","Highlight Path","Minty Spire (QoL Compilation)"],"gold_per_floor":[119,130,130,130,148,98,126,126,126,118,149,161,173,185,197,304,316,342,354,384,415,427,439,471,502,582,8,83,101,111,138,138,235,235,245,46,46,58,76,76,76],"floor_reached":40,"playtime":1524,"items_purged":["Strike_R","Strike_R"],"score":519,"play_id":"ba1da0d0-5bef-4b3f-ac6f-0028d5558424","local_time":"20210107020129","is_ascension_mode":true,"campfire_choices":[{"data":"Iron Wave","floor":8,"key":"SMITH"},{"data":"Body Slam","floor":12,"key":"SMITH"},{"floor":15,"key":"RECALL"},{"floor":23,"key":"REST"},{"data":"Disarm","floor":32,"key":"SMITH"}],"circlet_count":0,"master_deck":["Defend_R","Defend_R","Defend_R","Defend_R","Cleave+1","Shrug It Off+1","Iron Wave+1","Body Slam+1","Limit Break","Evolve","Inflame+1","Exhume","Dark Embrace","Disarm+1","Exhume+1","Burning Pact+1","Shrug It Off+1","Disarm+1"],"relics":["Burning Blood","Bronze Scales","Singing Bowl","MawBank","Self Forming Clay","Empty Cage","Nilry\u0027s Codex","Gremlin Horn","Medical Kit","Toxic Egg 2","Philosopher\u0027s Stone"],"acts_visited":["Exordium","TheCity","TheBeyond"],"potions_floor_usage":[11,16,16,16,16,24,29,29,29,29,30,31,33,33,38],"damage_taken":[{"damage":1,"enemies":"Cultist","floor":1,"turns":3},{"damage":3,"enemies":"Small Slimes","floor":2,"turns":3},{"damage":4,"enemies":"Jaw Worm","floor":5,"turns":4},{"damage":29,"enemies":"3 Sentries","floor":7,"turns":8},{"damage":1,"enemies":"Looter","floor":11,"turns":3},{"damage":16,"enemies":"Hexaghost","floor":16,"turns":9},{"damage":16,"enemies":"Spheric Guardian","floor":18,"turns":6},{"damage":18,"enemies":"Chosen","floor":20,"turns":6},{"damage":47,"enemies":"Snecko","floor":21,"turns":8},{"damage":11,"enemies":"3 Cultists","floor":24,"turns":4},{"damage":22,"enemies":"Sentry and Sphere","floor":25,"turns":4},{"damage":0,"enemies":"Centurion and Healer","floor":29,"turns":7},{"damage":0,"enemies":"3 Cultists","floor":30,"turns":3},{"damage":9,"enemies":"Gremlin Leader","floor":31,"turns":6},{"damage":37,"enemies":"Champ","floor":33,"turns":14},{"damage":47,"enemies":"3 Darklings","floor":35,"turns":5},{"damage":7,"enemies":"Orb Walker","floor":38,"turns":4},{"damage":53,"enemies":"Sphere and 2 Shapes","floor":39,"turns":7},{"damage":10,"enemies":"Jaw Worm Horde","floor":40,"turns":2}],"seed_played":"7387213659121258093","potions_obtained":[{"floor":5,"key":"FearPotion"},{"floor":7,"key":"Strength Potion"},{"floor":10,"key":"EntropicBrew"},{"floor":20,"key":"Strength Potion"},{"floor":29,"key":"ColorlessPotion"},{"floor":30,"key":"Weak Potion"},{"floor":31,"key":"Energy Potion"},{"floor":35,"key":"SpeedPotion"}],"is_trial":false,"path_per_floor":["M","M","?","?","M","?","E","R","T","?","M","R","?","?","R","B",null,"M","?","M","M","?","R","M","M","T","$","?","M","M","E","R","B",null,"M","$","?","M","M","M"],"character_chosen":"IRONCLAD","items_purchased":["Medical Kit","EntropicBrew","Dexterity Potion","Exhume","Dark Embrace","Shrug It Off+1","PowerPotion"],"campfire_rested":1,"item_purchase_floors":[27,27,27,27,27,36,36],"current_hp_per_floor":[80,80,80,85,85,85,62,62,62,62,67,67,50,50,50,40,85,77,61,49,10,10,36,31,17,17,17,8,32,40,39,39,8,95,54,54,54,55,10,0,0],"gold":76,"neow_bonus":"RANDOM_COMMON_RELIC","is_daily":false,"chose_seed":false,"campfire_upgraded":3,"win_rate":0.0,"timestamp":1610002889,"path_taken":["M","?","?","?","M","?","E","R","T","?","?","R","?","?","R","BOSS","M","?","M","M","?","R","M","?","T","$","?","?","M","E","R","BOSS","M","$","?","?","?","M"],"items_purchased_type":["Relic","Potion","Potion","Card","Card","Card","Potion"],"build_version":"2020-12-22","purchased_purges":2,"victory":false,"max_hp_per_floor":[80,80,80,85,85,85,85,85,85,85,85,85,85,85,85,85,85,87,87,87,89,89,89,89,91,91,91,91,91,93,95,95,95,95,95,95,95,97,99,99,99],"card_choices":[{"not_picked":["Ghostly Armor","Power Through"],"picked":"Cleave","floor":1},{"not_picked":["Twin Strike","Rupture"],"picked":"Shrug It Off","floor":2},{"not_picked":["Twin Strike","Searing Blow","Pommel Strike"],"picked":"SKIP","floor":5},{"not_picked":["Pommel Strike","Clothesline"],"picked":"Iron Wave","floor":7},{"not_picked":["Havoc","Evolve"],"picked":"Body Slam","floor":11},{"not_picked":["Feed","Impervious"],"picked":"Limit Break","floor":16},{"not_picked":["Cleave","Clothesline+1","Anger+1"],"picked":"Singing Bowl","floor":18},{"not_picked":["Carnage","Cleave"],"picked":"Evolve","floor":20},{"not_picked":["Sword Boomerang","Body Slam+1","Sever Soul"],"picked":"Singing Bowl","floor":21},{"not_picked":["Heavy Blade+1","Clash"],"picked":"Inflame+1","floor":24},{"not_picked":["Sever Soul","Flame Barrier+1","Sentinel"],"picked":"Singing Bowl","floor":25},{"not_picked":["Sentinel","Cleave"],"picked":"Disarm","floor":29},{"not_picked":["Sentinel","Warcry","Shockwave"],"picked":"Singing Bowl","floor":30},{"not_picked":["Dropkick","Searing Blow","Wild Strike"],"picked":"Singing Bowl","floor":31},{"not_picked":["Bludgeon","Feed"],"picked":"Exhume+1","floor":33},{"not_picked":["Iron Wave","Cleave+1"],"picked":"Burning Pact+1","floor":35},{"not_picked":["Flex+1","Twin Strike+1","Searing Blow+1"],"picked":"Singing Bowl","floor":38},{"not_picked":["Sword Boomerang","Dropkick+1","Twin Strike"],"picked":"Singing Bowl","floor":39}],"player_experience":607326,"relics_obtained":[{"floor":7,"key":"Singing Bowl"},{"floor":9,"key":"MawBank"},{"floor":19,"key":"Nilry\u0027s Codex"},{"floor":31,"key":"Toxic Egg 2"}],"event_choices":[{"cards_removed":["Strike_R"],"damage_healed":0,"gold_gain":0,"player_choice":"Forget","damage_taken":0,"max_hp_gain":0,"max_hp_loss":0,"event_name":"Living Wall","floor":3,"gold_loss":0},{"damage_healed":0,"gold_gain":0,"player_choice":"Donut","damage_taken":0,"max_hp_gain":5,"max_hp_loss":0,"event_name":"Big Fish","floor":4,"gold_loss":0},{"cards_removed":["Bash"],"damage_healed":0,"gold_gain":0,"player_choice":"Card Removal","damage_taken":0,"max_hp_gain":0,"max_hp_loss":0,"event_name":"The Cleric","floor":6,"gold_loss":50},{"damage_healed":0,"gold_gain":0,"player_choice":"Bought 1 Potion","damage_taken":0,"max_hp_gain":0,"max_hp_loss":0,"event_name":"The Woman in Blue","floor":10,"gold_loss":0},{"damage_healed":0,"gold_gain":0,"player_choice":"Entered Light","damage_taken":17,"max_hp_gain":0,"max_hp_loss":0,"event_name":"Shining Light","floor":13,"gold_loss":0,"cards_upgraded":["Shrug It Off","Cleave"]},{"damage_healed":0,"gold_gain":0,"player_choice":"Searched \u00271\u0027 times","damage_taken":0,"relics_obtained":["Self Forming Clay"],"max_hp_gain":0,"max_hp_loss":0,"event_name":"Dead Adventurer","floor":14,"gold_loss":0},{"damage_healed":0,"gold_gain":0,"player_choice":"Obtained Book","damage_taken":16,"max_hp_gain":0,"max_hp_loss":0,"event_name":"Cursed Tome","floor":19,"gold_loss":0},{"damage_healed":0,"gold_gain":0,"player_choice":"Gave Potion","damage_taken":0,"relics_obtained":["Gremlin Horn"],"max_hp_gain":0,"max_hp_loss":0,"event_name":"WeMeetAgain","floor":22,"gold_loss":0},{"damage_healed":0,"gold_gain":75,"player_choice":"Touch","damage_taken":9,"max_hp_gain":0,"max_hp_loss":0,"event_name":"FaceTrader","floor":28,"gold_loss":0},{"damage_healed":0,"gold_gain":0,"player_choice":"Copied","damage_taken":0,"max_hp_gain":0,"max_hp_loss":0,"event_name":"Duplicator","floor":37,"gold_loss":0,"cards_obtained":["Disarm"]}],"is_beta":false,"boss_relics":[{"not_picked":["Snecko Eye","Coffee Dripper"],"picked":"Empty Cage"},{"not_picked":["Calling Bell","Runic Pyramid"],"picked":"Philosopher\u0027s Stone"}],"items_purged_floors":[27,36],"is_endless":false,"potions_floor_spawned":[5,7,20,29,30,31,35],"killed_by":"Jaw Worm Horde","ascension_level":3}}