{"host":"r5m27m0hu9mtdi9d","time":1610002624,"event":{"mods":["AchievementEnabler","BaseMod","Colored Map","Colored Powertips","Highlight Path","Minty Spire (QoL Compilation)"],"gold_per_floor":[115,134,134,8,25,44,69,79,79,111,126,161,161,161,161,263,263,278,35,47,2,16,48,48,78,78,78,0,0,10,45,45,148,148,160,160,180,55,75,104,121,152,152,152,0,50,64,78,78,78],"floor_reached":51,"playtime":6576,"items_purged":["Strike_B","Strike_B","Strike_B+1"],"score":1296,"play_id":"ab72f6ef-0dae-49f0-8538-26e2f3a4d3ac","local_time":"20210107015704","is_ascension_mode":true,"campfire_choices":[{"data":"Defragment","floor":15.0,"key":"SMITH"},{"data":"Amplify","floor":24.0,"key":"SMITH"},{"data":"Defragment","floor":27.0,"key":"SMITH"},{"data":"White Noise","floor":29.0,"key":"SMITH"},{"data":"Buffer","floor":32.0,"key":"SMITH"},{"data":"Madness","floor":49.0,"key":"SMITH"}],"circlet_count":0,"master_deck":["Strike_B+1","Defend_B+1","Defend_B+1","Defend_B+1","Defend_B+1","Zap+1","Dualcast+1","Defragment+1","Defragment+1","Ball Lightning+1","Cold Snap+1","Multi-Cast+1","Hologram+1","Go for the Eyes+1","Amplify+1","Conserve Battery+1","Coolheaded+1","Buffer+1","Coolheaded+1","Defragment+1","Cold Snap+1","Redo+1","White Noise+1","Conserve Battery+1","Hologram+1","Tempest+1","Core Surge+1","Force Field+1","Buffer+1","Chill+1","Glacier+1","Madness","Madness+1","Capacitor+1"],"relics":["Cracked Core","FossilizedHelix","Art of War","Potion Belt","Gremlin Horn","Velvet Choker","Whetstone","Tiny Chest","Calipers","Frozen Egg 2","Kunai","Runic Pyramid","Mark of the Bloom","Anchor","Girya","Mummified Hand","Runic Capacitor","Nunchaku"],"acts_visited":["Exordium","TheCity","TheBeyond"],"potions_floor_usage":[50,50,50],"damage_taken":[{"damage":4.0,"enemies":"2 Louse","floor":1.0,"turns":3.0},{"damage":1.0,"enemies":"Cultist","floor":2.0,"turns":4.0},{"damage":2.0,"enemies":"Jaw Worm","floor":5.0,"turns":3.0},{"damage":7.0,"enemies":"Looter","floor":6.0,"turns":3.0},{"damage":22.0,"enemies":"Gremlin Nob","floor":7.0,"turns":4.0},{"damage":12.0,"enemies":"Lots of Slimes","floor":8.0,"turns":4.0},{"damage":0.0,"enemies":"Lagavulin","floor":10.0,"turns":5.0},{"damage":0.0,"enemies":"3 Louse","floor":11.0,"turns":3.0},{"damage":2.0,"enemies":"Gremlin Nob","floor":12.0,"turns":5.0},{"damage":0.0,"enemies":"Hexaghost","floor":16.0,"turns":9.0},{"damage":0.0,"enemies":"Spheric Guardian","floor":18.0,"turns":4.0},{"damage":19.0,"enemies":"2 Thieves","floor":20.0,"turns":5.0},{"damage":8.0,"enemies":"Snake Plant","floor":22.0,"turns":4.0},{"damage":20.0,"enemies":"Book of Stabbing","floor":23.0,"turns":7.0},{"damage":18.0,"enemies":"Slavers","floor":25.0,"turns":6.0},{"damage":0.0,"enemies":"Snecko","floor":30.0,"turns":5.0},{"damage":0.0,"enemies":"Gremlin Leader","floor":31.0,"turns":11.0},{"damage":0.0,"enemies":"Automaton","floor":33.0,"turns":15.0},{"damage":0.0,"enemies":"Orb Walker","floor":35.0,"turns":5.0},{"damage":0.0,"enemies":"3 Shapes","floor":37.0,"turns":6.0},{"damage":11.0,"enemies":"3 Darklings","floor":39.0,"turns":6.0},{"damage":0.0,"enemies":"Giant Head","floor":40.0,"turns":10.0},{"damage":7.0,"enemies":"Writhing Mass","floor":41.0,"turns":7.0},{"damage":0.0,"enemies":"Nemesis","floor":42.0,"turns":7.0},{"damage":0.0,"enemies":"Maw","floor":47.0,"turns":7.0},{"damage":0.0,"enemies":"4 Shapes","floor":48.0,"turns":5.0},{"damage":0,"enemies":"Awakened One","floor":50,"turns":7}],"seed_played":"-47969093558126519","potions_obtained":[{"floor":0.0,"key":"SpeedPotion"},{"floor":0.0,"key":"Swift Potion"},{"floor":0.0,"key":"BlessingOfTheForge"},{"floor":3.0,"key":"Regen Potion"},{"floor":7.0,"key":"ColorlessPotion"},{"floor":10.0,"key":"BlessingOfTheForge"},{"floor":11.0,"key":"DistilledChaos"},{"floor":12.0,"key":"Block Potion"},{"floor":20.0,"key":"LiquidBronze"},{"floor":25.0,"key":"LiquidMemories"},{"floor":30.0,"key":"ColorlessPotion"},{"floor":31.0,"key":"Fire Potion"},{"floor":33.0,"key":"Regen Potion"},{"floor":39.0,"key":"DuplicationPotion"},{"floor":40.0,"key":"EssenceOfDarkness"},{"floor":41.0,"key":"EssenceOfSteel"},{"floor":47.0,"key":"Block Potion"},{"floor":48.0,"key":"SteroidPotion"}],"is_trial":false,"path_per_floor":["M","M","?","$","M","M","E","M","T","E","M","E","?","?","R","B",null,"M","$","M","$","M","E","R","E","T","R","?","R","M","E","R","B",null,"M","?","M","$","M","E","M","E","T","?","$","T","M","M","R","B",null],"character_chosen":"DEFECT","items_purchased":["Ball Lightning","Whetstone","Cold Snap","Runic Capacitor"],"campfire_rested":0,"item_purchase_floors":[4,19,21,45],"current_hp_per_floor":[71,70,70,70,68,61,51,39,39,39,39,37,62,62,62,62,72,72,72,53,53,45,25,25,7,7,7,7,7,7,7,7,7,58,58,58,58,58,47,47,40,40,40,31,31,31,31,31,31,31],"gold":78,"neow_bonus":"THREE_SMALL_POTIONS","is_daily":false,"chose_seed":false,"campfire_upgraded":6,"win_rate":0.0,"timestamp":1610002624,"path_taken":["M","M","?","$","M","?","E","M","T","E","M","E","?","?","R","BOSS","M","?","M","$","M","E","R","E","T","R","?","R","M","E","R","BOSS","M","?","M","$","M","E","M","E","T","?","$","?","M","?","R","BOSS"],"items_purchased_type":["Card","Relic","Card","Relic"],"build_version":"2020-12-22","purchased_purges":3,"victory":true,"max_hp_per_floor":[75,75,75,75,75,75,75,75,75,75,75,75,75,75,75,75,75,75,75,75,75,75,75,75,75,75,75,75,75,75,75,75,75,75,75,75,75,75,75,75,75,75,75,75,75,75,75,75,75,75],"card_choices":[{"not_picked":["Cold Snap","Barrage"],"picked":"Defragment","floor":1.0},{"not_picked":["Ball Lightning","Compile Driver"],"picked":"Defragment","floor":2.0},{"not_picked":["Barrage","Lockon"],"picked":"Cold Snap","floor":5.0},{"not_picked":["Scrape","Stack"],"picked":"Multi-Cast","floor":6.0},{"not_picked":["Steam","Stack"],"picked":"Hologram","floor":7.0},{"not_picked":["Scrape","FTL"],"picked":"Go for the Eyes","floor":8.0},{"not_picked":["Streamline","Doom and Gloom"],"picked":"Amplify","floor":10.0},{"not_picked":["Sunder","Reprogram","Turbo"],"picked":"SKIP","floor":11.0},{"not_picked":["Leap","Gash"],"picked":"Conserve Battery","floor":12.0},{"not_picked":["Meteor Strike","Rainbow"],"picked":"Buffer","floor":16.0},{"not_picked":["Double Energy","Streamline"],"picked":"Coolheaded+1","floor":18.0},{"not_picked":["Hologram","Steam"],"picked":"Defragment+1","floor":20.0},{"not_picked":["Fusion+1","Barrage+1"],"picked":"Redo","floor":22.0},{"not_picked":["Hologram","Compile Driver"],"picked":"White Noise","floor":23.0},{"not_picked":["Redo","Hologram"],"picked":"Conserve Battery+1","floor":25.0},{"not_picked":["Reinforced Body+1","Barrage+1"],"picked":"Hologram","floor":30.0},{"not_picked":["Leap","Darkness"],"picked":"Tempest","floor":31.0},{"not_picked":["All For One","Machine Learning+1"],"picked":"Core Surge","floor":33.0},{"not_picked":["Stack","Chill"],"picked":"Force Field","floor":35.0},{"not_picked":["Aggregate+1","Conserve Battery+1","Compile Driver+1"],"picked":"SKIP","floor":37.0},{"not_picked":["Static Discharge+1","Turbo+1","Reprogram+1"],"picked":"SKIP","floor":39.0},{"not_picked":["Beam Cell","Undo+1"],"picked":"Buffer+1","floor":40.0},{"not_picked":["Sweeping Beam+1","Redo"],"picked":"Chill+1","floor":41.0},{"not_picked":["Undo+1","Go for the Eyes+1"],"picked":"Glacier+1","floor":42.0},{"not_picked":["Redo+1","Streamline","BootSequence"],"picked":"SKIP","floor":47.0},{"not_picked":["Sweeping Beam","Scrape"],"picked":"Capacitor+1","floor":48.0}],"player_experience":666093,"relics_obtained":[{"floor":7.0,"key":"FossilizedHelix"},{"floor":9.0,"key":"Art of War"},{"floor":10.0,"key":"Potion Belt"},{"floor":12.0,"key":"Gremlin Horn"},{"floor":23.0,"key":"Tiny Chest"},{"floor":25.0,"key":"Calipers"},{"floor":26.0,"key":"Frozen Egg 2"},{"floor":31.0,"key":"Kunai"},{"floor":40.0,"key":"Anchor"},{"floor":42.0,"key":"Girya"},{"floor":43.0,"key":"Mummified Hand"},{"floor":46.0,"key":"Nunchaku"}],"event_choices":[{"damage_healed":0.0,"max_hp_gain":0.0,"max_hp_loss":0.0,"gold_gain":0.0,"event_name":"Lab","player_choice":"Got Potions","floor":3.0,"gold_loss":0.0,"damage_taken":0.0},{"damage_healed":25.0,"max_hp_gain":0.0,"max_hp_loss":0.0,"gold_gain":0.0,"event_name":"Big Fish","player_choice":"Banana","floor":13.0,"gold_loss":0.0,"damage_taken":0.0},{"damage_healed":0.0,"max_hp_gain":0.0,"max_hp_loss":0.0,"gold_gain":0.0,"event_name":"Match and Keep!","player_choice":"1 cards matched","floor":14.0,"gold_loss":0.0,"damage_taken":0.0,"cards_obtained":["Coolheaded"]},{"damage_healed":0.0,"max_hp_gain":0.0,"max_hp_loss":0.0,"gold_gain":0.0,"event_name":"Masked Bandits","player_choice":"Paid Fearfully","floor":28.0,"gold_loss":78.0,"damage_taken":0.0},{"damage_healed":0.0,"max_hp_gain":0.0,"max_hp_loss":0.0,"gold_gain":0.0,"event_name":"MindBloom","player_choice":"Upgrade","floor":36.0,"gold_loss":0.0,"damage_taken":0.0,"cards_upgraded":["Strike_B","Strike_B","Defend_B","Defend_B","Defend_B","Defend_B","Zap","Dualcast","Multi-Cast","Hologram","Go for the Eyes","Conserve Battery","Coolheaded","Cold Snap","Redo","Hologram","Tempest","Core Surge","Force Field"],"relics_obtained":["Mark of the Bloom"]},{"damage_healed":0.0,"max_hp_gain":0.0,"max_hp_loss":0.0,"gold_gain":0.0,"event_name":"Winding Halls","player_choice":"Embrace Madness","floor":44.0,"gold_loss":0.0,"damage_taken":9.0,"cards_obtained":["Madness","Madness"]}],"is_beta":false,"boss_relics":[{"not_picked":["Empty Cage","Cursed Key"],"picked":"Velvet Choker"},{"not_picked":["Snecko Eye","Runic Dome"],"picked":"Runic Pyramid"}],"items_purged_floors":[4,19,38],"is_endless":false,"potions_floor_spawned":[5,7,10,11,12,20,25,30,31,33,39,40,41,47,48],"ascension_level":5}}