{"host":"b995t17pt6d05w8c","time":1610007774,"event":{"mods":["AchievementEnabler","BaseMod","Colored Map","Minty Spire (QoL Compilation)","SuperFastMode"],"gold_per_floor":[111,126,201,215,60,60,78,91,116,136,147,163,173,173,173,270,270,286,286,286,211,228,228,256,256,256,256,266,266,133,133,133,233,233,252,263,263,138,153,187,187,201,227,247,247,262,285,285,285,285],"floor_reached":51,"playtime":1537,"items_purged":["Strike_B","Strike_B","Strike_B"],"score":819,"play_id":"9a9ba992-2fbe-47ae-858d-3a2cba2ba13b","local_time":"20210107172254","is_ascension_mode":true,"campfire_choices":[{"data":"Zap","floor":6.0,"key":"SMITH"},{"data":"Consume","floor":15.0,"key":"SMITH"},{"data":"Buffer","floor":23.0,"key":"SMITH"},{"data":"Echo Form","floor":25.0,"key":"SMITH"},{"data":"Coolheaded","floor":27.0,"key":"SMITH"},{"data":"Capacitor","floor":29.0,"key":"SMITH"},{"data":"Heatsinks","floor":32.0,"key":"SMITH"},{"data":"Darkness","floor":41.0,"key":"SMITH"},{"data":"Dualcast","floor":45.0,"key":"SMITH"},{"floor":49,"key":"REST"}],"circlet_count":0,"master_deck":["Defend_B","Defend_B","Defend_B","Defend_B","Zap+1","Dualcast+1","Leap","Cold Snap","Capacitor","Consume+1","Compile Driver","Conserve Battery","Capacitor+1","Coolheaded+1","Buffer+1","Undo","Ball Lightning","Echo Form+1","Go for the Eyes+1","Rebound","Turbo+1","Heatsinks+1","Electrodynamics","Darkness+1","Defragment+1","Echo Form","Flash of Steel"],"relics":["Cracked Core","Pen Nib","Orrery","Art of War","Letter Opener","Philosopher\u0027s Stone","PreservedInsect","Potion Belt","SacredBark","Bag of Marbles","Strawberry","Akabeko"],"acts_visited":["TheCity","TheBeyond"],"potions_floor_usage":[50,50],"damage_taken":[{"damage":2.0,"enemies":"Jaw Worm","floor":1.0,"turns":3.0},{"damage":1.0,"enemies":"Cultist","floor":2.0,"turns":3.0},{"damage":0.0,"enemies":"2 Louse","floor":4.0,"turns":1.0},{"damage":3.0,"enemies":"Exordium Wildlife","floor":7.0,"turns":4.0},{"damage":9.0,"enemies":"Lots of Slimes","floor":8.0,"turns":4.0},{"damage":0.0,"enemies":"Blue Slaver","floor":10.0,"turns":4.0},{"damage":0.0,"enemies":"Looter","floor":11.0,"turns":3.0},{"damage":21.0,"enemies":"Exordium Thugs","floor":12.0,"turns":4.0},{"damage":12.0,"enemies":"2 Fungi Beasts","floor":13.0,"turns":6.0},{"damage":7.0,"enemies":"Slime Boss","floor":16.0,"turns":7.0},{"damage":0.0,"enemies":"Chosen","floor":18.0,"turns":6.0},{"damage":12.0,"enemies":"Spheric Guardian","floor":22.0,"turns":4.0},{"damage":22.0,"enemies":"Book of Stabbing","floor":24.0,"turns":7.0},{"damage":14.0,"enemies":"Shelled Parasite and Fungi","floor":28.0,"turns":6.0},{"damage":11.0,"enemies":"Champ","floor":33.0,"turns":9.0},{"damage":7.0,"enemies":"Orb Walker","floor":35.0,"turns":5.0},{"damage":14.0,"enemies":"3 Shapes","floor":36.0,"turns":4.0},{"damage":12.0,"enemies":"Spire Growth","floor":39.0,"turns":6.0},{"damage":1.0,"enemies":"Giant Head","floor":40.0,"turns":8.0},{"damage":5.0,"enemies":"Sphere and 2 Shapes","floor":42.0,"turns":3.0},{"damage":1.0,"enemies":"Jaw Worm Horde","floor":44.0,"turns":4.0},{"damage":28.0,"enemies":"Writhing Mass","floor":46.0,"turns":7.0},{"damage":61,"enemies":"Awakened One","floor":50,"turns":11}],"seed_played":"7347583575600748331","potions_obtained":[{"floor":2.0,"key":"FairyPotion"},{"floor":7.0,"key":"BlessingOfTheForge"},{"floor":8.0,"key":"SkillPotion"},{"floor":16.0,"key":"Explosive Potion"},{"floor":24.0,"key":"PotionOfCapacity"},{"floor":28.0,"key":"Block Potion"},{"floor":39.0,"key":"SpeedPotion"},{"floor":40.0,"key":"Block Potion"},{"floor":46.0,"key":"Block Potion"}],"is_trial":false,"path_per_floor":["M","M","?","M","$","R","M","M","T","M","M","M","M","T","R","B",null,"M","?","?","$","M","R","E","R","T","R","M","R","$","?","R","B",null,"M","M","?","$","M","E","R","M","T","M","R","M","T","?","R","B",null],"character_chosen":"DEFECT","items_purchased":["Orrery","Heatsinks"],"campfire_rested":1,"item_purchase_floors":[5,30],"current_hp_per_floor":[73,72,65,65,65,65,62,53,53,53,53,32,20,20,20,13,75,75,75,75,75,63,63,41,41,41,41,27,27,27,27,27,16,75,68,54,54,54,42,41,41,36,43,42,42,14,14,14,38,27],"gold":285,"neow_bonus":"RANDOM_COMMON_RELIC","is_daily":false,"chose_seed":false,"campfire_upgraded":9,"win_rate":0.0,"timestamp":1610007774,"path_taken":["M","M","?","M","$","R","M","?","T","M","?","M","M","?","R","BOSS","M","?","?","$","M","R","E","R","T","R","?","R","$","?","R","BOSS","M","M","?","$","M","E","R","M","T","M","R","M","?","?","R","BOSS"],"items_purchased_type":["Relic","Card"],"build_version":"2020-12-22","purchased_purges":3,"victory":true,"max_hp_per_floor":[75,75,75,75,75,75,75,75,75,75,75,75,75,75,75,75,75,75,75,75,75,75,75,75,75,75,75,75,75,75,75,75,75,75,75,75,75,75,75,75,75,75,82,82,82,82,82,82,82,82],"card_choices":[{"not_picked":["Steam","Leap","Stack"],"picked":"SKIP","floor":1.0},{"not_picked":["Turbo","Streamline"],"picked":"Leap","floor":2.0},{"not_picked":["Rebound","Reinforced Body"],"picked":"Cold Snap","floor":4.0},{"not_picked":["Melter","Conserve Battery"],"picked":"Capacitor","floor":5.0},{"not_picked":["Rebound","Redo"],"picked":"Consume","floor":5.0},{"not_picked":["Stack","Self Repair"],"picked":"Compile Driver","floor":5.0},{"not_picked":["Blizzard","Beam Cell"],"picked":"Conserve Battery","floor":5.0},{"not_picked":["Streamline","Stack","Leap"],"picked":"SKIP","floor":7.0},{"not_picked":["Turbo","Reboot"],"picked":"Capacitor","floor":8.0},{"not_picked":["Leap","Undo"],"picked":"Coolheaded","floor":10.0},{"not_picked":["Conserve Battery","Gash"],"picked":"Buffer","floor":11.0},{"not_picked":["Streamline","Ball Lightning"],"picked":"Undo","floor":12.0},{"not_picked":["Steam Power","Sweeping Beam"],"picked":"Ball Lightning","floor":13.0},{"not_picked":["Hyperbeam","Rainbow"],"picked":"Echo Form","floor":16.0},{"not_picked":["Static Discharge","Force Field+1"],"picked":"Go for the Eyes+1","floor":18.0},{"not_picked":["Cold Snap","Lockon","Coolheaded"],"picked":"SKIP","floor":22.0},{"not_picked":["Cold Snap","Lockon","Coolheaded"],"picked":"SKIP","floor":22.0},{"not_picked":["Coolheaded","Force Field","Beam Cell+1"],"picked":"SKIP","floor":24.0},{"not_picked":["Undo","Streamline"],"picked":"Turbo+1","floor":28.0},{"not_picked":["Echo Form","Rainbow"],"picked":"Electrodynamics","floor":33.0},{"not_picked":["Cold Snap+1","Compile Driver+1","Steam+1"],"picked":"SKIP","floor":35.0},{"not_picked":["Melter+1","Conserve Battery","Cold Snap"],"picked":"SKIP","floor":36.0},{"not_picked":["Ball Lightning","Rip and Tear","Rebound+1"],"picked":"SKIP","floor":39.0},{"not_picked":["Rainbow","Scrape"],"picked":"Darkness","floor":40.0},{"not_picked":["Rebound+1","Rip and Tear+1","Streamline"],"picked":"SKIP","floor":42.0},{"not_picked":["Beam Cell+1","Rebound","Leap+1"],"picked":"SKIP","floor":44.0},{"not_picked":["Cold Snap","Reinforced Body+1"],"picked":"Defragment+1","floor":46.0}],"player_experience":34209,"relics_obtained":[{"floor":9.0,"key":"Art of War"},{"floor":14.0,"key":"Letter Opener"},{"floor":24.0,"key":"PreservedInsect"},{"floor":26.0,"key":"Potion Belt"},{"floor":40.0,"key":"Bag of Marbles"},{"floor":43.0,"key":"Strawberry"},{"floor":47.0,"key":"Akabeko"}],"event_choices":[{"damage_healed":0.0,"max_hp_gain":0.0,"max_hp_loss":0.0,"gold_gain":75.0,"event_name":"FaceTrader","player_choice":"Touch","floor":3.0,"gold_loss":0.0,"damage_taken":7.0},{"damage_healed":0.0,"max_hp_gain":0.0,"max_hp_loss":0.0,"gold_gain":0.0,"event_name":"Vampires","player_choice":"Ignored","floor":19.0,"gold_loss":0.0,"damage_taken":0.0},{"damage_healed":0.0,"max_hp_gain":0.0,"max_hp_loss":0.0,"gold_gain":0.0,"cards_transformed":["Strike_B"],"event_name":"Transmorgrifier","player_choice":"Transformed","floor":20.0,"gold_loss":0.0,"damage_taken":0.0,"cards_obtained":["Rebound"]},{"damage_healed":0.0,"max_hp_gain":0.0,"max_hp_loss":0.0,"gold_gain":0.0,"event_name":"The Mausoleum","player_choice":"Ignored","floor":31.0,"gold_loss":0.0,"damage_taken":0.0},{"damage_healed":0.0,"max_hp_gain":0.0,"max_hp_loss":0.0,"gold_gain":0.0,"event_name":"Tomb of Lord Red Mask","player_choice":"Ignored","floor":37.0,"gold_loss":0.0,"damage_taken":0.0},{"damage_healed":0,"gold_gain":0,"player_choice":"2 cards matched","damage_taken":0,"max_hp_gain":0,"max_hp_loss":0,"event_name":"Match and Keep!","floor":48,"gold_loss":0,"cards_obtained":["Echo Form","Flash of Steel"]}],"is_beta":false,"boss_relics":[{"not_picked":["Calling Bell","Sozu"],"picked":"Philosopher\u0027s Stone"},{"not_picked":["Pandora\u0027s Box","Runic Dome"],"picked":"SacredBark"}],"items_purged_floors":[21,30,38],"is_endless":false,"potions_floor_spawned":[2,7,8,10,13,16,24,28,39,40,46],"ascension_level":4}}