{"host":"otpq774ahyuppuo7","time":1610023832,"event":{"mods":["AchievementEnabler","BaseMod","Conspire","Duelist Mod","GifTheSpireLib","Minty Spire (QoL Compilation)","Replay The Spire","StSLib"],"gold_per_floor":[136,203,203,241,241,241,288,323,348,379,430,18,33,86,86,202,202,238,271,271,271,310,310,233,260,260,260,260,185,220,257,257,355,355,370,389,439,129,180,180,226,226,226,226,273,273,306,320,320,340,340,340,87,112,132],"floor_reached":56,"playtime":4730,"items_purged":["Amnesia"],"score":1511,"play_id":"0fc71a01-dbb2-432e-b28b-3f6b80aee227","local_time":"20210108015032","is_ascension_mode":false,"campfire_choices":[{"floor":6,"key":"RECALL"},{"data":"theDuelist:LegendaryOcean","floor":15,"key":"SMITH"},{"data":"theDuelist:HammerShot","floor":23,"key":"SMITH"},{"data":"theDuelist:SeaLordAmulet","floor":28,"key":"SMITH"},{"data":"theDuelist:Umi","floor":40,"key":"SMITH"},{"floor":42,"key":"REST"},{"data":"theDuelist:EvigishkiGustkraken","floor":49,"key":"SMITH"},{"data":"theDuelist:Nameless:Power:SpiralSpearStrike+1","floor":52,"key":"SMITH"}],"circlet_count":0,"master_deck":["theDuelist:SevenColoredFish+1","theDuelist:SevenColoredFish+1","theDuelist:AquaSpirit+1","theDuelist:CastleWalls+1","theDuelist:IslandTurtle+1","theDuelist:IslandTurtle+1","theDuelist:RevivalJam+1","theDuelist:Sparks+1","theDuelist:Sparks+1","theDuelist:Cryomancer+1","theDuelist:LegendaryOcean+1","theDuelist:Nameless:Power:SpiralSpearStrike+2","theDuelist:Nameless:Greed:AncientGearBox+1","theDuelist:DuelistAscender","theDuelist:Cryomancer+1","theDuelist:Fissure+1","theDuelist:HammerShot+1","theDuelist:Monokeros+1","theDuelist:EvigishkiGustkraken+1","theDuelist:GamecieltheSeaTurtleKaiju+1","theDuelist:Skystarray+1","theDuelist:Fissure+1","theDuelist:IceHand+1","theDuelist:SmashingGround+1","theDuelist:LeviaDragon+1","theDuelist:SwampFrog+1","theDuelist:Monokeros+1","theDuelist:Hyosube+1","theDuelist:HydraViper+1","Flash of Steel+1","theDuelist:Monokeros+1","theDuelist:Umi+1","theDuelist:SwampFrog+1","Madness+1","Madness+1","theDuelist:EvigishkiMindAugus+1","theDuelist:ImperialOrder+1","theDuelist:GraydleAlligator+1","theDuelist:SharkStickers","theDuelist:AquaSnake+1","theDuelist:Fissure+1"],"relics":["theDuelist:MillenniumPuzzle","theDuelist:CardPoolRelic","theDuelist:CardPoolBasicRelic","theDuelist:BoosterPackPoolRelic","theDuelist:CardPoolAddRelic","theDuelist:CardPoolMinusRelic","theDuelist:CardPoolSaveRelic","theDuelist:CardPoolOptionsRelic","Centennial Puzzle","Bag of Preparation","Replay:Rubber Ducky","Bag of Marbles","Replay:Ringing Soul","Brimstone","Anchor","ChewingGum","PreservedInsect","Ring of Fury","Molten Egg 2","Empty Cage","theDuelist:DuelistUrn","conspire:GiftBox","Self Forming Clay","Gremlin Horn","Replay:Kaleidoscope","Bottled Tornado","Lantern","Snake Skull"],"acts_visited":["TheCity","TheBeyond","TheEnding"],"potions_floor_usage":[35,37,55,55],"damage_taken":[{"damage":8.0,"enemies":"Jaw Worm","floor":1.0,"turns":3.0},{"damage":3,"enemies":"Small Slimes","floor":4,"turns":3},{"damage":16,"enemies":"Lagavulin","floor":7,"turns":7},{"damage":0,"enemies":"2 Louse","floor":8,"turns":2},{"damage":10,"enemies":"Exordium Thugs","floor":10,"turns":4},{"damage":5,"enemies":"3 Sentries","floor":11,"turns":4},{"damage":0,"enemies":"conspire:2 RoseBushes","floor":13,"turns":1},{"damage":2,"enemies":"Lagavulin","floor":14,"turns":3},{"damage":0,"enemies":"Fading Forest","floor":16,"turns":11},{"damage":0,"enemies":"conspire:FuzzyDice","floor":18,"turns":1},{"damage":0,"enemies":"Shell Parasite","floor":19,"turns":3},{"damage":5,"enemies":"Centurion and Healer","floor":22,"turns":2},{"damage":5,"enemies":"Replay:Snechameleon","floor":25,"turns":3},{"damage":0,"enemies":"Slavers","floor":30,"turns":1},{"damage":0,"enemies":"Snecko","floor":31,"turns":3},{"damage":28,"enemies":"Collector","floor":33,"turns":3},{"damage":10,"enemies":"3 Darklings","floor":35,"turns":3},{"damage":0,"enemies":"Orb Walker","floor":36,"turns":1},{"damage":0,"enemies":"Mind Bloom Boss Battle","floor":37,"turns":3},{"damage":16,"enemies":"conspire:MimicChest","floor":39,"turns":4},{"damage":21,"enemies":"R_Hoarder","floor":41,"turns":3},{"damage":5,"enemies":"Nemesis","floor":45,"turns":4},{"damage":0,"enemies":"Maw","floor":47,"turns":4},{"damage":3,"enemies":"Sphere and 2 Shapes","floor":48,"turns":1},{"damage":0,"enemies":"Donu and Deca","floor":50,"turns":4},{"damage":0,"enemies":"Shield and Spear","floor":54,"turns":2},{"damage":57,"enemies":"The Heart","floor":55,"turns":4}],"seed_played":"5662038962092087721","potions_obtained":[{"floor":8,"key":"Block Potion"},{"floor":10,"key":"Venom Potion"},{"floor":14,"key":"theDuelist:SealedPackC"},{"floor":19,"key":"PowerPotion"},{"floor":37,"key":"Regen Potion"},{"floor":45,"key":"AttackPotion"}],"is_trial":false,"path_per_floor":["M","?","?","M","?","R","E","M","T","M","E","$","M","E","R","B",null,"M","M","?","?","M","R","$","E","T","?","R","$","E","M","R","B",null,"M","M","?","$","?","R","E","R","T","?","E","$","M","M","R","B",null,"R","$","E","B",null],"character_chosen":"THE_DUELIST","items_purchased":["Replay:Ringing Soul","Brimstone","theDuelist:LeviaDragon","conspire:GiftBox","Lantern","theDuelist:SharkStickers","theDuelist:AquaSnake+1"],"campfire_rested":1,"item_purchase_floors":[12,12,24,38,53,53,53],"current_hp_per_floor":[80,80,92,89,89,89,73,73,73,63,58,58,61,62,62,65,109,112,115,115,118,116,116,119,114,114,117,117,117,120,123,126,101,139,132,135,165,168,155,155,137,184,184,164,164,164,167,167,167,169,196,196,199,202,145],"gold":132,"neow_bonus":"TEN_PERCENT_HP_BONUS","is_daily":false,"chose_seed":false,"campfire_upgraded":6,"win_rate":0.0,"timestamp":1610023832,"path_taken":["M","?","?","?","?","R","E","M","T","M","E","$","M","E","R","BOSS","M","M","?","?","?","R","$","E","T","?","R","$","E","M","R","BOSS","M","M","?","$","?","R","E","R","T","?","E","?","M","?","R","BOSS","R","$","E","BOSS"],"items_purchased_type":["Relic","Relic","Card","Relic","Relic","Card","Card"],"build_version":"2020-12-22","purchased_purges":1,"victory":true,"max_hp_per_floor":[88,88,100,100,100,100,100,100,100,100,100,100,103,106,106,109,109,112,115,115,118,121,121,124,124,124,127,127,127,130,133,136,139,139,142,145,175,178,181,181,184,184,184,187,190,190,193,196,196,196,196,196,199,202,202],"card_choices":[{"not_picked":["theDuelist:Skystarray","theDuelist:GraydleAlligator","theDuelist:BigWhale","theDuelist:FrillerRabca"],"picked":"theDuelist:Cryomancer","floor":1},{"not_picked":["theDuelist:DiamondDust","theDuelist:FishSwaps","theDuelist:WaterHazard","theDuelist:Umi"],"picked":"theDuelist:LegendaryOcean","floor":2},{"not_picked":["theDuelist:Dorover","theDuelist:DeepseaShark","theDuelist:GishkiBeast","theDuelist:GraydleCobra"],"picked":"theDuelist:Cryomancer","floor":4},{"not_picked":["theDuelist:LightningVortex","theDuelist:BattleOx","theDuelist:GilfordLegend","theDuelist:GishkiMarker"],"picked":"theDuelist:Fissure","floor":7},{"not_picked":["theDuelist:Dorover","theDuelist:EnchantingMermaid","theDuelist:BlizzardThunderbird","theDuelist:GishkiBeast","theDuelist:HighTideGyojin"],"picked":"SKIP","floor":8},{"not_picked":["theDuelist:BlizzardDefender","theDuelist:Fissure","theDuelist:GishkiMarker","theDuelist:BattleOx"],"picked":"theDuelist:HammerShot","floor":10},{"not_picked":["theDuelist:AquaactressArowana","theDuelist:EvigishkiLevianima","theDuelist:FishborgArcher","theDuelist:LostBlueBreaker"],"picked":"theDuelist:Monokeros","floor":11},{"not_picked":["theDuelist:Boneheimer","theDuelist:BoulderTortoise","theDuelist:Dewdark","theDuelist:HydraViper"],"picked":"theDuelist:EvigishkiGustkraken","floor":13},{"not_picked":["theDuelist:CorrodingShark","theDuelist:KoakiMeiruIce","theDuelist:WaterSpirit","theDuelist:AmphibiousBugroth"],"picked":"theDuelist:FishborgLauncher","floor":14},{"not_picked":["theDuelist:AquaactressArowana","theDuelist:FishborgArcher","theDuelist:SplashCapture","theDuelist:TorrentialReborn"],"picked":"theDuelist:GamecieltheSeaTurtleKaiju","floor":16},{"not_picked":["theDuelist:AbyssWarrior","theDuelist:OldWhiteTurtle+1","theDuelist:AbyssDweller","theDuelist:GemKnightAmethyst"],"picked":"theDuelist:Skystarray","floor":18},{"not_picked":["theDuelist:BattleOx","theDuelist:BlizzardDefender","theDuelist:GilfordLegend","theDuelist:HammerShot"],"picked":"theDuelist:Fissure+1","floor":19},{"not_picked":["theDuelist:LightningVortex+1","theDuelist:Fissure","theDuelist:GilfordLegend","theDuelist:SolemnStrike"],"picked":"theDuelist:SmashingGround+1","floor":22},{"not_picked":["theDuelist:HighTideGyojin","theDuelist:NimbleManta","theDuelist:ToadallyAwesome","theDuelist:BigWaveSmallWave","theDuelist:LiquidBeast"],"picked":"SKIP","floor":25},{"not_picked":["theDuelist:IslandTurtle","theDuelist:EvigishkiGustkraken+1","theDuelist:TerrorkingSalmon+1","theDuelist:Cryomancer"],"picked":"theDuelist:SwampFrog+1","floor":30},{"not_picked":["theDuelist:OneForOne+1","theDuelist:SphereKuriboh","theDuelist:DianKeto+1","theDuelist:RedMedicine+1"],"picked":"theDuelist:DestructPotion+1","floor":31},{"not_picked":["theDuelist:AquaactressArowana+1","theDuelist:AtlanteanAttackSquad+1","theDuelist:DewlorenTigerKing+1","theDuelist:MermailAbyssalacia+1"],"picked":"theDuelist:Monokeros","floor":33},{"not_picked":["theDuelist:GishkiBeast+1","theDuelist:BigWhale+1","theDuelist:CannonballSpearShellfish+1","theDuelist:FuriousSeaKing+1"],"picked":"theDuelist:Hyosube+1","floor":35},{"not_picked":["theDuelist:AbyssWarrior+1","theDuelist:EagleShark+1","theDuelist:GishkiBeast+1","theDuelist:SpikedGillman+1"],"picked":"theDuelist:HydraViper+1","floor":36},{"not_picked":["Blind","Magnetism","PanicButton"],"picked":"Flash of Steel+1","floor":37},{"not_picked":["theDuelist:EvigishkiLevianima","theDuelist:MorayGreed"],"picked":"theDuelist:Monokeros","floor":38},{"not_picked":["theDuelist:SpearfishSoldier+1","theDuelist:CallAtlanteans","theDuelist:IslandTurtle","theDuelist:MermaidKnight+1"],"picked":"theDuelist:Umi","floor":39},{"not_picked":["theDuelist:Dewdark+1","theDuelist:GiantTurtle","theDuelist:EagleShark+1","theDuelist:CallAtlanteans+1"],"picked":"theDuelist:SwampFrog+1","floor":41},{"not_picked":["theDuelist:BubbleBringer+1","theDuelist:GoldenFlyingFish+1","theDuelist:NimbleManta+1","theDuelist:Wingedtortoise+1"],"picked":"theDuelist:EvigishkiMindAugus+1","floor":45},{"not_picked":["theDuelist:BlizzardDefender+1","theDuelist:Fissure+1","theDuelist:DianKeto+3","theDuelist:Reload"],"picked":"theDuelist:ImperialOrder+1","floor":47},{"not_picked":["theDuelist:AbyssWarrior+1","theDuelist:SwampFrog+1","theDuelist:GiantTurtle+1","theDuelist:Hyosube+1"],"picked":"theDuelist:GraydleAlligator+1","floor":48},{"not_picked":["theDuelist:BarrierStatue+1","theDuelist:BabyDragon+1","theDuelist:ForbiddenChalice+1","theDuelist:ChangeHeart+1"],"picked":"theDuelist:Fissure+1","floor":54}],"player_experience":484684,"relics_obtained":[{"floor":2,"key":"Centennial Puzzle"},{"floor":7,"key":"Bag of Preparation"},{"floor":9,"key":"Replay:Rubber Ducky"},{"floor":11,"key":"Bag of Marbles"},{"floor":14,"key":"Anchor"},{"floor":25,"key":"PreservedInsect"},{"floor":27,"key":"Ring of Fury"},{"floor":30,"key":"Molten Egg 2"},{"floor":37,"key":"theDuelist:DuelistUrn"},{"floor":39,"key":"Self Forming Clay"},{"floor":41,"key":"Gremlin Horn"},{"floor":43,"key":"Replay:Kaleidoscope"},{"floor":45,"key":"Bottled Tornado"},{"floor":54,"key":"Snake Skull"}],"event_choices":[{"power_reward":4,"total_magic_score":25,"gold_gain":0,"greed_reward":4,"duelist":true,"damage_taken":0,"relics_obtained":[],"points":9,"max_hp_gain":12,"max_hp_loss":0,"spent_points":{"magic":0,"greed":4,"war":0,"power":4,"hunger":1},"event_name":"Nameless Tomb","hunger_reward":1,"floor":3,"gold_loss":0,"cards_obtained":["theDuelist:Nameless:Power:SpiralSpearStrike","theDuelist:Nameless:Greed:AncientGearBox","theDuelist:DuelistAscender"]},{"damage_healed":0,"gold_gain":0,"player_choice":"Leave","damage_taken":0,"max_hp_gain":0,"max_hp_loss":0,"event_name":"conspire:Investor","floor":5,"gold_loss":0},{"damage_healed":0,"gold_gain":0,"player_choice":"Leave","duelist":true,"damage_taken":0,"max_hp_gain":0,"max_hp_loss":0,"event_name":"Tomb of the Nameless","floor":20,"gold_loss":0},{"damage_healed":0,"gold_gain":0,"player_choice":"2 cards matched","damage_taken":0,"max_hp_gain":0,"max_hp_loss":0,"event_name":"Match and Keep!","floor":21,"gold_loss":0,"cards_obtained":["theDuelist:SeaLordAmulet","theDuelist:IceHand"]},{"damage_healed":0,"gold_gain":0,"player_choice":"Fight","damage_taken":0,"max_hp_gain":0,"max_hp_loss":0,"event_name":"MindBloom","floor":37,"gold_loss":0},{"damage_healed":0,"gold_gain":0,"player_choice":"Embrace Madness","damage_taken":23,"max_hp_gain":0,"max_hp_loss":0,"event_name":"Winding Halls","floor":44,"gold_loss":0,"cards_obtained":["Madness","Madness"]}],"is_beta":false,"boss_relics":[{"not_picked":["HoveringKite","Ring of Chaos"],"picked":"ChewingGum"},{"not_picked":["theDuelist:GamblerChip","conspire:RunicOctahedron"],"picked":"Empty Cage"}],"items_purged_floors":[29],"is_endless":false,"potions_floor_spawned":[8,10,14,16,19,22,33,37,45,47,48,54],"ascension_level":0}}