{"host":"mzux6mbdh1dk0tma","time":1610031689,"event":{"mods":["BaseMod","Block Reminder","Colored Map","Downfall","Evolution","GungeonMod","Highlight Path","Minty Spire (QoL Compilation)","Replay The Spire","Shop Mod","StSLib","The Cursed","The Servant 0.9.4"],"gold_per_floor":[119,119,135,66,84,84,101,101,101,116,46,72,85,104,104,204,204,221,321,333,349,349,349],"floor_reached":22,"playtime":1745,"items_purged":[],"score":215,"play_id":"d2fe3b2f-a833-46bd-af75-ef81a2e91468","local_time":"20210107100129","is_ascension_mode":false,"campfire_choices":[{"floor":6,"key":"RECALL"},{"data":"TheCursedMod:HellfireBreathing","floor":8,"key":"SMITH"},{"floor":15,"key":"REST"}],"circlet_count":0,"master_deck":["TheCursedMod:TacticalStrike","TheCursedMod:TacticalStrike","TheCursedMod:TacticalStrike","TheCursedMod:TacticalStrike","TheCursedMod:RapidMovement","TheCursedMod:RapidMovement","TheCursedMod:Defend_TheCursed","TheCursedMod:CursedWand","TheCursedMod:CleanUpWorkshop","TheCursedMod:Dregs","TheCursedMod:WearCloak","TheCursedMod:FleshFromBone","TheCursedMod:LuckyCharm","TheCursedMod:CircleOfFlame","TheCursedMod:HellfireBreathing+1","TheCursedMod:CursedShiv","TheCursedMod:HellfireBreathing","TheCursedMod:SpitefulStrike","TheCursedMod:SpitefulPlan","TheCursedMod:TroublousMinions","TheCursedMod:ParallelWorld","TheCursedMod:TroublousMinions+1","TheCursedMod:CursedShiv","TheCursedMod:CursedSpellbook"],"relics":["TheCursedMod:BlackMagic101","EVO:Axolotl","NeowsBlessing","ReplayTheSpireMod:Lightbulb","Runic Pyramid"],"acts_visited":["Exordium","TheCity"],"potions_floor_usage":[16,16,16,21],"damage_taken":[{"damage":0,"enemies":"Jaw Worm","floor":1,"turns":1},{"damage":0,"enemies":"Cultist","floor":3,"turns":1},{"damage":0,"enemies":"2 Louse","floor":5,"turns":1},{"damage":0,"enemies":"Blue Slaver","floor":7,"turns":4},{"damage":8,"enemies":"Exordium Wildlife","floor":10,"turns":3},{"damage":8,"enemies":"Lagavulin","floor":12,"turns":6},{"damage":0,"enemies":"Red Slaver","floor":13,"turns":4},{"damage":10,"enemies":"Looter","floor":14,"turns":3},{"damage":9,"enemies":"The Guardian","floor":16,"turns":8},{"damage":5,"enemies":"3 Byrds","floor":18,"turns":5},{"damage":13,"enemies":"Chosen","floor":20,"turns":7},{"damage":9,"enemies":"Snake Plant","floor":21,"turns":6},{"damage":68,"enemies":"Snecko","floor":22,"turns":8}],"seed_played":"7639268449503048498","potions_obtained":[{"floor":5,"key":"BlessingOfTheForge"},{"floor":12,"key":"Fire Potion"},{"floor":13,"key":"SkillPotion"},{"floor":16,"key":"Block Potion"}],"is_trial":false,"path_per_floor":["M","?","M","$","M","R","M","R","T","M","$","E","M","M","R","B",null,"M","?","M","M","M"],"character_chosen":"THE_CURSED","items_purchased":["TheCursedMod:LuckyCharm","TheCursedMod:HellfireBreathing"],"campfire_rested":1,"item_purchase_floors":[4,11],"current_hp_per_floor":[75,75,75,75,75,75,75,75,75,67,67,59,59,49,71,62,75,70,70,57,48,0,0],"gold":349,"neow_bonus":"THREE_ENEMY_KILL","is_daily":false,"chose_seed":false,"campfire_upgraded":1,"win_rate":0.0,"timestamp":1610031689,"path_taken":["M","?","M","$","M","R","M","R","T","M","?","E","M","M","R","BOSS","M","?","M","M","?"],"items_purchased_type":["Card","Card"],"build_version":"2020-12-22","purchased_purges":0,"victory":false,"max_hp_per_floor":[75,75,75,75,75,75,75,75,75,75,75,75,75,75,75,75,75,75,75,75,75,75,75],"card_choices":[{"not_picked":["TheCursedMod:CursedShiv","TheCursedMod:RavingStaff"],"picked":"TheCursedMod:WearCloak","floor":1},{"not_picked":["TheCursedMod:Stretching","TheCursedMod:VitalStrike"],"picked":"TheCursedMod:FleshFromBone","floor":3},{"not_picked":["TheCursedMod:CircleOfFocus","TheCursedMod:CursedShiv"],"picked":"TheCursedMod:CircleOfFlame","floor":5},{"not_picked":["TheCursedMod:CursedStaff","TheCursedMod:HellsGateOpen"],"picked":"TheCursedMod:HellfireBreathing","floor":7},{"not_picked":["TheCursedMod:Neurasthenia","TheCursedMod:CircleOfFocus"],"picked":"TheCursedMod:CursedShiv","floor":10},{"not_picked":["TheCursedMod:FleshFromBone","TheCursedMod:CursedStaff"],"picked":"TheCursedMod:SpitefulStrike","floor":12},{"not_picked":["TheCursedMod:CircleOfWindfury","TheCursedMod:DoubleShield"],"picked":"TheCursedMod:SpitefulPlan","floor":13},{"not_picked":["TheCursedMod:PrepareRite","TheCursedMod:FuryStrike"],"picked":"TheCursedMod:TroublousMinions","floor":14},{"not_picked":["TheCursedMod:DarkBarrier","TheCursedMod:StunningStrike"],"picked":"TheCursedMod:ParallelWorld","floor":16},{"not_picked":["TheCursedMod:CircleOfFlame","TheCursedMod:TacticalStrike+1"],"picked":"TheCursedMod:TroublousMinions+1","floor":18},{"not_picked":["TheCursedMod:RavingStaff","TheCursedMod:FleshFromBone"],"picked":"TheCursedMod:CursedShiv","floor":20},{"not_picked":["TheCursedMod:CursedMace","TheCursedMod:RavingStaff"],"picked":"TheCursedMod:CursedSpellbook","floor":21}],"player_experience":61520,"relics_obtained":[{"floor":12,"key":"ReplayTheSpireMod:Lightbulb"}],"event_choices":[{"cards_removed":["TheCursedMod:RapidMovement"],"damage_healed":5,"gold_gain":0,"player_choice":"Offered Common","damage_taken":0,"max_hp_gain":0,"max_hp_loss":0,"event_name":"Bonfire Elementals","floor":2,"gold_loss":0},{"cards_removed":["TheCursedMod:RapidMovement"],"damage_healed":5,"gold_gain":0,"player_choice":"Offered Special","damage_taken":0,"max_hp_gain":0,"max_hp_loss":0,"event_name":"Bonfire Elementals","floor":2,"gold_loss":0},{"damage_healed":0,"gold_gain":100,"player_choice":"Pray","damage_taken":0,"max_hp_gain":0,"max_hp_loss":0,"event_name":"Golden Shrine","floor":19,"gold_loss":0}],"is_beta":false,"boss_relics":[{"not_picked":["Runic Dome","Kintsugi"],"picked":"Runic Pyramid"}],"items_purged_floors":[],"is_endless":false,"potions_floor_spawned":[5,12,13,14,16],"killed_by":"Snecko","ascension_level":0}}