{"host":"yassvrowvc2yfwp2","time":1610018156,"event":{"mods":["2.2 Compatiblity","Act Like it!","BaseMod","Better Note","Downfall","HololiveMod","Jorbs\u0027s Wanderer Trilogy","Minty Spire (QoL Compilation)","Prisma Mod","Rare Cards Sparkle","Reimu£®≤©¿ˆ¡È√Œ£©","Replay The Spire","Spicy Shops","StSLib","The Bug Knight","The Cursed","The Servant 0.9.4"],"gold_per_floor":[114,114,129,89,104,104,134,149,174,99,129,144,159,189,189,289,289,304,4,4,19,34,34,64,64,64,103,127,160,190,115,115,224,224,248,281,305,314,338,377,377,377,377,377,127,166,199,223,223,223],"floor_reached":51,"playtime":2643,"items_purged":[],"score":1164,"play_id":"6313d0cf-5cdc-4838-8a4b-c30d667461e7","local_time":"20210107191556","daily_mods":["Shiny","Hoarder","DeadlyEvents"],"is_ascension_mode":false,"campfire_choices":[{"data":"Slimebound:Recycling","floor":6,"key":"SMITH"},{"data":"Slimebound:TagTeam","floor":15,"key":"SMITH"},{"data":"Slimebound:MassFeed","floor":23,"key":"SMITH"},{"data":"Slimebound:MassRepurpose","floor":25,"key":"SMITH"},{"data":"Slimebound:OneTwoCombo","floor":32,"key":"SMITH"},{"data":"Slimebound:OneTwoCombo","floor":42,"key":"SMITH"},{"data":"Slimebound:OneTwoCombo","floor":44,"key":"SMITH"},{"data":"Slimebound:OneTwoCombo","floor":49,"key":"SMITH"}],"circlet_count":0,"master_deck":["Slimebound:Darklings","Slimebound:SelfFormingGoo+1","Slimebound:Teamwork","Slimebound:CheckThePlaybook","Slimebound:PrepareCrush","Slimebound:DuplicatedForm","Slimebound:SlimeSlap","Slimebound:Recycling+1","Slimebound:RallyTheTroops+1","Slimebound:MassRepurpose+1","Slimebound:DouseInSlime","Slimebound:LeechLife+1","Slimebound:MassFeed+1","Slimebound:MinionMaster","Slimebound:Overexert","Slimebound:OneTwoCombo+1","Slimebound:OozeBath","Slimebound:TagTeam+1","Slimebound:WasteNot","Slimebound:SamplingLick","Slimebound:SamplingLick","Slimebound:SamplingLick","Slimebound:SamplingLick","Slimebound:SamplingLick","Slimebound:SamplingLick","Slimebound:OneTwoCombo+1","Slimebound:OneTwoCombo+1","Slimebound:OneTwoCombo+1","Slimebound:SplitMire","Slimebound:SplitMire","Slimebound:SplitMire","Slimebound:SplitAcid+1","Slimebound:SplitAcid+1","Slimebound:SplitAcid+1","Slimebound:SplitMire","Slimebound:SplitMire","Slimebound:SplitMire","Slimebound:SpikyOuterGoop+1","Slimebound:SpikyOuterGoop+1","Slimebound:SpikyOuterGoop+1","Slimebound:RejuvenatingLick+1","Slimebound:RejuvenatingLick+1","Slimebound:RejuvenatingLick+1","Slimebound:Gluttony+1","Slimebound:Gluttony+1","Slimebound:Gluttony+1","Slimebound:SplitBruiser","Slimebound:SplitBruiser","Slimebound:SplitBruiser","Slimebound:MassFeed","Slimebound:MassFeed","Slimebound:MassFeed","Slimebound:SpikyOuterGoop+1","Slimebound:SpikyOuterGoop+1","Slimebound:SpikyOuterGoop+1","Slimebound:SplitLeeching+1","Slimebound:SplitLeeching+1","Slimebound:SplitLeeching+1","Slimebound:SplitAcid","Slimebound:SplitAcid","Slimebound:SplitAcid","Slimebound:SplitAcid+1","Slimebound:SplitAcid+1","Slimebound:SplitAcid+1","Dark Shackles","Dark Shackles","Dark Shackles","Slimebound:Prepare","Slimebound:Prepare","Slimebound:Prepare","Slimebound:LevelUp+1","Slimebound:LevelUp+1","Slimebound:LevelUp+1","Slimebound:SplitBruiser","Slimebound:SplitBruiser","Slimebound:SplitBruiser","Slimebound:SlimeTap+1","Slimebound:SlimeTap+1","Slimebound:SlimeTap+1","Slimebound:SplitMire+1","Slimebound:SplitMire+1","Slimebound:SplitMire+1","Slimebound:SplitMire+1","Slimebound:SplitMire+1","Slimebound:SplitMire+1"],"relics":["Slimebound:AbsorbEndCombatUpgraded","PaintedHorse:ReiMu","Replay:Bottled Flurry","Akabeko","Toolbox","Divine Protection","Replay:Wax Seal","sneckomod:SneckoTalon","Prayer Wheel","Frozen Egg 2","Dream Catcher","CeramicFish","Quantum Egg","Anchor","CrazyTorch:ReiMu","Kunai","HollowMod:StagPassRelic","Ornamental Fan","Whetstone"],"acts_visited":["Exordium","TheCity","TheBeyond"],"potions_floor_usage":[30],"damage_taken":[{"damage":11,"enemies":"Jaw Worm","floor":1,"turns":2},{"damage":21,"enemies":"2 Louse","floor":3,"turns":4},{"damage":15,"enemies":"Cultist","floor":5,"turns":4},{"damage":26,"enemies":"Gremlin Nob","floor":7,"turns":4},{"damage":23,"enemies":"Looter","floor":8,"turns":3},{"damage":8,"enemies":"Lagavulin","floor":11,"turns":4},{"damage":9,"enemies":"Large Slime","floor":12,"turns":4},{"damage":5,"enemies":"Gremlin Gang","floor":13,"turns":4},{"damage":8,"enemies":"3 Sentries","floor":14,"turns":5},{"damage":44,"enemies":"The Guardian","floor":16,"turns":8},{"damage":6,"enemies":"Chosen","floor":18,"turns":4},{"damage":21,"enemies":"2 Thieves","floor":21,"turns":3},{"damage":6,"enemies":"Sentry and Sphere","floor":22,"turns":3},{"damage":15,"enemies":"Gremlin Leader","floor":24,"turns":3},{"damage":29,"enemies":"Replay:Snechameleon","floor":27,"turns":3},{"damage":0,"enemies":"Shelled Parasite and Fungi","floor":28,"turns":2},{"damage":10,"enemies":"Cultist and Chosen","floor":29,"turns":2},{"damage":16,"enemies":"Book of Stabbing","floor":30,"turns":2},{"damage":0,"enemies":"Collector","floor":33,"turns":4},{"damage":7,"enemies":"3 Shapes","floor":35,"turns":3},{"damage":0,"enemies":"Orb Walker","floor":36,"turns":2},{"damage":12,"enemies":"Transient","floor":37,"turns":5},{"damage":14,"enemies":"4 Shapes","floor":39,"turns":4},{"damage":31,"enemies":"Reptomancer","floor":40,"turns":4},{"damage":0,"enemies":"Giant Head","floor":46,"turns":3},{"damage":6,"enemies":"Sphere and 2 Shapes","floor":47,"turns":3},{"damage":0,"enemies":"3 Darklings","floor":48,"turns":2},{"damage":16,"enemies":"Time Eater","floor":50,"turns":4}],"seed_played":"8350349167999303424","potions_obtained":[{"floor":3,"key":"Elixir"},{"floor":8,"key":"Swift Potion"},{"floor":12,"key":"GamblersBrew"},{"floor":28,"key":"BlessingOfTheForge"},{"floor":30,"key":"SpeedPotion"}],"is_trial":false,"path_per_floor":["M","?","M","?","M","R","E","M","T","$","E","M","M","E","R","B",null,"M","$","?","M","M","R","E","R","T","E","M","M","E","$","R","B",null,"M","M","M","?","M","E","T","R","T","R","$","E","M","M","R","B",null],"character_chosen":"SLIMEBOUND","items_purchased":["Toolbox","Prayer Wheel","Anchor","Ornamental Fan"],"campfire_rested":0,"item_purchase_floors":[10,19,31,45],"current_hp_per_floor":[52,52,63,63,58,58,48,33,33,33,33,51,66,69,69,52,72,73,73,73,72,78,78,71,71,71,82,82,82,82,82,82,82,82,82,85,85,85,84,66,66,66,66,66,66,85,83,85,85,85],"gold":223,"neow_bonus":"","is_daily":true,"chose_seed":false,"campfire_upgraded":8,"win_rate":0.0,"timestamp":1610018156,"path_taken":["M","?","M","?","M","R","E","?","T","?","?","?","M","E","R","BOSS","M","?","?","M","M","R","E","R","T","E","M","M","E","?","R","BOSS","M","?","M","?","?","?","?","R","T","R","$","E","M","M","R","BOSS"],"items_purchased_type":["Relic","Relic","Relic","Relic"],"build_version":"2020-12-22","purchased_purges":0,"victory":true,"max_hp_per_floor":[63,63,63,63,63,63,63,63,63,63,63,63,66,69,69,72,72,75,75,75,78,78,78,82,82,82,82,82,82,82,82,82,82,82,85,85,85,85,85,85,85,85,85,85,85,85,85,85,85,85],"card_choices":[{"not_picked":["Slimebound:RollThrough","Slimebound:FlameTackle","Slimebound:Schlurp"],"picked":"SKIP","floor":1},{"not_picked":["Slimebound:ViciousTackle","Slimebound:RollThrough","Slimebound:ServeAndProtect"],"picked":"SKIP","floor":3},{"not_picked":["Slimebound:PressTheAttack","Slimebound:Equalize","Slimebound:GoopSpray"],"picked":"SKIP","floor":5},{"not_picked":["Slimebound:LeechingTouch","Slimebound:ComboTackle","Slimebound:SlimeSpikes"],"picked":"SKIP","floor":7},{"not_picked":["Slimebound:PressTheAttack","Slimebound:Recycling","Slimebound:LeadByExample"],"picked":"SKIP","floor":8},{"not_picked":["Slimebound:LeechingTouch","Slimebound:FormOfPuddle"],"picked":"Slimebound:SamplingLick","floor":11},{"not_picked":["Slimebound:Repurpose","Slimebound:FinishingTackle","Slimebound:SlimeBrawl"],"picked":"SKIP","floor":12},{"not_picked":["Slimebound:Repurpose","Slimebound:LeechingTouch"],"picked":"Slimebound:SamplingLick","floor":13},{"not_picked":["Slimebound:SlimeSpikes","Slimebound:LeechingTouch","Slimebound:HungryTackle"],"picked":"SKIP","floor":14},{"not_picked":["Slimebound:LeechLife","Slimebound:TagTeam"],"picked":"Slimebound:OneTwoCombo","floor":16},{"not_picked":["Slimebound:ForwardTackle","Slimebound:RollThrough","Slimebound:BestDefense"],"picked":"SKIP","floor":18},{"not_picked":["Slimebound:SplitBruiser","Slimebound:ViciousTackle"],"picked":"Slimebound:SplitMire","floor":21},{"not_picked":["Slimebound:TagTeam","Slimebound:ProtectTheBoss"],"picked":"Slimebound:SplitAcid+1","floor":21},{"not_picked":["Slimebound:Equalize","Slimebound:SplitAcid+1"],"picked":"Slimebound:SplitMire","floor":22},{"not_picked":["Slimebound:Schlurp","Slimebound:ComboTackle","Slimebound:FirmFortitude+1"],"picked":"SKIP","floor":22},{"not_picked":["Slimebound:LeadByExample+1","Slimebound:GrowthPunch+1","Slimebound:GoopTackle"],"picked":"SKIP","floor":24},{"not_picked":["Slimebound:Replication","Slimebound:ComboTackle"],"picked":"Slimebound:SpikyOuterGoop+1","floor":27},{"not_picked":["Slimebound:LeadByExample+1","Slimebound:SplitAcid+1"],"picked":"Slimebound:RejuvenatingLick+1","floor":28},{"not_picked":["Slimebound:Schlurp","Slimebound:CheckThePlaybook","Slimebound:SlimeBarrage"],"picked":"SKIP","floor":28},{"not_picked":["Slimebound:DivideAndConquer","Slimebound:SlimeBarrage"],"picked":"Slimebound:Gluttony+1","floor":29},{"not_picked":["Slimebound:Equalize+1","Slimebound:ViciousTackle"],"picked":"Slimebound:SplitBruiser","floor":29},{"not_picked":["Slimebound:ServeAndProtect","Slimebound:MinionMaster+1","Slimebound:LeechEnergy"],"picked":"SKIP","floor":30},{"not_picked":["Slimebound:SlimeSlap","Slimebound:OozeBath"],"picked":"Slimebound:MassFeed","floor":33},{"not_picked":["Slimebound:Schlurp","Slimebound:GrowthPunch+1"],"picked":"Slimebound:SpikyOuterGoop+1","floor":35},{"not_picked":["Slimebound:SlimeSpikes","Slimebound:ServeAndProtect","Slimebound:Recollect"],"picked":"SKIP","floor":35},{"not_picked":["Slimebound:SlimeBrawl+1","Slimebound:ComboTackle"],"picked":"Slimebound:SplitLeeching+1","floor":36},{"not_picked":["Slimebound:DivideAndConquer+1","Slimebound:Chomp+1"],"picked":"Slimebound:SplitAcid","floor":36},{"not_picked":["Slimebound:Gluttony+1","Slimebound:DivideAndConquer"],"picked":"Slimebound:SplitAcid+1","floor":37},{"not_picked":["Slimebound:SlimeBarrage","Slimebound:LivingWall","Slimebound:FirmFortitude+1"],"picked":"SKIP","floor":37},{"not_picked":["expansioncontent:Chronoboost+1","expansioncontent:AwakenDeath+1"],"picked":"Dark Shackles","floor":38},{"not_picked":["Slimebound:DivideAndConquer+1","Slimebound:GoopSpray+1"],"picked":"Slimebound:Prepare","floor":39},{"not_picked":["Slimebound:DivideAndConquer+1","Slimebound:Teamwork","Slimebound:FinishingTackle"],"picked":"SKIP","floor":39},{"not_picked":["Slimebound:SplitAcid","Slimebound:RollThrough+1"],"picked":"Slimebound:LevelUp+1","floor":40},{"not_picked":["Slimebound:FormOfPuddle+1","Slimebound:AcidTongue+1"],"picked":"Slimebound:SplitBruiser","floor":46},{"not_picked":["Slimebound:LivingWall","Slimebound:GoopSpray+1"],"picked":"Slimebound:SlimeTap+1","floor":47},{"not_picked":["Slimebound:Equalize","Slimebound:LivingWall"],"picked":"Slimebound:SplitMire+1","floor":47},{"not_picked":["Slimebound:SplitBruiser","Slimebound:Repurpose+1"],"picked":"Slimebound:SplitMire+1","floor":48},{"not_picked":["Slimebound:FinishingTackle+1","Slimebound:GoopTackle","Slimebound:PressTheAttack"],"picked":"SKIP","floor":48}],"player_experience":2023146,"relics_obtained":[{"floor":7,"key":"Replay:Bottled Flurry"},{"floor":9,"key":"Akabeko"},{"floor":11,"key":"Divine Protection"},{"floor":14,"key":"Replay:Wax Seal"},{"floor":24,"key":"Frozen Egg 2"},{"floor":26,"key":"Dream Catcher"},{"floor":27,"key":"CeramicFish"},{"floor":30,"key":"Quantum Egg"},{"floor":40,"key":"CrazyTorch:ReiMu"},{"floor":41,"key":"Kunai"},{"floor":43,"key":"HollowMod:StagPassRelic"},{"floor":46,"key":"Whetstone"}],"event_choices":[{"damage_healed":0,"gold_gain":0,"player_choice":"Grow","damage_taken":0,"max_hp_gain":0,"max_hp_loss":0,"event_name":"Living Wall","floor":2,"gold_loss":0,"cards_upgraded":["Slimebound:SelfFormingGoo"]},{"damage_healed":0,"gold_gain":0,"player_choice":"»˚«Æ","damage_taken":0,"relics_obtained":["PaintedHorse:ReiMu"],"max_hp_gain":0,"max_hp_loss":0,"event_name":"yidonshenshe","floor":4,"gold_loss":40},{"damage_healed":0,"gold_gain":0,"player_choice":"Ignored","damage_taken":0,"max_hp_gain":0,"max_hp_loss":0,"event_name":"Vampires","floor":20,"gold_loss":0},{"damage_healed":0,"gold_gain":0,"player_choice":"Memory 1","damage_taken":0,"max_hp_gain":0,"max_hp_loss":0,"event_name":"SensoryStone","floor":38,"gold_loss":0}],"is_beta":false,"boss_relics":[{"not_picked":["Busted Crown","ChewingGum"],"picked":"sneckomod:SneckoTalon"},{"not_picked":["SacredBark","Velvet Choker"],"picked":"Slimebound:AbsorbEndCombatUpgraded"}],"items_purged_floors":[],"is_endless":false,"potions_floor_spawned":[3,8,12,16,18,24,27,28,30,37,39,40],"ascension_level":0}}