{"host":"1c52r9kaxdyo25eq","time":1610047794,"event":{"mods":["AchievementEnabler","BaseMod","Minty Spire (QoL Compilation)","Rare Cards Sparkle","SuperFastMode","everything is the same but u backflip on backflip"],"gold_per_floor":[112,123,123,138,138,138,166,166,166,166,48,48,68,82,82,159,159,175,187,200,28,59,59,59,59,86,86,119,119,135,135,135,211,211,230,245,261,306,323,323,336,336,336,368,387,412,423,437,437,437,437,437,437,83,116,116],"floor_reached":57,"playtime":2064,"items_purged":["Strike_G","Deadly Poison+1"],"score":3118,"play_id":"43d8f6cb-c0ad-4d03-9ec3-d4e259d4e364","local_time":"20210108042954","is_ascension_mode":true,"campfire_choices":[{"floor":6.0,"key":"REST"},{"floor":8.0,"key":"REST"},{"data":"Deadly Poison","floor":10.0,"key":"SMITH"},{"floor":12.0,"key":"REST"},{"data":"Well Laid Plans","floor":15.0,"key":"SMITH"},{"floor":23.0,"key":"REST"},{"floor":25.0,"key":"REST"},{"data":"Adrenaline","floor":27.0,"key":"SMITH"},{"data":"Tactician","floor":32,"key":"SMITH"},{"data":"Terror","floor":40,"key":"SMITH"},{"data":"1","floor":42,"key":"LIFT"},{"floor":49,"key":"RECALL"},{"data":"Acrobatics","floor":53,"key":"SMITH"}],"circlet_count":0,"master_deck":["AscendersBane","Strike_G+1","Defend_G","Defend_G","Survivor","Neutralize","Quick Slash+1","Grand Finale","Well Laid Plans+1","Adrenaline+1","Acrobatics","Tactician+1","Terror+1","Reflex","Prepared","Acrobatics+1","Heel Hook+1","Deadly Poison+1","After Image+1","Backflip","Prepared+1","After Image","Backflip"],"relics":["Ring of the Snake","Darkstone Periapt","Bag of Preparation","Shuriken","Sozu","Orrery","Red Mask","Lantern","Boot","Astrolabe","Girya","Meat on the Bone","StrikeDummy","Strawberry","Anchor"],"acts_visited":["Exordium","TheCity","TheBeyond","TheEnding"],"potions_floor_usage":[],"damage_taken":[{"damage":2.0,"enemies":"2 Louse","floor":1.0,"turns":3.0},{"damage":5.0,"enemies":"Small Slimes","floor":2.0,"turns":3.0},{"damage":0.0,"enemies":"Cultist","floor":4.0,"turns":3.0},{"damage":33.0,"enemies":"Gremlin Nob","floor":7.0,"turns":4.0},{"damage":16.0,"enemies":"3 Louse","floor":13.0,"turns":4.0},{"damage":0.0,"enemies":"Looter","floor":14.0,"turns":2.0},{"damage":15.0,"enemies":"The Guardian","floor":16.0,"turns":6.0},{"damage":3.0,"enemies":"Spheric Guardian","floor":18.0,"turns":3.0},{"damage":9.0,"enemies":"Chosen","floor":19.0,"turns":3.0},{"damage":0.0,"enemies":"Centurion and Healer","floor":20.0,"turns":2.0},{"damage":25.0,"enemies":"Masked Bandits","floor":22.0,"turns":3.0},{"damage":0,"enemies":"Book of Stabbing","floor":28,"turns":3},{"damage":7,"enemies":"Snecko","floor":30,"turns":5},{"damage":4,"enemies":"Collector","floor":33,"turns":4},{"damage":0,"enemies":"Orb Walker","floor":35,"turns":2},{"damage":0,"enemies":"3 Shapes","floor":36,"turns":1},{"damage":0,"enemies":"Sphere and 2 Shapes","floor":37,"turns":1},{"damage":0,"enemies":"2 Orb Walkers","floor":38,"turns":2},{"damage":0,"enemies":"3 Darklings","floor":39,"turns":1},{"damage":0,"enemies":"4 Shapes","floor":41,"turns":1},{"damage":0,"enemies":"Giant Head","floor":44,"turns":2},{"damage":0,"enemies":"Writhing Mass","floor":45,"turns":2},{"damage":0,"enemies":"Nemesis","floor":46,"turns":1},{"damage":0,"enemies":"Spire Growth","floor":47,"turns":1},{"damage":0,"enemies":"Transient","floor":48,"turns":5},{"damage":0,"enemies":"Donu and Deca","floor":50,"turns":4},{"damage":0,"enemies":"Awakened One","floor":51,"turns":3},{"damage":0,"enemies":"Shield and Spear","floor":55,"turns":1},{"damage":65,"enemies":"The Heart","floor":56,"turns":6}],"seed_played":"-3538218381160503463","potions_obtained":[{"floor":4.0,"key":"LiquidMemories"},{"floor":16.0,"key":"FearPotion"}],"is_trial":false,"path_per_floor":["M","M","?","M","?","R","E","R","T","R","$","R","M","M","R","B",null,"M","M","M","$","?","R","?","R","T","R","E","?","M","?","R","B",null,"M","M","M","?","M","R","M","R","T","E","M","E","M","M","R","B","B",null,"R","$","E","B",null],"character_chosen":"THE_SILENT","items_purchased":["Well Laid Plans","Orrery","After Image","Strawberry"],"campfire_rested":5,"item_purchase_floors":[11,21,54,54],"current_hp_per_floor":[57,52,34,34,16,34,1,19,19,19,19,37,21,21,21,6,47,44,35,35,35,10,28,28,46,46,46,46,46,39,39,39,35,54,54,54,54,54,54,54,54,54,54,54,54,54,54,54,54,54,54,59,59,66,66,13],"gold":116,"neow_bonus":"REMOVE_TWO","is_daily":false,"chose_seed":false,"campfire_upgraded":6,"win_rate":0.0,"timestamp":1610047794,"path_taken":["M","M","?","M","?","R","E","R","T","R","$","R","M","M","R","BOSS","M","M","M","$","?","R","?","R","T","R","E","?","M","?","R","BOSS","M","M","M","?","M","R","M","R","T","E","M","E","M","M","R","BOSS","BOSS","R","$","E","BOSS"],"items_purchased_type":["Card","Relic","Card","Relic"],"build_version":"2020-12-22","purchased_purges":2,"victory":true,"max_hp_per_floor":[60,60,60,60,60,60,60,60,60,60,60,60,60,60,60,60,60,60,60,60,60,60,60,60,60,60,60,60,60,60,60,60,60,60,60,60,60,60,60,60,60,60,60,60,60,60,60,60,60,60,60,60,60,67,67,67],"card_choices":[{"not_picked":["PiercingWail","Concentrate"],"picked":"Quick Slash","floor":1.0},{"not_picked":["Infinite Blades","Cloak And Dagger"],"picked":"Deadly Poison","floor":2.0},{"not_picked":["Sucker Punch","Heel Hook","Flying Knee"],"picked":"SKIP","floor":4.0},{"not_picked":["Setup","Leg Sweep"],"picked":"Grand Finale","floor":7.0},{"not_picked":["Deflect","Slice","PiercingWail"],"picked":"SKIP","floor":13.0},{"not_picked":["Dodge and Roll","Underhanded Strike","Infinite Blades"],"picked":"SKIP","floor":14.0},{"not_picked":["Envenom","Bullet Time"],"picked":"Adrenaline","floor":16.0},{"not_picked":["Deadly Poison","Crippling Poison","Infinite Blades+1"],"picked":"SKIP","floor":18.0},{"not_picked":["Cloak And Dagger","Dodge and Roll","Underhanded Strike"],"picked":"SKIP","floor":19.0},{"not_picked":["Flying Knee","Underhanded Strike+1","Dagger Throw"],"picked":"SKIP","floor":20.0},{"not_picked":["Underhanded Strike","Dagger Throw"],"picked":"Acrobatics","floor":21.0},{"not_picked":["Caltrops","Flying Knee"],"picked":"Tactician","floor":21.0},{"not_picked":["Dodge and Roll+1","Accuracy"],"picked":"Terror","floor":21.0},{"not_picked":["PiercingWail","Heel Hook"],"picked":"Reflex","floor":22.0},{"not_picked":["Tools of the Trade","Infinite Blades","Poisoned Stab"],"picked":"SKIP","floor":28},{"not_picked":["Dagger Spray","Quick Slash"],"picked":"Prepared","floor":30},{"not_picked":["Skewer+1","Backstab","Blur"],"picked":"SKIP","floor":35},{"not_picked":["Slice","Dagger Spray","Cloak And Dagger"],"picked":"SKIP","floor":36},{"not_picked":["PiercingWail","Poisoned Stab"],"picked":"Backflip","floor":37},{"not_picked":["Dagger Throw","Choke"],"picked":"Prepared+1","floor":39},{"not_picked":["Poisoned Stab","PiercingWail+1","Setup+1"],"picked":"SKIP","floor":41},{"not_picked":["Dagger Spray","Caltrops","Dodge and Roll+1"],"picked":"SKIP","floor":44},{"not_picked":["Backstab+1","PiercingWail","Outmaneuver"],"picked":"SKIP","floor":45},{"not_picked":["PiercingWail+1","Deflect","Underhanded Strike"],"picked":"SKIP","floor":46},{"not_picked":["Flying Knee","Sucker Punch","Underhanded Strike"],"picked":"SKIP","floor":47},{"not_picked":["Underhanded Strike","Unload","Acrobatics+1"],"picked":"SKIP","floor":48},{"not_picked":["Sucker Punch+1","Deflect"],"picked":"Backflip","floor":55}],"player_experience":557899,"relics_obtained":[{"floor":7.0,"key":"Bag of Preparation"},{"floor":9.0,"key":"Shuriken"},{"floor":22.0,"key":"Red Mask"},{"floor":26.0,"key":"Lantern"},{"floor":28,"key":"Boot"},{"floor":38,"key":"Girya"},{"floor":44,"key":"Meat on the Bone"},{"floor":46,"key":"StrikeDummy"},{"floor":55,"key":"Anchor"}],"event_choices":[{"damage_healed":0.0,"max_hp_gain":0.0,"max_hp_loss":0.0,"gold_gain":0.0,"event_name":"Shining Light","player_choice":"Entered Light","floor":3.0,"gold_loss":0.0,"damage_taken":18.0,"cards_upgraded":["Quick Slash","Strike_G"]},{"damage_healed":0.0,"max_hp_gain":0.0,"max_hp_loss":0.0,"gold_gain":0.0,"event_name":"Scrap Ooze","player_choice":"Success","floor":5.0,"gold_loss":0.0,"damage_taken":18.0,"relics_obtained":["Darkstone Periapt"]},{"damage_healed":0.0,"max_hp_gain":0.0,"max_hp_loss":0.0,"gold_gain":0.0,"event_name":"Masked Bandits","player_choice":"Fought Bandits","floor":22.0,"gold_loss":0.0,"damage_taken":0.0},{"cards_removed":["Defend_G"],"damage_healed":0.0,"max_hp_gain":0.0,"max_hp_loss":0.0,"gold_gain":0.0,"event_name":"Back to Basics","player_choice":"Elegance","floor":24.0,"gold_loss":0.0,"damage_taken":0.0},{"damage_healed":0,"gold_gain":0,"player_choice":"Ignored","damage_taken":0,"max_hp_gain":0,"max_hp_loss":0,"event_name":"Vampires","floor":29,"gold_loss":0},{"damage_healed":0,"gold_gain":0,"player_choice":"Copied","damage_taken":0,"max_hp_gain":0,"max_hp_loss":0,"event_name":"Duplicator","floor":31,"gold_loss":0,"cards_obtained":["Acrobatics"]},{"damage_healed":0,"gold_gain":0,"player_choice":"Fight","damage_taken":0,"max_hp_gain":0,"max_hp_loss":0,"event_name":"Mysterious Sphere","floor":38,"gold_loss":0}],"is_beta":false,"boss_relics":[{"not_picked":["SacredBark","WristBlade"],"picked":"Sozu"},{"not_picked":["Coffee Dripper","Snecko Eye"],"picked":"Astrolabe"}],"items_purged_floors":[11,54],"is_endless":false,"potions_floor_spawned":[4,16,20,28,35,39,41,45,46,48],"ascension_level":20}}