{"host":"affnxa2atuc7p34z","time":1610024355,"event":{"mods":["ATMod(阿瑾Mod)","Act Like it!","Arknights The Spire","Aspiration","BaseMod","Dota2Spire","Faster Ascension Climbing","Friendly Minions","Gensokyo","GungeonMod","HololiveMod","KinomotoSakuraMod(木之本樱)","Kiyohime（清姬）","Koishi","KomeijiMod","Lobotomy","Minty Spire (QoL Compilation)","Prisma Mod","Quarter Circle Forward PUNCH!","Quick Restart","Reimu（博丽灵梦）","Replay The Spire","RumiaBox-露米娅的神秘盒子","SIMod","Shop Mod","StSLib","TestMod","The Alterego","The Jungle","TheWitcher","UnlockEverythingMod","Waifu the Spire","WarShipGirlsR/战舰少女R mod","Yakumo Yukari mod","Youmu（魂魄妖梦）","[IsaacMod]以撒尖塔","vexMod","【功能Mod】混沌之环修复补丁","【功能Mod】聪明的最终Boss","【遗物卡牌】REMEMod","篝火指南"],"gold_per_floor":[148,185,185,450,450,284,330,225,304,304,177,177,14,74,25,22,22],"floor_reached":16,"playtime":801,"items_purged":["DemoMod:GunslingerForm","Wraith Form v2","rmod:circuitoustactics","rmod:circuitoustactics"],"score":301,"play_id":"228f5d15-5093-4854-9ff7-7d37119ba065","local_time":"20210107205915","daily_mods":["SealedDeck","Specialized","Vintage","Heirloom","Time Dilation","Flight","Midas"],"is_ascension_mode":true,"campfire_choices":[],"circlet_count":0,"master_deck":["Demon Form+1","Echo Form+1","DevaForm+1","AscendersBane","Bomb","rmod:lonelyqueen","rmod:supportescort","rmod:intelligenceanalysis","rmod:diaomin+1","rmod:goodfighter","rmod:selfconfidence+1","rmod:fletcherpendant","rmod:chargemoney","rmod:luckystar","AT_CaressingTears+1","Echo Form+1","rmod:slowdown+1","rmod:timeschanged+1","rmod:mineteam+1","rmod:luckystar+1","rmod:fletcherpendant","rmod:mineteam+1","rmod:fletcherpendant+1","rmod:expedition"],"relics":["rmod:firstchargereward","qcfpunch:Necklace_of_Skulls","qcfpunch:Lotus_Statue","testmod-TestBox","HushsDoor","replay:Trail_Library","REME_ComplimentaryCards","AT_ATBox","testmod-SaigiyounoYou","Golden Egg","MerchantsRug","YidongShenshe:ReiMu","rmod:quickrepair","AT_BellDemon"],"acts_visited":["Exordium"],"potions_floor_usage":[],"damage_taken":[{"damage":6,"enemies":"Jaw Worm","floor":1,"turns":3},{"damage":6,"enemies":"Cultist","floor":2,"turns":4},{"damage":3,"enemies":"2 Louse","floor":7,"turns":2},{"damage":21,"enemies":"Exordium Thugs","floor":14,"turns":3},{"damage":60,"enemies":"Hexaghost","floor":16,"turns":2}],"seed_played":"-5926967828568449585","potions_obtained":[{"floor":1,"key":"PowerPotion"},{"floor":7,"key":"CalmPotion"}],"is_trial":true,"path_per_floor":["M","M","?","$","?","R","M","$","T","?","R","?","$","M","R","B"],"character_chosen":"PRAEFECT","items_purchased":["MerchantsRug","rmod:timeschanged","AT_SunfireAegis","rmod:mineteam+1","rmod:luckystar","rmod:mineteam","rmod:fletcherpendant","rmod:quickrepair","AT_BellDemon","rmod:expedition"],"campfire_rested":0,"item_purchase_floors":[4,4,4,6,8,11,13,13,15,15],"current_hp_per_floor":[68,65,65,65,65,65,65,65,65,65,65,65,65,50,50,0,0],"gold":22,"neow_bonus":"","is_daily":false,"chose_seed":false,"campfire_upgraded":0,"win_rate":0.0,"timestamp":1610024355,"path_taken":["M","M","?","$","?","R","?","?","T","?","R","?","?","M","R","BOSS"],"items_purchased_type":["Relic","Card","Relic","Card","Card","Card","Card","Relic","Relic","Card"],"build_version":"2020-12-22","purchased_purges":4,"victory":false,"max_hp_per_floor":[70,70,70,70,70,70,70,70,70,70,70,70,70,70,70,70,70],"card_choices":[{"not_picked":[],"picked":"Bomb","floor":0},{"not_picked":[],"picked":"rmod:slowdown","floor":3}],"player_experience":351112,"relics_obtained":[{"floor":1,"key":"Replay:Baseball"},{"floor":2,"key":"Golden Egg"},{"floor":7,"key":"DeadEye"},{"floor":9,"key":"aspiration:SeaSaltIceCream"},{"floor":14,"key":"Thread and Needle"}],"event_choices":[{"damage_healed":0,"gold_gain":0,"player_choice":"带走神社","damage_taken":0,"relics_obtained":["YidongShenshe:ReiMu"],"max_hp_gain":0,"max_hp_loss":0,"event_name":"yidonshenshe","floor":5,"gold_loss":0,"cards_obtained":["Poor:ReiMu"]},{"damage_healed":0,"gold_gain":0,"player_choice":"Take Wound","damage_taken":0,"relics_obtained":["Golden Idol"],"max_hp_gain":0,"max_hp_loss":0,"event_name":"Golden Idol","floor":12,"gold_loss":0,"cards_obtained":["Injury"]}],"is_beta":false,"boss_relics":[],"items_purged_floors":[4,6,8,11],"is_endless":true,"potions_floor_spawned":[1,7],"killed_by":"Hexaghost","ascension_level":20}}