{"host":"wj90f2q0h2omert0","time":1610062574,"event":{"mods":["BaseMod","Beaked The Cultist","Better Third Choice","ChefMod","Clawfect","Colored Map","DeckTracker","Downfall","Hubris","JesterMod","Minty Spire (QoL Compilation)","Relic Stats","Robot Space Explorer","Shade Mod","StSLib","The Blackbeard","The Caster","The Dragon Tamer","The Druid"],"gold_per_floor":[109,109,126,141,141,141,157,157,184,203,220,230,247,0,0,0,0],"floor_reached":16,"playtime":2469,"items_purged":[],"score":96,"play_id":"a64151d9-f82d-4325-8194-5c83e24a319e","local_time":"20210107183614","is_ascension_mode":false,"campfire_choices":[{"data":"chefmod:FireUp","floor":6,"key":"SMITH"},{"data":"chefmod:SearedScallops","floor":15,"key":"SMITH"}],"circlet_count":0,"master_deck":["chefmod:Strike","chefmod:Strike","chefmod:Strike","chefmod:Strike","chefmod:Strike","chefmod:Defend","chefmod:Defend","chefmod:Defend","chefmod:QuickThaw","chefmod:Mince","chefmod:FireUp+1","chefmod:Sorbet","chefmod:Sorbet","chefmod:FarmersMarket","chefmod:SearedScallops+1","Enlightenment"],"relics":["chefmod:TrustyPot","hubris:Icosahedron","hubris:Towel","Dream Catcher"],"acts_visited":["Exordium"],"potions_floor_usage":[16,16,16],"damage_taken":[{"damage":6,"enemies":"2 Louse","floor":1,"turns":2},{"damage":3,"enemies":"Cultist","floor":3,"turns":3},{"damage":0,"enemies":"Jaw Worm","floor":4,"turns":3},{"damage":0,"enemies":"Large Slime","floor":7,"turns":4},{"damage":10,"enemies":"Looter","floor":10,"turns":3},{"damage":0,"enemies":"2 Fungi Beasts","floor":11,"turns":2},{"damage":16,"enemies":"3 Louse","floor":12,"turns":4},{"damage":7,"enemies":"Blue Slaver","floor":13,"turns":3},{"damage":43,"enemies":"Slime Boss","floor":16,"turns":8}],"seed_played":"-7522123761739747938","potions_obtained":[{"floor":4,"key":"BlessingOfTheForge"},{"floor":11,"key":"sneckomod:MuddlingPotion"},{"floor":12,"key":"Ancient Potion"}],"is_trial":false,"path_per_floor":["M","?","M","M","?","R","M","?","T","M","M","M","M","?","R","B"],"character_chosen":"THE_CHEF","items_purchased":[],"campfire_rested":0,"item_purchase_floors":[],"current_hp_per_floor":[70,70,67,67,67,67,67,67,67,57,57,41,34,40,40,0,0],"gold":0,"neow_bonus":"ONE_RANDOM_RARE_CARD","is_daily":false,"chose_seed":false,"campfire_upgraded":2,"win_rate":0.0,"timestamp":1610062574,"path_taken":["M","?","?","M","?","R","M","?","T","M","M","M","M","?","R","BOSS"],"items_purchased_type":[],"build_version":"2020-12-22","purchased_purges":0,"victory":false,"max_hp_per_floor":[76,76,76,76,76,76,76,76,76,76,76,76,76,82,82,82,82],"relic_stats":{"Dream Catcher":0,"counters":[9,32],"obtain_stats":[{"chefmod:TrustyPot":0,"Dream Catcher":9,"hubris:Icosahedron":5,"hubris:Towel":8},{"chefmod:TrustyPot":0,"Dream Catcher":4,"hubris:Icosahedron":3,"hubris:Towel":4},{"chefmod:TrustyPot":0,"Dream Catcher":12,"hubris:Icosahedron":8,"hubris:Towel":12}]},"card_choices":[{"not_picked":["chefmod:GroceryDelivery","chefmod:Defrost"],"picked":"chefmod:FireUp","floor":1},{"not_picked":["chefmod:Defrost","chefmod:Granita"],"picked":"chefmod:Sorbet","floor":3},{"not_picked":["chefmod:KnifeFlurry","chefmod:HotSoup","chefmod:IcePick"],"picked":"SKIP","floor":4},{"not_picked":["chefmod:VegetableTart","chefmod:CuttingBoard"],"picked":"chefmod:Sorbet","floor":7},{"not_picked":["chefmod:IcePick","chefmod:HotSoup","chefmod:ZaruSoba"],"picked":"SKIP","floor":10},{"not_picked":["chefmod:IcePick","chefmod:ZaruSoba","chefmod:Gelato"],"picked":"SKIP","floor":11},{"not_picked":["chefmod:ZaruSoba","chefmod:HotSoup"],"picked":"chefmod:FarmersMarket","floor":12},{"not_picked":["chefmod:CapreseSalad","chefmod:FryPan"],"picked":"chefmod:SearedScallops","floor":13}],"player_experience":694044,"relics_obtained":[{"floor":9,"key":"Dream Catcher"}],"event_choices":[{"cards_removed":["chefmod:TodaysSpecial"],"damage_healed":0,"gold_gain":0,"player_choice":"Purged","damage_taken":0,"max_hp_gain":0,"max_hp_loss":0,"event_name":"Purifier","floor":2,"gold_loss":0},{"damage_healed":0,"gold_gain":0,"player_choice":"RENOUNCE","damage_taken":247,"max_hp_gain":0,"max_hp_loss":0,"event_name":"betterThird:BetterSerpent","floor":14,"gold_loss":247,"cards_obtained":["Enlightenment"]}],"is_beta":false,"boss_relics":[],"items_purged_floors":[],"is_endless":false,"potions_floor_spawned":[4,11,12],"killed_by":"Slime Boss","ascension_level":0}}