{"host":"fn5w42qzz69x191g","time":1610021495,"event":{"mods":["BaseMod","KOR Keyword Fix","Minty Spire (QoL Compilation)","Replay The Spire","StSLib","SuperFastMode","The Jungle","The Poker Player"],"gold_per_floor":[113,129,50,65,81,112,123,123,123,123,140,154,174,186,186,283,283,302,313,333,56,66,66,66,92,92,117,117,117,133,73,73,177,177,188,206,206,257,7,7,7,25,103,103,129,147,163,14,14,14,14,14,14,14,14,14],"floor_reached":55,"playtime":2270,"items_purged":["Strike_R","Strike_R"],"score":968,"play_id":"356fa30d-eeb3-446e-81c0-6de8e5965201","local_time":"20210107211135","is_ascension_mode":false,"campfire_choices":[{"data":"Inflame","floor":8,"key":"SMITH"},{"data":"Heavy Blade","floor":10,"key":"SMITH"},{"data":"ReplayTheSpireMod:Limb From Limb","floor":15,"key":"SMITH"},{"data":"ReplayTheSpireMod:Muscle Training","floor":23,"key":"SMITH"},{"floor":28,"key":"REST"},{"data":"Heavy Blade","floor":32,"key":"SMITH"},{"data":"Brutality","floor":40,"key":"SMITH"},{"floor":44,"key":"RECALL"},{"floor":49,"key":"REST"}],"circlet_count":0,"master_deck":["Strike_R","Strike_R","Strike_R","Defend_R","Defend_R","Defend_R","Bash","Cleave","Cleave","Flex","Inflame+1","Twin Strike","ReplayTheSpireMod:Stacked","Heavy Blade+1","Disarm","Metallicize","Flex","ReplayTheSpireMod:Limb From Limb+1","Reaper","Heavy Blade+1","Pummel","Sword Boomerang","ReplayTheSpireMod:Muscle Training+1","Shame","Necronomicurse","Whirlwind+1","Brutality+1","CurseOfTheBell","Heavy Blade+1","Blood for Blood+1","Heavy Blade+1","Iron Wave+1","Shrug It Off+1"],"relics":["Burning Blood","Chameleon Ring","Potion Belt","SlaversCollar","Regal Pillow","PreservedInsect","Replay:Bottled Flurry","Ornamental Fan","Molten Egg 2","Necronomicon","Calling Bell","Red Skull","ReplayTheSpireMod:Shallot","Replay:PocketPolymizer","Pen Nib","Chemical X","Centennial Puzzle","Brimstone"],"acts_visited":["Exordium","TheCity","TheBeyond","TheEnding"],"potions_floor_usage":[5,16,25,25,27,33,42,42,45,45,45,46,50,50,54,55,55,55],"damage_taken":[{"damage":1,"enemies":"Cultist","floor":1,"turns":3},{"damage":7,"enemies":"Small Slimes","floor":2,"turns":3},{"damage":1,"enemies":"2 Louse","floor":4,"turns":2},{"damage":0,"enemies":"2 Fungi Beasts","floor":5,"turns":2},{"damage":21,"enemies":"3 Sentries","floor":6,"turns":6},{"damage":12,"enemies":"Looter","floor":7,"turns":4},{"damage":2,"enemies":"Blue Slaver","floor":11,"turns":3},{"damage":9,"enemies":"Red Slaver","floor":12,"turns":3},{"damage":13,"enemies":"2 Fungi Beasts","floor":13,"turns":3},{"damage":8,"enemies":"Blue Slaver","floor":14,"turns":5},{"damage":9,"enemies":"The Guardian","floor":16,"turns":10},{"damage":3,"enemies":"Chosen","floor":18,"turns":5},{"damage":5,"enemies":"Shell Parasite","floor":19,"turns":6},{"damage":22,"enemies":"Snecko","floor":20,"turns":5},{"damage":28,"enemies":"Centurion and Healer","floor":22,"turns":7},{"damage":26,"enemies":"Slavers","floor":25,"turns":3},{"damage":20,"enemies":"Gremlin Leader","floor":27,"turns":6},{"damage":7,"enemies":"Sentry and Sphere","floor":30,"turns":3},{"damage":40,"enemies":"Pondfish","floor":33,"turns":7},{"damage":17,"enemies":"3 Shapes","floor":35,"turns":2},{"damage":11,"enemies":"Orb Walker","floor":36,"turns":4},{"damage":4,"enemies":"Sphere and 2 Shapes","floor":42,"turns":5},{"damage":0,"enemies":"Reptomancer","floor":45,"turns":1},{"damage":22,"enemies":"Maw","floor":46,"turns":5},{"damage":2,"enemies":"3 Darklings","floor":47,"turns":2},{"damage":26,"enemies":"Time Eater","floor":50,"turns":3},{"damage":6,"enemies":"Shield and Spear","floor":54,"turns":2},{"damage":153,"enemies":"The Heart","floor":55,"turns":5}],"seed_played":"6920848579488527507","potions_obtained":[{"floor":4,"key":"Explosive Potion"},{"floor":5,"key":"Reflective Coating"},{"floor":6,"key":"ElixirPotion"},{"floor":7,"key":"ColorlessPotion"},{"floor":12,"key":"EssenceOfSteel"},{"floor":14,"key":"Strength Potion"},{"floor":20,"key":"LiquidBronze"},{"floor":22,"key":"PowerPotion"},{"floor":27,"key":"PowerPotion"},{"floor":30,"key":"SneckoOil"},{"floor":35,"key":"HeartOfIron"},{"floor":38,"key":"EntropicBrew"},{"floor":46,"key":"FearPotion"},{"floor":52,"key":"Venom Potion"},{"floor":52,"key":"SmokeBomb"}],"is_trial":false,"path_per_floor":["M","M","$","M","M","E","M","R","T","R","M","M","M","M","R","B",null,"M","M","M","$","M","R","?","E","T","E","R","?","M","?","R","B",null,"M","M","?","?","$","R","?","M","T","R","E","M","M","$","R","B",null,"R","$","E","B"],"character_chosen":"IRONCLAD","items_purchased":["Inflame","Sword Boomerang","Regal Pillow","Chemical X","Brimstone"],"campfire_rested":2,"item_purchase_floors":[3,21,21,39,48],"current_hp_per_floor":[80,79,79,80,80,65,59,59,59,59,63,60,53,51,51,48,80,80,80,64,64,42,42,42,22,22,38,77,61,60,60,60,26,80,69,75,75,43,43,43,43,45,45,45,51,35,39,39,78,58,80,80,80,80,0,0],"gold":14,"neow_bonus":"THREE_CARDS","is_daily":false,"chose_seed":false,"campfire_upgraded":6,"win_rate":0.0,"timestamp":1610021495,"path_taken":["M","M","?","?","M","E","?","R","T","R","M","M","M","M","R","BOSS","M","M","M","$","M","R","?","E","T","E","R","?","M","?","R","BOSS","M","M","?","?","$","R","?","M","T","R","E","?","M","$","R","BOSS","R","$","E","BOSS"],"items_purchased_type":["Card","Card","Relic","Relic","Relic"],"build_version":"2020-12-22","purchased_purges":2,"victory":false,"max_hp_per_floor":[80,80,80,80,80,80,80,80,80,80,80,80,80,80,80,80,80,80,80,80,80,80,80,80,80,80,80,80,80,80,80,80,80,80,80,80,80,80,80,80,80,80,80,80,80,80,80,80,80,80,80,80,80,80,80,80],"card_choices":[{"not_picked":["Havoc","Clash"],"picked":"Cleave","floor":0},{"not_picked":["Clash","Rage"],"picked":"Cleave","floor":1},{"not_picked":["Searing Blow","Infernal Blade"],"picked":"Flex","floor":2},{"not_picked":["Intimidate","Replay:Undeath\u0027s Touch"],"picked":"Twin Strike","floor":4},{"not_picked":["Reckless Charge","Exhume","Shrug It Off"],"picked":"SKIP","floor":5},{"not_picked":["Evolve","Rupture"],"picked":"ReplayTheSpireMod:Stacked","floor":6},{"not_picked":["ReplayTheSpireMod:Strike From Hell","Anger"],"picked":"Heavy Blade","floor":7},{"not_picked":["Havoc","Armaments"],"picked":"Disarm","floor":11},{"not_picked":["Shrug It Off","Body Slam"],"picked":"Metallicize","floor":12},{"not_picked":["Body Slam","Havoc"],"picked":"Flex","floor":13},{"not_picked":["Headbutt","Heavy Blade"],"picked":"ReplayTheSpireMod:Limb From Limb","floor":14},{"not_picked":["Impervious","Bludgeon"],"picked":"Reaper","floor":16},{"not_picked":["Ghostly Armor+1","ReplayTheSpireMod:Strike From Hell","Evolve+1"],"picked":"SKIP","floor":18},{"not_picked":["Run Through","Flex"],"picked":"Heavy Blade","floor":19},{"not_picked":["Feel No Pain+1","Power Through"],"picked":"Pummel","floor":20},{"not_picked":["Battle Trance","Fire Breathing"],"picked":"ReplayTheSpireMod:Muscle Training","floor":22},{"not_picked":["Wild Strike","Infernal Blade","Power Through"],"picked":"SKIP","floor":25},{"not_picked":["Flame Barrier","Body Slam+1"],"picked":"Life Link+1","floor":27},{"not_picked":["Clothesline+1","Run Through+1"],"picked":"Whirlwind+1","floor":30},{"not_picked":["Impervious","Hemogenesis+1"],"picked":"Brutality","floor":33},{"not_picked":["Twin Strike+1","Body Slam+1","ReplayTheSpireMod:Strike From Hell+1"],"picked":"SKIP","floor":35},{"not_picked":["Barricade","Sever Soul+1"],"picked":"Heavy Blade+1","floor":36},{"not_picked":["Havoc","Clash+1"],"picked":"Blood for Blood+1","floor":38},{"not_picked":["Anger+1","Life Link+1"],"picked":"Heavy Blade+1","floor":38},{"not_picked":["Anger+1","Twin Strike+1","Second Wind+1"],"picked":"SKIP","floor":42},{"not_picked":["Headbutt+1","Clash+1","Warcry"],"picked":"SKIP","floor":45},{"not_picked":["Heavy Blade+1","Twin Strike+1","Clothesline+1"],"picked":"SKIP","floor":46},{"not_picked":["Fire Breathing","Evolve"],"picked":"Shrug It Off+1","floor":47}],"player_experience":519124,"relics_obtained":[{"floor":6,"key":"Chameleon Ring"},{"floor":9,"key":"Potion Belt"},{"floor":25,"key":"Replay:Bottled Flurry"},{"floor":26,"key":"Ornamental Fan"},{"floor":27,"key":"Molten Egg 2"},{"floor":29,"key":"Necronomicon"},{"floor":34,"key":"Red Skull"},{"floor":34,"key":"ReplayTheSpireMod:Shallot"},{"floor":34,"key":"Replay:PocketPolymizer"},{"floor":38,"key":"Pen Nib"},{"floor":45,"key":"Centennial Puzzle"}],"event_choices":[{"damage_healed":0,"gold_gain":0,"player_choice":"Stole Relic","damage_taken":0,"relics_obtained":["PreservedInsect"],"max_hp_gain":0,"max_hp_loss":0,"event_name":"Addict","floor":24,"gold_loss":0,"cards_obtained":["Shame"]},{"damage_healed":0,"gold_gain":0,"player_choice":"Obtained Book","damage_taken":16,"max_hp_gain":0,"max_hp_loss":0,"event_name":"Cursed Tome","floor":29,"gold_loss":0},{"cards_removed":["Life Link"],"damage_healed":0,"gold_gain":0,"player_choice":"Removed Power","damage_taken":0,"max_hp_gain":0,"max_hp_loss":0,"event_name":"Falling","floor":37,"gold_loss":0},{"damage_healed":0,"gold_gain":0,"cards_transformed":["Defend_R"],"player_choice":"Transformed","damage_taken":0,"max_hp_gain":0,"max_hp_loss":0,"event_name":"Transmorgrifier","floor":41,"gold_loss":0,"cards_obtained":["Iron Wave"]}],"is_beta":false,"boss_relics":[{"not_picked":["Fusion Hammer","Velvet Choker"],"picked":"SlaversCollar"},{"not_picked":["Sozu","Philosopher\u0027s Stone"],"picked":"Calling Bell"}],"items_purged_floors":[21,39],"is_endless":false,"potions_floor_spawned":[4,5,6,7,12,14,20,22,27,30,35,46],"killed_by":"The Heart","ascension_level":0}}