{"host":"hve1dyh1ly81yl9f","time":1610045013,"event":{"mods":["BaseMod","Colored Map","DeckTracker","Highlight Path","Keyboard Shortcuts","Minty Spire (QoL Compilation)","Permanent Neow","Quick Restart","StSLib","SuperFastMode"],"gold_per_floor":[417,16,26,42,57,85,85,119,119,129,204,204,235,135,135,235,235,252,41,57,57,57,57,85,105,183,209,209,220,59,59,59,163,163,173,173,57,57,75,104,16,16,61,137,150,150,161,178,178,178],"floor_reached":51,"playtime":1146,"items_purged":["Decay","Perfected Strike","Defend_R","Defend_R","Second Wind"],"score":1054,"play_id":"5c9a8b2a-375c-4795-a394-5ba3a6f53b40","local_time":"20210108034333","is_ascension_mode":true,"campfire_choices":[{"data":"Whirlwind","floor":7.0,"key":"SMITH"},{"data":"Heavy Blade","floor":12.0,"key":"SMITH"},{"data":"Defend_R","floor":15,"key":"PURGE"},{"data":"Strike_R","floor":23,"key":"PURGE"},{"data":"Strike_R","floor":28,"key":"PURGE"},{"data":"Strike_R","floor":32,"key":"PURGE"},{"data":"Defend_R","floor":42,"key":"PURGE"},{"data":"Strike_R","floor":46,"key":"PURGE"},{"data":"Strike_R","floor":49,"key":"PURGE"}],"circlet_count":0,"master_deck":["Bash","Whirlwind+1","Heavy Blade+1","Inflame","Limit Break","Limit Break","Whirlwind","Thunderclap","Thunderclap+1","Flex","Seeing Red","Seeing Red","Parasite","Limit Break+1"],"relics":["Burning Blood","Old Coin","Paper Frog","Meat on the Bone","Ancient Tea Set","Eternal Feather","Peace Pipe","Philosopher\u0027s Stone","Membership Card","MutagenicStrength","Bottled Flame","Darkstone Periapt","Gremlin Horn","Vajra","Strawberry","Sozu","Bottled Tornado","Regal Pillow","Toxic Egg 2"],"acts_visited":["Exordium","TheCity","TheBeyond"],"potions_floor_usage":[16,16,27,33],"damage_taken":[{"damage":6.0,"enemies":"Cultist","floor":1.0,"turns":3.0},{"damage":12.0,"enemies":"Jaw Worm","floor":3.0,"turns":3.0},{"damage":16.0,"enemies":"Small Slimes","floor":4.0,"turns":3.0},{"damage":21.0,"enemies":"Blue Slaver","floor":5.0,"turns":3.0},{"damage":16.0,"enemies":"Gremlin Nob","floor":6.0,"turns":3.0},{"damage":20.0,"enemies":"3 Sentries","floor":8.0,"turns":3.0},{"damage":12.0,"enemies":"Lots of Slimes","floor":10.0,"turns":2.0},{"damage":0.0,"enemies":"Gremlin Nob","floor":13.0,"turns":2.0},{"damage":46,"enemies":"The Guardian","floor":16,"turns":10},{"damage":36,"enemies":"2 Thieves","floor":18,"turns":3},{"damage":42,"enemies":"Shell Parasite","floor":20,"turns":4},{"damage":0,"enemies":"Slavers","floor":24,"turns":1},{"damage":0,"enemies":"3 Cultists","floor":25,"turns":1},{"damage":35,"enemies":"Book of Stabbing","floor":27,"turns":3},{"damage":0,"enemies":"Snecko","floor":29,"turns":2},{"damage":43,"enemies":"Champ","floor":33,"turns":5},{"damage":0,"enemies":"3 Darklings","floor":35,"turns":1},{"damage":8,"enemies":"3 Shapes","floor":39,"turns":1},{"damage":0,"enemies":"Reptomancer","floor":40,"turns":2},{"damage":0,"enemies":"Jaw Worm Horde","floor":45,"turns":1},{"damage":0,"enemies":"Writhing Mass","floor":47,"turns":2},{"damage":0,"enemies":"Sphere and 2 Shapes","floor":48,"turns":1},{"damage":26,"enemies":"Donu and Deca","floor":50,"turns":2}],"seed_played":"-7067668713323346084","potions_obtained":[{"floor":1.0,"key":"SteroidPotion"},{"floor":4.0,"key":"Weak Potion"},{"floor":10.0,"key":"FearPotion"},{"floor":13.0,"key":"FearPotion"},{"floor":16,"key":"LiquidBronze"},{"floor":24,"key":"ElixirPotion"},{"floor":27,"key":"Swift Potion"}],"is_trial":false,"path_per_floor":["M","$","M","M","M","E","R","E","T","M","?","R","E","$","R","B",null,"M","$","M","?","?","R","E","M","T","E","R","M","$","?","R","B",null,"M","?","$","?","M","E","$","R","T","T","M","R","M","M","R","B",null],"character_chosen":"IRONCLAD","items_purchased":["Whirlwind","Paper Frog","Heavy Blade","Membership Card","Flex","Vajra","Strawberry","Seeing Red"],"campfire_rested":0,"item_purchase_floors":[2,2,2,19,30,30,30,37],"current_hp_per_floor":[80,80,74,64,49,39,39,37,37,43,32,41,47,47,53,25,66,48,48,24,24,24,33,51,57,57,40,49,55,62,62,71,46,77,83,83,83,83,81,87,87,87,87,87,87,87,93,93,93,73],"gold":178,"neow_bonus":"ONE_RARE_RELIC","is_daily":false,"chose_seed":false,"campfire_upgraded":2,"win_rate":0.0,"timestamp":1610045013,"path_taken":["M","$","M","M","M","E","R","E","T","?","?","R","E","$","R","BOSS","M","$","M","?","?","R","E","?","T","E","R","M","$","?","R","BOSS","M","?","$","?","?","E","$","R","T","?","M","R","M","M","R","BOSS"],"items_purchased_type":["Card","Relic","Card","Relic","Card","Relic","Relic","Card"],"build_version":"2020-12-22","purchased_purges":5,"victory":true,"max_hp_per_floor":[80,80,80,80,80,80,80,80,80,80,80,80,80,80,80,80,80,80,80,80,80,80,80,80,80,80,80,80,80,87,87,87,87,87,87,87,87,87,87,87,87,87,87,87,87,87,93,93,93,93],"card_choices":[{"not_picked":["Headbutt","Cleave"],"picked":"Perfected Strike","floor":1.0},{"not_picked":["Pommel Strike","Shrug It Off","Dark Embrace"],"picked":"SKIP","floor":3.0},{"not_picked":["Pommel Strike","Shrug It Off","Dark Embrace"],"picked":"SKIP","floor":3.0},{"not_picked":["Feel No Pain","True Grit","Heavy Blade"],"picked":"SKIP","floor":4.0},{"not_picked":["Disarm","Battle Trance"],"picked":"Inflame","floor":5.0},{"not_picked":["Twin Strike","Sword Boomerang","Headbutt"],"picked":"SKIP","floor":6.0},{"not_picked":["Clash","Shrug It Off"],"picked":"Limit Break","floor":8.0},{"not_picked":["Intimidate","Wild Strike","Combust"],"picked":"SKIP","floor":10.0},{"not_picked":["Double Tap","Brutality","Clash"],"picked":"SKIP","floor":13.0},{"not_picked":["Corruption","Bludgeon"],"picked":"Limit Break","floor":16},{"not_picked":["Thunderclap","Sword Boomerang+1","Shockwave"],"picked":"SKIP","floor":18},{"not_picked":["Shrug It Off","Thunderclap"],"picked":"Whirlwind","floor":20},{"not_picked":["Impervious","Thunderclap","Cleave"],"picked":"SKIP","floor":24},{"not_picked":["Impervious","Cleave"],"picked":"Thunderclap","floor":24},{"not_picked":["Anger","Sword Boomerang","Armaments"],"picked":"SKIP","floor":25},{"not_picked":["Fiend Fire","Second Wind"],"picked":"Thunderclap+1","floor":27},{"not_picked":["Uppercut+1","Heavy Blade","Pummel"],"picked":"SKIP","floor":29},{"not_picked":["Dark Embrace+1","Armaments","Entrench"],"picked":"SKIP","floor":35},{"not_picked":["Inflame+1","Metallicize+1"],"picked":"Seeing Red","floor":39},{"not_picked":["Corruption","Shrug It Off+1","Evolve+1"],"picked":"SKIP","floor":40},{"not_picked":["Anger","Wild Strike","Havoc+1"],"picked":"SKIP","floor":45},{"not_picked":["Iron Wave","Anger"],"picked":"Limit Break+1","floor":47},{"not_picked":["Clothesline","Warcry+1","Shrug It Off+1"],"picked":"SKIP","floor":48}],"player_experience":298800,"relics_obtained":[{"floor":6.0,"key":"Meat on the Bone"},{"floor":8.0,"key":"Ancient Tea Set"},{"floor":9.0,"key":"Eternal Feather"},{"floor":13.0,"key":"Peace Pipe"},{"floor":24,"key":"Bottled Flame"},{"floor":26,"key":"Darkstone Periapt"},{"floor":27,"key":"Gremlin Horn"},{"floor":40,"key":"Bottled Tornado"},{"floor":43,"key":"Regal Pillow"},{"floor":44,"key":"Toxic Egg 2"}],"event_choices":[{"damage_healed":0.0,"max_hp_gain":0.0,"max_hp_loss":0.0,"gold_gain":75.0,"event_name":"World of Goop","player_choice":"Gather Gold","floor":11.0,"gold_loss":0.0,"damage_taken":11.0},{"damage_healed":0,"gold_gain":0,"player_choice":"Inject Mutagens","damage_taken":0,"relics_obtained":["MutagenicStrength"],"max_hp_gain":0,"max_hp_loss":0,"event_name":"Drug Dealer","floor":21,"gold_loss":0},{"damage_healed":0,"gold_gain":0,"player_choice":"1 cards matched","damage_taken":0,"max_hp_gain":0,"max_hp_loss":0,"event_name":"Match and Keep!","floor":22,"gold_loss":0,"cards_obtained":["Second Wind"]},{"damage_healed":0,"gold_gain":0,"player_choice":"Ignored","damage_taken":0,"max_hp_gain":0,"max_hp_loss":0,"event_name":"Ghosts","floor":31,"gold_loss":0},{"damage_healed":0,"gold_gain":0,"player_choice":"Ignored","damage_taken":0,"max_hp_gain":0,"max_hp_loss":0,"event_name":"Tomb of Lord Red Mask","floor":36,"gold_loss":0},{"damage_healed":0,"gold_gain":0,"player_choice":"Got Potions","damage_taken":0,"max_hp_gain":0,"max_hp_loss":0,"event_name":"Lab","floor":38,"gold_loss":0}],"is_beta":false,"boss_relics":[{"not_picked":["Black Blood","Calling Bell"],"picked":"Philosopher\u0027s Stone"},{"not_picked":["Runic Cube","Runic Dome"],"picked":"Sozu"}],"items_purged_floors":[2,14,19,37,41],"is_endless":false,"potions_floor_spawned":[1,4,10,13,16,24,27,35,45,48],"ascension_level":5}}