{"host":"vh84ep2bvzg72dp7","time":1610052158,"event":{"mods":["AchievementEnabler","Act Like it!","Aspiration","Astrologer","Bard","BaseMod","Beaked The Cultist","Better Altar","Better Match","Better Note","Better Sensory Stone","Better Skull","Better Third Choice","BetterRewards","Conspire","Downfall","Gensokyo","Halation","Hermit","Infinite Spire","Jorbs\u0027s Wanderer Trilogy","Marisa（霧雨　魔理沙）","Minty Spire (QoL Compilation)","MostiFishMod","Replay The Spire","Shop Mod","Spicy Shops","StSLib","The Alterego","The Animator","The Construct","The Cursed","The Hierophant","The Jungle","The Poker Player","The Runesmith","The Servant 0.9.4","The Wild Card","TheArtist","WarShipGirlsR/战舰少女R mod"],"gold_per_floor":[99,119,119,119,130,145,145,162,162,178,178,103,143,166,192,220,245,349,349,349,377,396,396,410,437,463,498,517,526,551,575,425,460,483,593,593,602,630,651,660,681,322,402,425,282,311,334,363,299,334,363,363,363,406,31,31,31],"floor_reached":58,"playtime":3018,"items_purged":[],"score":1466,"play_id":"bc3ed27a-9206-48dc-b1ec-e0ea3348e735","local_time":"20210108034238","is_ascension_mode":false,"campfire_choices":[{"floor":1,"key":"RECALL"},{"data":"MostiFishMod:SephirahHod","floor":12,"key":"SMITH"},{"data":"champ:Balance","floor":20,"key":"SMITH"},{"floor":32,"key":"REST"},{"floor":56,"key":"REST"}],"circlet_count":0,"master_deck":["champ:Strike","champ:Strike","champ:Strike","champ:Defend","champ:Defend","champ:Execute","champ:Taunt+1","MostiFishMod:SephirahHod+1","champ:RecklessLeap","champ:RisingSlash","champ:GladiatorsShout","Hallucinations","champ:BringItOn","champ:FanOfKnives","champ:Encircle","champ:TornadoPunch","champ:RisingSlash","champ:Balance+1","champ:CheapShot+1","champ:PerfectedStrike+1","champ:FanOfKnives","champ:GutPunch+1","champ:GladiatorsShout+1","champ:RecklessLeap","champ:SteelEdge+1","champ:DefensiveShout+1","champ:BerserkersShout+1","champ:Backstep","champ:BladeFlurry","FlawlessForm+1","champ:SteelEdge+1","champ:TornadoPunch","champ:HeartStrike+1","champ:DeathBlow","champ:CrookedStrike","champ:FlashCut+1","champ:GladiatorsShout+1","expansioncontent:DashGenerateEvil+1","champ:LastStand+1","Contraction+1","champ:PerfectedStrike+1","champ:DefensiveStyle","Contraction+1","champ:CrookedStrike+1","champ:VampiricStrike+1","Barrier","Flash of Steel+1"],"relics":["champ:ChampionCrown","DaveBox","infinitespire:PuzzleCube","MostiFishMod:Hod","Ring of Hypnosis","Golden Egg","halation:EternalFortune","downfall:HeartBlessingRed","CeramicFish","ReplayFunnel","aspiration:ServantSkillbook","Blood Vial","downfall:HeartBlessingGreen","downfall:HeartBlessingBlue","Peace Pipe","GuanYuAspect","Bronze Scales","conspire:BottledYoYo","champ:GladiatorsBookOfMartialProwess","ArrowTower","ClockworkSouvenir","champ:FightingForDummies","Pen Nib","beaked:ShinyBauble","Vajra","War Paint"],"acts_visited":["Exordium","TheCity","TheBeyond","TheEnding"],"potions_floor_usage":[24,24,27,35,35,45],"damage_taken":[{"damage":5,"enemies":"Cultist","floor":2,"turns":3},{"damage":20,"enemies":"Small Slimes","floor":5,"turns":2},{"damage":20,"enemies":"2 Louse","floor":6,"turns":1},{"damage":15,"enemies":"Blue Slaver","floor":8,"turns":2},{"damage":20,"enemies":"Lots of Slimes","floor":10,"turns":3},{"damage":20,"enemies":"3 Sentries","floor":13,"turns":3},{"damage":6,"enemies":"Red Slaver","floor":15,"turns":1},{"damage":0,"enemies":"Exordium Wildlife","floor":16,"turns":2},{"damage":26,"enemies":"Lots of Slimes","floor":17,"turns":3},{"damage":46,"enemies":"downfall:Defect","floor":18,"turns":4},{"damage":31,"enemies":"Chosen","floor":21,"turns":3},{"damage":37,"enemies":"3 Byrds","floor":22,"turns":3},{"damage":24,"enemies":"Snake Plant","floor":24,"turns":1},{"damage":30,"enemies":"Cultist and Chosen","floor":25,"turns":4},{"damage":27,"enemies":"Slavers","floor":27,"turns":2},{"damage":22,"enemies":"Snecko","floor":28,"turns":2},{"damage":62,"enemies":"Centurion and Healer","floor":30,"turns":3},{"damage":51,"enemies":"Chosen and Byrds","floor":31,"turns":3},{"damage":55,"enemies":"Gremlin Leader","floor":33,"turns":4},{"damage":22,"enemies":"Snake Plant","floor":34,"turns":2},{"damage":96,"enemies":"downfall:Silent","floor":35,"turns":5},{"damage":3,"enemies":"3 Darklings","floor":38,"turns":1},{"damage":0,"enemies":"Orb Walker","floor":39,"turns":3},{"damage":60,"enemies":"Maw","floor":41,"turns":5},{"damage":57,"enemies":"downfall:FleeingMerchant","floor":42,"turns":4},{"damage":59,"enemies":"4 Shapes","floor":44,"turns":3},{"damage":60,"enemies":"downfall:FleeingMerchant","floor":45,"turns":3},{"damage":12,"enemies":"Transient","floor":46,"turns":5},{"damage":2,"enemies":"Writhing Mass","floor":48,"turns":4},{"damage":20,"enemies":"Reptomancer","floor":50,"turns":3},{"damage":38,"enemies":"4 Shapes","floor":51,"turns":2},{"damage":20,"enemies":"downfall:Ironclad","floor":52,"turns":5},{"damage":45,"enemies":"downfall:CharBossMerchant","floor":54,"turns":6},{"damage":46,"enemies":"downfall:NeowBoss","floor":57,"turns":13}],"seed_played":"-4691288612760788320","potions_obtained":[{"floor":5,"key":"Explosive Potion"},{"floor":6,"key":"AttackPotion"},{"floor":8,"key":"Fire Potion"},{"floor":24,"key":"FearPotion"},{"floor":25,"key":"Regen Potion"},{"floor":35,"key":"Block Potion"},{"floor":41,"key":"BlessingOfTheForge"},{"floor":44,"key":"SteroidPotion"},{"floor":46,"key":"champ:OpenerPotion"}],"is_trial":false,"path_per_floor":["R","M","PTL","PTL","M","M","?","M","T","M","?","R","E","T","M","M","M","B",null,"R","M","M","?","M","M","T","E","M","?","M","M","R","E","M","B",null,"R","M","M","?","M","$","T","M","$","M","T","M","$","E","M","B",null,"E","$","R","B",null],"character_chosen":"THE_CHAMP","items_purchased":["Bronze Scales","champ:GladiatorsShout","expansioncontent:DashGenerateEvil","champ:GladiatorsBookOfMartialProwess","ArrowTower","ClockworkSouvenir","Contraction","Vajra","War Paint","Flash of Steel"],"campfire_rested":2,"item_purchase_floors":[42,42,42,45,45,45,49,55,55,55],"current_hp_per_floor":[90,90,90,90,90,90,90,84,84,84,87,87,90,90,93,93,93,84,99,99,96,96,96,96,90,90,86,88,88,93,91,115,101,113,94,59,59,59,59,59,57,59,59,39,33,59,59,59,59,59,51,62,62,62,62,62,62],"gold":31,"neow_bonus":"RANDOM_COMMON_RELIC","is_daily":false,"chose_seed":false,"campfire_upgraded":2,"win_rate":0.0,"timestamp":1610052158,"path_taken":["R","?","PTL","PTL","M","M","?","M","T","M","?","R","E","?","M","?","M","BOSS","R","M","M","?","M","?","T","E","M","?","?","M","R","E","M","BOSS","R","M","M","?","M","$","T","?","$","M","?","?","?","E","M","BOSS","E","$","R","BOSS"],"items_purchased_type":["Relic","Card","Card","Relic","Relic","Relic","Card","Relic","Relic","Card"],"build_version":"2020-12-22","purchased_purges":0,"victory":true,"max_hp_per_floor":[90,90,90,90,90,90,90,90,90,90,93,93,96,96,99,99,99,99,99,99,102,102,102,102,102,102,102,102,102,105,105,115,115,118,118,59,59,59,59,59,59,59,59,59,59,59,59,59,59,59,62,62,62,62,62,62,62],"card_choices":[{"not_picked":["champ:GladiatorsShout","champ:GutPunch"],"picked":"champ:RecklessLeap","floor":2},{"not_picked":["champ:DefensiveShout","champ:PreciseThrust"],"picked":"champ:RisingSlash","floor":5},{"not_picked":["champ:CrookedStrike","champ:StanceDance"],"picked":"champ:GladiatorsShout","floor":6},{"not_picked":["champ:FlashCut","champ:CalledShot"],"picked":"champ:BringItOn","floor":8},{"not_picked":["champ:BladeFlurry","champ:FightOn"],"picked":"champ:FanOfKnives","floor":10},{"not_picked":["champ:CrookedStrike","champ:ViciousMockery"],"picked":"champ:Encircle","floor":13},{"not_picked":["champ:BerserkersShout","champ:HeavySlash"],"picked":"champ:TornadoPunch","floor":15},{"not_picked":["champ:FaceSlap","champ:GutPunch"],"picked":"champ:RisingSlash","floor":16},{"not_picked":["champ:EndlessRage","champ:Backstep"],"picked":"champ:Balance","floor":17},{"not_picked":["champ:Improvising","champ:HoldFirm"],"picked":"champ:CheapShot","floor":18},{"not_picked":["Hightail","Alleviate","Starlight"],"picked":"champ:PerfectedStrike+1","floor":21},{"not_picked":["champ:TornadoPunch","champ:BerserkerStyle","champ:BringItOn"],"picked":"champ:FanOfKnives","floor":22},{"not_picked":["TimeWarp","Rearm+1","champ:Circumvent","Snipe"],"picked":"SKIP","floor":24},{"not_picked":["champ:Shatter","champ:RapidStrikes","Rearm"],"picked":"champ:GutPunch+1","floor":25},{"not_picked":["Ricochet","champ:Circumvent","SilverBlades"],"picked":"champ:GladiatorsShout","floor":27},{"not_picked":["Potential","Starlight","champ:Haymaker+1"],"picked":"champ:RecklessLeap","floor":28},{"not_picked":["Snipe","SurpressingFire+1","DoubleEdge"],"picked":"champ:DefensiveShout+1","floor":30},{"not_picked":["FastForward","Collapse","BottledTime"],"picked":"champ:BerserkersShout+1","floor":31},{"not_picked":["FastForward+1","Orbit+1","Shuttle"],"picked":"champ:Backstep","floor":33},{"not_picked":["champ:ShieldSlam","Rewind","BestPractice"],"picked":"champ:BladeFlurry","floor":34},{"not_picked":["champ:PerfectForm","champ:HoldFirm","Duplication"],"picked":"FlawlessForm","floor":35},{"not_picked":["Desolation","Read","Rearm+1"],"picked":"champ:TornadoPunch","floor":38},{"not_picked":["Unruled+1","BestPractice+1","champ:BringItOn+1"],"picked":"champ:HeartStrike+1","floor":39},{"not_picked":["BestPractice","champ:DeathBlow","BottledTime+1"],"picked":"champ:CrookedStrike","floor":41},{"not_picked":["Ricochet+1","Spin+1","champ:HeartStrike+1"],"picked":"champ:FlashCut","floor":42},{"not_picked":["Desolation+1","Replace+1","champ:Haymaker"],"picked":"champ:LastStand","floor":44},{"not_picked":["Alleviate+1","DualDimension+1","champ:GutPunch+1"],"picked":"Contraction+1","floor":45},{"not_picked":["Orbit","TimeWarp","Alleviate"],"picked":"champ:PerfectedStrike+1","floor":46},{"not_picked":["champ:StanceDance+1","champ:TornadoPunch+1","FastForward+1"],"picked":"champ:DefensiveStyle","floor":48},{"not_picked":["ShiftingGears","Alleviate+1","champ:Backstep"],"picked":"champ:CrookedStrike+1","floor":50},{"not_picked":["DancingSilver+1","champ:BerserkersShout","Desolation+1"],"picked":"champ:VampiricStrike","floor":51},{"not_picked":["champ:ArenaPreparation+1","champ:StrikeOfGenius","Collapse"],"picked":"Barrier","floor":54}],"player_experience":319670,"relics_obtained":[{"floor":7,"key":"Ring of Hypnosis"},{"floor":9,"key":"Golden Egg"},{"floor":13,"key":"halation:EternalFortune"},{"floor":13,"key":"CeramicFish"},{"floor":14,"key":"ReplayFunnel"},{"floor":15,"key":"halation:EternalFortune"},{"floor":21,"key":"halation:EternalFortune"},{"floor":27,"key":"Blood Vial"},{"floor":30,"key":"halation:EternalFortune"},{"floor":33,"key":"Peace Pipe"},{"floor":34,"key":"halation:EternalFortune"},{"floor":43,"key":"conspire:BottledYoYo"},{"floor":47,"key":"champ:FightingForDummies"},{"floor":50,"key":"Pen Nib"},{"floor":51,"key":"halation:EternalFortune"},{"floor":54,"key":"beaked:ShinyBauble"}],"event_choices":[{"cards_removed":["Hallucinations"],"damage_healed":0,"gold_gain":0,"player_choice":"Give","damage_taken":0,"max_hp_gain":0,"max_hp_loss":0,"event_name":"betterNote:BetterNote","floor":23,"gold_loss":0,"cards_obtained":["hierophant:Doubloon"]},{"damage_healed":0,"gold_gain":0,"cards_transformed":["champ:Defend"],"player_choice":"Transformed","damage_taken":0,"max_hp_gain":0,"max_hp_loss":0,"event_name":"Transmorgrifier","floor":29,"gold_loss":0,"cards_obtained":["champ:SteelEdge"]},{"damage_healed":0,"gold_gain":0,"cards_transformed":["champ:Defend"],"player_choice":"Transformed","damage_taken":0,"max_hp_gain":0,"max_hp_loss":0,"event_name":"Transmorgrifier","floor":40,"gold_loss":0,"cards_obtained":["champ:DeathBlow"]}],"is_beta":false,"boss_relics":[{"not_picked":["construct:ClawGrip","downfall:Hecktoplasm"],"picked":"aspiration:ServantSkillbook"},{"not_picked":["halation:HeavySnake","Replay:Wanted Poster"],"picked":"GuanYuAspect"}],"items_purged_floors":[],"is_endless":false,"potions_floor_spawned":[5,6,8,16,18,22,24,25,35,41,44,46,48,50],"ascension_level":0}}