{"host":"x52zk6e1f2bye2h7","time":1610052455,"event":{"mods":["AchievementEnabler","BaseMod","Highlight Path","Minty Spire (QoL Compilation)","everything is the same but u backflip on backflip"],"gold_per_floor":[360,360,374,392,404,430,430,456,480,405,405,305,305,132,132,237,237,247,16,32,32,32,63,63,94,94,111,121,132,132,148,148,248,248,263,88,106,122,135,135,147,161,161,161,161,195,195,211,211,211,211,211,11,39,39,39],"floor_reached":55,"playtime":2616,"items_purged":["Strike_R","Strike_R","Strike_R","Strike_R","Strike_R+1","Pain"],"score":760,"play_id":"86e0a50b-8100-4d97-b87c-390456847ad3","local_time":"20210107204735","is_ascension_mode":true,"campfire_choices":[{"data":"Defend_R","floor":7,"key":"SMITH"},{"data":"Pummel","floor":11,"key":"SMITH"},{"data":"Spot Weakness","floor":13,"key":"SMITH"},{"data":"Defend_R","floor":15,"key":"SMITH"},{"data":"Heavy Blade","floor":30,"key":"SMITH"},{"data":"Heavy Blade","floor":32,"key":"SMITH"},{"data":"Dual Wield","floor":40,"key":"SMITH"},{"floor":45,"key":"RECALL"},{"floor":49,"key":"REST"},{"data":"Reaper","floor":52,"key":"SMITH"}],"circlet_count":0,"master_deck":["Defend_R+1","Defend_R+1","Defend_R+1","Defend_R+1","Bash","Inflame+1","Pummel+1","Twin Strike+1","Twin Strike+1","Spot Weakness+1","Heavy Blade+1","Immolate","Warcry","Dual Wield+1","Heavy Blade+1","Clumsy","Whirlwind","Reaper+1","Flex+1","Warcry+1","Parasite","Demon Form"],"relics":["Burning Blood","Mercury Hourglass","Regal Pillow","Potion Belt","Cursed Key","Whetstone","Lantern","Red Skull","Philosopher\u0027s Stone","MealTicket","Kunai"],"acts_visited":["Exordium","TheCity","TheBeyond","TheEnding"],"potions_floor_usage":[6,16,16,33,46,50,50,50,50,54,55],"damage_taken":[{"damage":2,"enemies":"Small Slimes","floor":1,"turns":4},{"damage":0,"enemies":"Cultist","floor":3,"turns":3},{"damage":2,"enemies":"2 Louse","floor":4,"turns":2},{"damage":14,"enemies":"Gremlin Gang","floor":5,"turns":6},{"damage":13,"enemies":"3 Sentries","floor":6,"turns":6},{"damage":24,"enemies":"Gremlin Nob","floor":8,"turns":4},{"damage":28,"enemies":"The Guardian","floor":16,"turns":8},{"damage":2,"enemies":"Spheric Guardian","floor":18,"turns":3},{"damage":12,"enemies":"2 Thieves","floor":20,"turns":2},{"damage":19,"enemies":"Slavers","floor":23,"turns":3},{"damage":23,"enemies":"Book of Stabbing","floor":25,"turns":4},{"damage":7,"enemies":"Snecko","floor":27,"turns":3},{"damage":13,"enemies":"Snake Plant","floor":28,"turns":2},{"damage":12,"enemies":"Centurion and Healer","floor":29,"turns":4},{"damage":0,"enemies":"Snecko","floor":31,"turns":3},{"damage":26,"enemies":"Automaton","floor":33,"turns":6},{"damage":27,"enemies":"3 Darklings","floor":35,"turns":3},{"damage":11,"enemies":"3 Shapes","floor":37,"turns":2},{"damage":32,"enemies":"Transient","floor":38,"turns":5},{"damage":6,"enemies":"4 Shapes","floor":39,"turns":2},{"damage":37,"enemies":"Jaw Worm Horde","floor":41,"turns":3},{"damage":0,"enemies":"Sphere and 2 Shapes","floor":42,"turns":3},{"damage":32,"enemies":"Giant Head","floor":46,"turns":6},{"damage":22,"enemies":"Writhing Mass","floor":48,"turns":4},{"damage":83,"enemies":"Awakened One","floor":50,"turns":7},{"damage":83,"enemies":"Shield and Spear","floor":54,"turns":4},{"damage":22,"enemies":"The Heart","floor":55,"turns":2}],"seed_played":"-332258605385211354","potions_obtained":[{"floor":1,"key":"SkillPotion"},{"floor":5,"key":"Strength Potion"},{"floor":6,"key":"DuplicationPotion"},{"floor":25,"key":"Regen Potion"},{"floor":27,"key":"ColorlessPotion"},{"floor":29,"key":"Weak Potion"},{"floor":33,"key":"LiquidBronze"},{"floor":37,"key":"BlessingOfTheForge"},{"floor":39,"key":"BlessingOfTheForge"},{"floor":46,"key":"Swift Potion"},{"floor":54,"key":"BlessingOfTheForge"}],"is_trial":false,"path_per_floor":["M","?","M","M","M","E","R","E","T","$","R","$","R","$","R","B",null,"M","$","M","?","?","E","$","E","T","M","M","M","R","M","R","B",null,"M","$","M","M","M","R","M","M","T","?","R","E","?","M","R","B",null,"R","$","E","B"],"character_chosen":"IRONCLAD","items_purchased":["Heavy Blade","Dual Wield"],"campfire_rested":1,"item_purchase_floors":[14,19],"current_hp_per_floor":[72,72,72,72,64,57,57,39,39,39,39,39,39,39,39,17,72,72,72,66,66,66,53,53,36,36,35,28,42,42,55,55,68,72,65,65,60,56,56,56,40,54,54,54,54,51,51,35,68,12,68,68,68,19,0,0],"gold":39,"neow_bonus":"TWO_FIFTY_GOLD","is_daily":false,"chose_seed":false,"campfire_upgraded":8,"win_rate":0.0,"timestamp":1610052455,"path_taken":["M","?","?","M","M","E","R","E","T","$","R","?","R","$","R","BOSS","M","$","M","?","?","E","$","E","T","M","M","M","R","M","R","BOSS","M","$","M","M","M","R","M","?","T","?","R","E","?","M","R","BOSS","R","$","E","BOSS"],"items_purchased_type":["Card","Card"],"build_version":"2020-12-22","purchased_purges":6,"victory":false,"max_hp_per_floor":[72,72,72,72,72,72,72,72,72,72,72,72,72,72,72,72,72,72,72,72,72,72,72,72,72,72,72,72,72,72,72,72,72,72,72,72,72,72,72,72,72,72,72,68,68,68,68,68,68,68,68,68,68,68,68,68],"card_choices":[{"not_picked":["Power Through","True Grit"],"picked":"Inflame","floor":1},{"not_picked":["Intimidate","Searing Blow"],"picked":"Pummel","floor":3},{"not_picked":["Anger","Thunderclap"],"picked":"Twin Strike","floor":4},{"not_picked":["Clothesline","Warcry"],"picked":"Twin Strike","floor":5},{"not_picked":["Uppercut","Dark Embrace"],"picked":"Spot Weakness","floor":6},{"not_picked":["Clash","Clothesline","Dark Embrace"],"picked":"SKIP","floor":8},{"not_picked":["Brutality","Impervious"],"picked":"Immolate","floor":16},{"not_picked":["Sever Soul","Feel No Pain"],"picked":"Warcry","floor":18},{"not_picked":["Perfected Strike","Clothesline","Seeing Red"],"picked":"SKIP","floor":20},{"not_picked":["Headbutt","Thunderclap","Clothesline+1"],"picked":"SKIP","floor":23},{"not_picked":["Armaments","Flex+1"],"picked":"Heavy Blade","floor":25},{"not_picked":["Wild Strike+1","Flame Barrier"],"picked":"Whirlwind","floor":27},{"not_picked":["Feel No Pain","Body Slam+1"],"picked":"Reaper","floor":28},{"not_picked":["Twin Strike","Heavy Blade","Combust"],"picked":"SKIP","floor":29},{"not_picked":["Flex+1","Perfected Strike","Sword Boomerang"],"picked":"SKIP","floor":31},{"not_picked":["Limit Break","Offering"],"picked":"Reaper","floor":33},{"not_picked":["Clothesline","Blood for Blood","Wild Strike+1"],"picked":"SKIP","floor":35},{"not_picked":["Clash","Wild Strike","Dark Embrace"],"picked":"SKIP","floor":37},{"not_picked":["Armaments","Sever Soul","Searing Blow"],"picked":"SKIP","floor":38},{"not_picked":["Reckless Charge","Wild Strike+1","Combust"],"picked":"SKIP","floor":39},{"not_picked":["Metallicize+1","Wild Strike","Burning Pact+1"],"picked":"SKIP","floor":41},{"not_picked":["Sword Boomerang+1","Power Through+1"],"picked":"Flex+1","floor":42},{"not_picked":["Perfected Strike","Headbutt"],"picked":"Warcry+1","floor":46},{"not_picked":["True Grit+1","Warcry","Reckless Charge"],"picked":"SKIP","floor":48},{"not_picked":["Evolve+1","Sever Soul+1"],"picked":"Demon Form","floor":54}],"player_experience":83877,"relics_obtained":[{"floor":6,"key":"Mercury Hourglass"},{"floor":8,"key":"Regal Pillow"},{"floor":9,"key":"Potion Belt"},{"floor":23,"key":"Whetstone"},{"floor":25,"key":"Lantern"},{"floor":26,"key":"Red Skull"},{"floor":46,"key":"MealTicket"},{"floor":54,"key":"Kunai"}],"event_choices":[{"damage_healed":0,"gold_gain":0,"player_choice":"Upgraded","damage_taken":0,"max_hp_gain":0,"max_hp_loss":0,"event_name":"Upgrade Shrine","floor":2,"gold_loss":0,"cards_upgraded":["Inflame"]},{"damage_healed":0,"gold_gain":0,"player_choice":"Simplicity","damage_taken":0,"max_hp_gain":0,"max_hp_loss":0,"event_name":"Back to Basics","floor":21,"gold_loss":0,"cards_upgraded":["Strike_R","Defend_R","Defend_R"]},{"damage_healed":0,"gold_gain":0,"player_choice":"Ignored","damage_taken":0,"max_hp_gain":0,"max_hp_loss":0,"event_name":"N\u0027loth","floor":22,"gold_loss":0},{"damage_healed":0,"gold_gain":0,"player_choice":"Max HP","damage_taken":0,"max_hp_gain":0,"max_hp_loss":4,"event_name":"Winding Halls","floor":44,"gold_loss":0},{"cards_removed":["Reaper"],"damage_healed":0,"gold_gain":0,"player_choice":"Removed Attack","damage_taken":0,"max_hp_gain":0,"max_hp_loss":0,"event_name":"Falling","floor":47,"gold_loss":0}],"is_beta":false,"boss_relics":[{"not_picked":["Black Blood","Runic Dome"],"picked":"Cursed Key"},{"not_picked":["Coffee Dripper","Snecko Eye"],"picked":"Philosopher\u0027s Stone"}],"items_purged_floors":[10,12,14,19,36,53],"is_endless":false,"potions_floor_spawned":[1,5,6,25,27,29,33,37,39,46,48,54],"killed_by":"The Heart","ascension_level":1}}