{"host":"qdfumeom6htv8yxl","time":1610036806,"event":{"mods":["AchievementEnabler","BaseMod","Block Reminder","Minty Spire (QoL Compilation)","Quick Restart","Relic Stats"],"gold_per_floor":[109,109,125,200,46,46,57,74,101,101,101,130,41,41,41,119,119,134,134,153,22,22,22,22,22,22,22,33,33,64,9,9,86,86,102,127,177,196,5,5,30,30,111,111,111,123,14,41,41,41],"floor_reached":51,"playtime":2827,"items_purged":["Strike_G","Writhe"],"score":1330,"play_id":"a441732b-4c52-48ad-b3ff-6e610ce905fb","local_time":"20210107102646","is_ascension_mode":true,"campfire_choices":[{"data":"Caltrops","floor":6.0,"key":"SMITH"},{"data":"Blade Dance","floor":10.0,"key":"SMITH"},{"data":"Terror","floor":15.0,"key":"SMITH"},{"data":"Accuracy","floor":23.0,"key":"SMITH"},{"data":"Noxious Fumes","floor":25.0,"key":"SMITH"},{"data":"Leg Sweep","floor":27.0,"key":"SMITH"},{"floor":32.0,"key":"REST"},{"data":"Blade Dance","floor":40.0,"key":"SMITH"},{"data":"Neutralize","floor":42.0,"key":"SMITH"},{"data":"Mind Blast","floor":45.0,"key":"SMITH"},{"data":"Backflip","floor":49,"key":"SMITH"}],"circlet_count":0,"master_deck":["AscendersBane","Strike_G","Strike_G","Defend_G","Defend_G","Defend_G","Defend_G","Survivor","Neutralize+1","Caltrops+1","Dagger Throw","Backflip+1","Dagger Spray","Backflip","Blade Dance+1","Terror+1","Noxious Fumes+1","Corpse Explosion","Adrenaline","Leg Sweep+1","Noxious Fumes+1","Accuracy+1","Blade Dance+1","Blur","Adrenaline","CurseOfTheBell","Infinite Blades","Dark Shackles","Blur+1","Dark Shackles","Flash of Steel","Mind Blast+1","Blur+1"],"relics":["Ring of the Snake","Thread and Needle","Toy Ornithopter","Centennial Puzzle","SacredBark","Mercury Hourglass","Kunai","Bronze Scales","Calling Bell","PreservedInsect","Ninja Scroll","FossilizedHelix","The Specimen","Prayer Wheel","Pear","Eternal Feather","Singing Bowl"],"acts_visited":["Exordium","TheCity","TheBeyond"],"potions_floor_usage":[50],"damage_taken":[{"damage":0.0,"enemies":"Jaw Worm","floor":1.0,"turns":6.0},{"damage":0.0,"enemies":"Small Slimes","floor":3.0,"turns":3.0},{"damage":0.0,"enemies":"2 Louse","floor":7.0,"turns":3.0},{"damage":8.0,"enemies":"Exordium Wildlife","floor":8.0,"turns":7.0},{"damage":0.0,"enemies":"2 Fungi Beasts","floor":11.0,"turns":1.0},{"damage":19.0,"enemies":"3 Sentries","floor":12.0,"turns":8.0},{"damage":7.0,"enemies":"The Guardian","floor":16.0,"turns":13.0},{"damage":0.0,"enemies":"3 Byrds","floor":18.0,"turns":3.0},{"damage":12.0,"enemies":"Spheric Guardian","floor":20.0,"turns":5.0},{"damage":12.0,"enemies":"Snake Plant","floor":28.0,"turns":4.0},{"damage":19.0,"enemies":"Gremlin Leader","floor":30.0,"turns":4.0},{"damage":43.0,"enemies":"Collector","floor":33.0,"turns":9.0},{"damage":0.0,"enemies":"Orb Walker","floor":35.0,"turns":4.0},{"damage":0.0,"enemies":"Mind Bloom Boss Battle","floor":36.0,"turns":4.0},{"damage":0.0,"enemies":"2 Orb Walkers","floor":37.0,"turns":3.0},{"damage":0.0,"enemies":"3 Darklings","floor":38.0,"turns":2.0},{"damage":3.0,"enemies":"Nemesis","floor":41.0,"turns":5.0},{"damage":0.0,"enemies":"Writhing Mass","floor":46.0,"turns":6.0},{"damage":0,"enemies":"Giant Head","floor":48,"turns":7},{"damage":44,"enemies":"Awakened One","floor":50,"turns":13}],"seed_played":"6401509737959869385","potions_obtained":[{"floor":1.0,"key":"DuplicationPotion"},{"floor":3.0,"key":"ColorlessPotion"},{"floor":8.0,"key":"SmokeBomb"},{"floor":20.0,"key":"SteroidPotion"},{"floor":33.0,"key":"LiquidMemories"},{"floor":35.0,"key":"SteroidPotion"},{"floor":36.0,"key":"Fire Potion"}],"is_trial":false,"path_per_floor":["M","?","M","?","$","R","M","M","T","R","M","E","$","?","R","B",null,"M","?","M","$","?","R","?","R","T","R","M","?","E","$","R","B",null,"M","?","?","M","$","R","E","R","T","?","R","M","$","E","R","B",null],"character_chosen":"THE_SILENT","items_purchased":["Backflip","Dagger Spray","Noxious Fumes","Accuracy","Blade Dance","Block Potion","Dark Shackles","Fruit Juice"],"campfire_rested":1,"item_purchase_floors":[5,5,13,21,21,31,39,47],"current_hp_per_floor":[44,66,66,55,55,55,55,47,47,47,52,33,33,26,26,19,54,54,54,42,42,42,42,42,42,42,42,35,35,16,16,35,2,50,50,50,50,50,50,50,57,57,57,47,65,70,85,85,86,47],"gold":41,"neow_bonus":"ONE_RARE_RELIC","is_daily":false,"chose_seed":false,"campfire_upgraded":10,"win_rate":0.0,"timestamp":1610036806,"path_taken":["M","?","M","?","$","R","M","M","T","R","M","E","$","?","R","BOSS","M","?","M","$","?","R","?","R","T","R","M","?","E","$","R","BOSS","M","?","?","M","?","R","E","R","T","?","R","M","$","E","R","BOSS"],"items_purchased_type":["Card","Card","Card","Card","Card","Potion","Card","Potion"],"build_version":"2020-12-22","purchased_purges":2,"victory":true,"max_hp_per_floor":[66,66,66,66,66,66,66,66,66,66,66,66,66,66,66,66,66,66,66,66,66,66,66,66,66,66,66,66,66,66,66,66,66,66,66,66,66,66,66,66,76,76,76,76,76,76,86,86,86,86],"relic_stats":{"Centennial Puzzle":[21],"Singing Bowl":0,"counters":[20,110],"Bronze Scales":[189],"Prayer Wheel":2,"Eternal Feather":19,"PreservedInsect":180,"Kunai":[38],"obtain_stats":[{"Pear":41,"The Specimen":36,"Singing Bowl":48,"SacredBark":17,"Thread and Needle":0,"Eternal Feather":43,"PreservedInsect":34,"Mercury Hourglass":22,"Calling Bell":34,"Centennial Puzzle":12,"Ninja Scroll":34,"Bronze Scales":30,"Prayer Wheel":37,"Kunai":26,"Toy Ornithopter":9,"FossilizedHelix":34,"Ring of the Snake":0},{"Pear":17,"The Specimen":14,"Singing Bowl":19,"SacredBark":7,"Thread and Needle":0,"Eternal Feather":17,"PreservedInsect":12,"Mercury Hourglass":9,"Calling Bell":12,"Centennial Puzzle":6,"Ninja Scroll":12,"Bronze Scales":11,"Prayer Wheel":15,"Kunai":9,"Toy Ornithopter":4,"FossilizedHelix":12,"Ring of the Snake":0},{"Pear":84,"The Specimen":74,"Singing Bowl":97,"SacredBark":41,"Thread and Needle":0,"Eternal Feather":84,"PreservedInsect":66,"Mercury Hourglass":49,"Calling Bell":66,"Centennial Puzzle":28,"Ninja Scroll":66,"Bronze Scales":57,"Prayer Wheel":77,"Kunai":49,"Toy Ornithopter":19,"FossilizedHelix":66,"Ring of the Snake":0}],"Toy Ornithopter":35,"Ring of the Snake":[40],"Mercury Hourglass":[249]},"card_choices":[{"not_picked":["Dodge and Roll","Escape Plan"],"picked":"Caltrops","floor":1.0},{"not_picked":["Sucker Punch","Prepared"],"picked":"Dagger Throw","floor":3.0},{"not_picked":["Slice","Dagger Throw"],"picked":"Backflip","floor":7.0},{"not_picked":["Finisher","Well Laid Plans"],"picked":"Blade Dance","floor":8.0},{"not_picked":["Bane","Bouncing Flask"],"picked":"Terror","floor":12.0},{"not_picked":["Phantasmal Killer","Burst"],"picked":"Corpse Explosion","floor":16.0},{"not_picked":["Outmaneuver","Acrobatics","Expertise"],"picked":"SKIP","floor":18.0},{"not_picked":["Infinite Blades","Backflip"],"picked":"Noxious Fumes+1","floor":20.0},{"not_picked":["Underhanded Strike","Flechettes"],"picked":"Blur","floor":28.0},{"not_picked":["All Out Attack","Underhanded Strike","Skewer+1"],"picked":"SKIP","floor":30.0},{"not_picked":["Grand Finale","Doppelganger"],"picked":"Adrenaline","floor":33.0},{"not_picked":["Deadly Poison+1","Flying Knee+1"],"picked":"Infinite Blades","floor":35.0},{"not_picked":["Skewer","Blur","Underhanded Strike+1"],"picked":"SKIP","floor":38.0},{"not_picked":["Deflect","Sucker Punch","Endless Agony"],"picked":"SKIP","floor":38.0},{"not_picked":["Skewer","Blur","Underhanded Strike+1"],"picked":"SKIP","floor":38.0},{"not_picked":["Deflect","Sucker Punch","Endless Agony"],"picked":"SKIP","floor":38.0},{"not_picked":["Outmaneuver","Dash"],"picked":"Blur+1","floor":41.0},{"not_picked":["Trip","Good Instincts"],"picked":"Dark Shackles","floor":44.0},{"not_picked":["PanicButton","Madness"],"picked":"Flash of Steel","floor":44.0},{"not_picked":["Impatience","Blind"],"picked":"Mind Blast","floor":44.0},{"not_picked":["Dagger Throw","Flying Knee+1","Sucker Punch"],"picked":"SKIP","floor":46.0},{"not_picked":["Acrobatics","Burst","Underhanded Strike"],"picked":"SKIP","floor":46.0},{"not_picked":["Concentrate+1","Backflip"],"picked":"Blur+1","floor":48}],"player_experience":1712091,"relics_obtained":[{"floor":9.0,"key":"Toy Ornithopter"},{"floor":12.0,"key":"Centennial Puzzle"},{"floor":26.0,"key":"Kunai"},{"floor":30.0,"key":"Bronze Scales"},{"floor":34.0,"key":"PreservedInsect"},{"floor":34.0,"key":"Ninja Scroll"},{"floor":34.0,"key":"FossilizedHelix"},{"floor":36.0,"key":"The Specimen"},{"floor":37.0,"key":"Prayer Wheel"},{"floor":41.0,"key":"Pear"},{"floor":43.0,"key":"Eternal Feather"},{"floor":48,"key":"Singing Bowl"}],"event_choices":[{"damage_healed":22.0,"max_hp_gain":0.0,"max_hp_loss":0.0,"gold_gain":0.0,"event_name":"Big Fish","player_choice":"Banana","floor":2.0,"gold_loss":0.0,"damage_taken":0.0},{"damage_healed":0.0,"max_hp_gain":0.0,"max_hp_loss":0.0,"gold_gain":75.0,"event_name":"World of Goop","player_choice":"Gather Gold","floor":4.0,"gold_loss":0.0,"damage_taken":11.0},{"cards_removed":["Strike_G"],"damage_healed":0.0,"max_hp_gain":0.0,"max_hp_loss":0.0,"gold_gain":0.0,"event_name":"Golden Wing","player_choice":"Card Removal","floor":14.0,"gold_loss":0.0,"damage_taken":7.0},{"damage_healed":0.0,"max_hp_gain":0.0,"max_hp_loss":0.0,"gold_gain":0.0,"cards_transformed":["Strike_G","Defend_G"],"event_name":"Drug Dealer","player_choice":"Became Test Subject","floor":19.0,"gold_loss":0.0,"damage_taken":0.0,"cards_obtained":["Adrenaline","Leg Sweep"]},{"damage_healed":0.0,"max_hp_gain":0.0,"max_hp_loss":0.0,"gold_gain":0.0,"event_name":"The Mausoleum","player_choice":"Opened","floor":22.0,"gold_loss":0.0,"damage_taken":0.0,"relics_obtained":["Mercury Hourglass"],"cards_obtained":["Writhe"]},{"damage_healed":0.0,"max_hp_gain":0.0,"max_hp_loss":0.0,"gold_gain":0.0,"event_name":"Vampires","player_choice":"Ignored","floor":24.0,"gold_loss":0.0,"damage_taken":0.0},{"damage_healed":0.0,"max_hp_gain":0.0,"max_hp_loss":0.0,"gold_gain":0.0,"event_name":"MindBloom","player_choice":"Fight","floor":36.0,"gold_loss":0.0,"damage_taken":0.0},{"damage_healed":0.0,"max_hp_gain":0.0,"max_hp_loss":0.0,"gold_gain":0.0,"event_name":"Mysterious Sphere","player_choice":"Fight","floor":37.0,"gold_loss":0.0,"damage_taken":0.0},{"damage_healed":0.0,"max_hp_gain":0.0,"max_hp_loss":0.0,"gold_gain":0.0,"event_name":"SensoryStone","player_choice":"Memory 3","floor":44.0,"gold_loss":0.0,"damage_taken":10.0}],"is_beta":false,"boss_relics":[{"not_picked":["Philosopher\u0027s Stone","Pandora\u0027s Box"],"picked":"SacredBark"},{"not_picked":["Runic Pyramid","HoveringKite"],"picked":"Calling Bell"}],"items_purged_floors":[5,39],"is_endless":false,"potions_floor_spawned":[1,3,8,20,33,35,36],"ascension_level":17}}