{"host":"8i4doyxqctgl5qb0","time":1610035624,"event":{"mods":["AchievementEnabler","BaseMod","Block Reminder","Colored Powertips","Downfall","Marisa£®ÏF”Í°°ƒß¿Ì…≥£©","Minty Spire (QoL Compilation)","Permanent Neow","Potion Indicator Mod","Rare Cards Sparkle","StSLib","SuperFastMode"],"gold_per_floor":[116,135,210,210,210,210,223,223,249,272,288,61,61,74,74,205,205,220,243,258,279,40,40,40,40,40,69,82,82,108,121,121,217,217,236,136,156,156,171,171,184,14,37,87,115,115,135,150,150,150,150,150,54,79,79],"floor_reached":56,"playtime":1891,"items_purged":["Injury","Strike_P"],"score":1261,"play_id":"bb8caedb-09f4-4d1f-b064-004b7445eb5f","local_time":"20210108000704","is_ascension_mode":false,"campfire_choices":[{"floor":6.0,"key":"RECALL"},{"floor":8.0,"key":"REST"},{"data":"Study","floor":13.0,"key":"SMITH"},{"data":"Vault","floor":15.0,"key":"SMITH"},{"data":"DevaForm","floor":23.0,"key":"SMITH"},{"data":"Adaptation","floor":25.0,"key":"SMITH"},{"floor":29.0,"key":"REST"},{"floor":32.0,"key":"REST"},{"data":"expansioncontent:GuardianWhirl","floor":40.0,"key":"SMITH"},{"data":"Apotheosis","floor":46.0,"key":"SMITH"},{"floor":49.0,"key":"REST"},{"data":"Eruption","floor":52.0,"key":"SMITH"}],"circlet_count":0,"master_deck":["Strike_P","Strike_P","Strike_P","Defend_P","Defend_P","Defend_P","Eruption+1","Vigilance","expansioncontent:GuardianWhirl+1","Crescendo","Tantrum","Study+1","Adaptation+1","Vault+1","DevaForm+1","Conclude+1","SignatureMove+1","FollowUp+1","Indignation","ConjureBlade","DeceiveReality","Wallop","Judgement","CurseOfTheBell","ClearTheMind+1","Alpha","FearNoEvil+1","Worship+1","ForeignInfluence","Apotheosis+1","Prostrate","Worship+1","MentalFortress+1","ForeignInfluence+1","Prostrate","expansioncontent:PrepareCrush","EmptyBody"],"relics":["PureWater","Du-Vu Doll","Bloody Idol","Vajra","MealTicket","Runic Pyramid","Frozen Egg 2","Prayer Wheel","Mercury Hourglass","Bottled Flame","Calling Bell","Toy Ornithopter","Meat on the Bone","Torii","Ginger","Juzu Bracelet","Oddly Smooth Stone"],"acts_visited":["Exordium","TheCity","TheBeyond","TheEnding"],"potions_floor_usage":[55,55,55],"damage_taken":[{"damage":1.0,"enemies":"Jaw Worm","floor":1.0,"turns":2.0},{"damage":0.0,"enemies":"2 Louse","floor":2.0,"turns":1.0},{"damage":0.0,"enemies":"Small Slimes","floor":7.0,"turns":2.0},{"damage":0.0,"enemies":"Looter","floor":10.0,"turns":1.0},{"damage":0.0,"enemies":"Lots of Slimes","floor":11.0,"turns":1.0},{"damage":0.0,"enemies":"Large Slime","floor":14.0,"turns":1.0},{"damage":36.0,"enemies":"The Guardian","floor":16.0,"turns":12.0},{"damage":0.0,"enemies":"3 Byrds","floor":18.0,"turns":4.0},{"damage":2.0,"enemies":"Chosen","floor":19.0,"turns":3.0},{"damage":7.0,"enemies":"Snecko","floor":20.0,"turns":4.0},{"damage":15.0,"enemies":"Snake Plant","floor":21.0,"turns":4.0},{"damage":28.0,"enemies":"Book of Stabbing","floor":27.0,"turns":4.0},{"damage":13.0,"enemies":"Shelled Parasite and Fungi","floor":28.0,"turns":3.0},{"damage":22.0,"enemies":"Gremlin Leader","floor":30.0,"turns":5.0},{"damage":0.0,"enemies":"Centurion and Healer","floor":31.0,"turns":2.0},{"damage":40.0,"enemies":"Automaton","floor":33.0,"turns":6.0},{"damage":1.0,"enemies":"Orb Walker","floor":35.0,"turns":2.0},{"damage":7.0,"enemies":"3 Shapes","floor":37.0,"turns":1.0},{"damage":0.0,"enemies":"3 Darklings","floor":39.0,"turns":2.0},{"damage":10.0,"enemies":"Sphere and 2 Shapes","floor":41.0,"turns":4.0},{"damage":25.0,"enemies":"2 Orb Walkers","floor":44.0,"turns":2.0},{"damage":0.0,"enemies":"Reptomancer","floor":45.0,"turns":3.0},{"damage":0.0,"enemies":"Transient","floor":47.0,"turns":6.0},{"damage":22.0,"enemies":"Maw","floor":48.0,"turns":5.0},{"damage":56.0,"enemies":"Donu and Deca","floor":50.0,"turns":5.0},{"damage":1.0,"enemies":"Shield and Spear","floor":54.0,"turns":3.0},{"damage":76,"enemies":"The Heart","floor":55,"turns":9}],"seed_played":"1406431099473140742","potions_obtained":[{"floor":7.0,"key":"SteroidPotion"},{"floor":14.0,"key":"DistilledChaos"},{"floor":19.0,"key":"Swift Potion"},{"floor":20.0,"key":"Dexterity Potion"},{"floor":27.0,"key":"Ancient Potion"},{"floor":37.0,"key":"champ:CounterPotion"},{"floor":44.0,"key":"Dexterity Potion"},{"floor":48.0,"key":"LiquidMemories"},{"floor":54.0,"key":"SteroidPotion"}],"is_trial":false,"path_per_floor":["M","M","?","?","?","R","M","R","T","M","M","$","R","M","R","B",null,"M","M","M","M","$","R","?","R","T","E","M","R","E","M","R","B",null,"M","$","M","?","M","R","M","$","T","?","E","R","M","M","R","B",null,"R","$","E","B",null],"character_chosen":"WATCHER","items_purchased":["MealTicket","Frozen Egg 2","Apotheosis","expansioncontent:PrepareCrush"],"campfire_rested":4,"item_purchase_floors":[12,22,42,53],"current_hp_per_floor":[71,71,60,42,42,42,42,63,63,63,63,63,63,63,63,27,72,72,70,63,48,63,63,63,63,63,40,32,53,36,41,62,27,72,72,72,70,70,72,72,67,72,72,52,57,57,62,45,66,22,72,72,72,72,17],"gold":79,"neow_bonus":"RANDOM_COLORLESS","is_daily":false,"chose_seed":false,"campfire_upgraded":7,"win_rate":0.0,"timestamp":1610035624,"path_taken":["M","M","?","?","?","R","M","R","T","M","M","?","R","M","R","BOSS","M","M","M","M","?","R","?","R","T","E","M","R","E","M","R","BOSS","M","$","M","?","M","R","?","$","T","?","E","R","M","M","R","BOSS","R","$","E","BOSS"],"items_purchased_type":["Relic","Relic","Card","Card"],"build_version":"2020-12-22","purchased_purges":2,"victory":true,"max_hp_per_floor":[72,72,72,72,72,72,72,72,72,72,72,72,72,72,72,72,72,72,72,72,72,72,72,72,72,72,72,72,72,72,72,72,72,72,72,72,72,72,72,72,72,72,72,72,72,72,72,72,72,72,72,72,72,72,72],"card_choices":[{"not_picked":["expansioncontent:BronzeBeam","expansioncontent:HyperBeam"],"picked":"expansioncontent:GuardianWhirl","floor":0.0},{"not_picked":["Wallop","Evaluate","Halt"],"picked":"SKIP","floor":1.0},{"not_picked":["SashWhip","EmptyFist"],"picked":"Crescendo","floor":2.0},{"not_picked":["FollowUp","CarveReality"],"picked":"Tantrum","floor":7.0},{"not_picked":["EmptyBody","JustLucky"],"picked":"Study","floor":10.0},{"not_picked":["Nirvana","Wireheading"],"picked":"Adaptation","floor":11.0},{"not_picked":["BowlingBash","Weave"],"picked":"Vault","floor":14.0},{"not_picked":["MasterReality","Scrawl"],"picked":"DevaForm","floor":16.0},{"not_picked":["ClearTheMind","SignatureMove"],"picked":"Conclude+1","floor":18.0},{"not_picked":["TalkToTheHand","Weave"],"picked":"SignatureMove+1","floor":19.0},{"not_picked":["ThirdEye","Study","EmptyMind"],"picked":"SKIP","floor":20.0},{"not_picked":["SandsOfTime+1","Tantrum"],"picked":"FollowUp+1","floor":21.0},{"not_picked":["CutThroughFate","Weave+1","BowlingBash+1"],"picked":"SKIP","floor":27.0},{"not_picked":["MentalFortress+1","BowlingBash"],"picked":"Indignation","floor":28.0},{"not_picked":["Study+1","CrushJoints+1","ReachHeaven"],"picked":"SKIP","floor":28.0},{"not_picked":["ThirdEye","Consecrate"],"picked":"ConjureBlade","floor":30.0},{"not_picked":["Weave+1","BowlingBash"],"picked":"DeceiveReality","floor":31.0},{"not_picked":["PathToVictory","JustLucky"],"picked":"Wallop","floor":31.0},{"not_picked":["Ragnarok","Omniscience"],"picked":"Judgement","floor":33.0},{"not_picked":["FlurryOfBlows+1","Protect"],"picked":"ClearTheMind+1","floor":35.0},{"not_picked":["JustLucky","ReachHeaven+1","Nirvana+1"],"picked":"SKIP","floor":35.0},{"not_picked":["SashWhip+1","Halt+1"],"picked":"Alpha","floor":37.0},{"not_picked":["ClearTheMind","Adaptation+1","CrushJoints+1"],"picked":"SKIP","floor":37.0},{"not_picked":["Indignation","Evaluate"],"picked":"FearNoEvil+1","floor":39.0},{"not_picked":["Evaluate+1","EmptyBody+1","SandsOfTime"],"picked":"SKIP","floor":39.0},{"not_picked":["ThirdEye","FollowUp+1"],"picked":"Worship+1","floor":41.0},{"not_picked":["FlurryOfBlows+1","Halt"],"picked":"ForeignInfluence","floor":41.0},{"not_picked":["JustLucky","Adaptation+1"],"picked":"Prostrate","floor":44.0},{"not_picked":["SandsOfTime","FlyingSleeves","ThirdEye+1"],"picked":"SKIP","floor":45.0},{"not_picked":["Tantrum+1","ThirdEye+1"],"picked":"Worship+1","floor":47.0},{"not_picked":["CrushJoints","InnerPeace+1"],"picked":"MentalFortress+1","floor":47.0},{"not_picked":["Conclude","Halt+1"],"picked":"ForeignInfluence+1","floor":48.0},{"not_picked":["Evaluate+1","BowlingBash+1"],"picked":"Prostrate","floor":48.0},{"not_picked":["SignatureMove+1","Judgement"],"picked":"EmptyBody","floor":54.0}],"player_experience":113948,"relics_obtained":[{"floor":9.0,"key":"Vajra"},{"floor":26.0,"key":"Prayer Wheel"},{"floor":27.0,"key":"Mercury Hourglass"},{"floor":30.0,"key":"Bottled Flame"},{"floor":34.0,"key":"Toy Ornithopter"},{"floor":34.0,"key":"Meat on the Bone"},{"floor":34.0,"key":"Torii"},{"floor":44.0,"key":"Ginger"},{"floor":45.0,"key":"Juzu Bracelet"},{"floor":54.0,"key":"Oddly Smooth Stone"}],"event_choices":[{"damage_healed":0.0,"max_hp_gain":0.0,"max_hp_loss":0.0,"gold_gain":75.0,"event_name":"World of Goop","player_choice":"Gather Gold","floor":3.0,"gold_loss":0.0,"damage_taken":11.0},{"damage_healed":0.0,"max_hp_gain":0.0,"max_hp_loss":0.0,"gold_gain":0.0,"event_name":"Scrap Ooze","player_choice":"Success","floor":4.0,"gold_loss":0.0,"damage_taken":18.0,"relics_obtained":["Du-Vu Doll"]},{"damage_healed":0.0,"max_hp_gain":0.0,"max_hp_loss":0.0,"gold_gain":0.0,"event_name":"Golden Idol","player_choice":"Take Wound","floor":5.0,"gold_loss":0.0,"damage_taken":0.0,"relics_obtained":["Golden Idol"],"cards_obtained":["Injury"]},{"damage_healed":0.0,"max_hp_gain":0.0,"max_hp_loss":0.0,"gold_gain":0.0,"event_name":"Forgotten Altar","player_choice":"Gave Idol","floor":24.0,"relics_lost":["Golden Idol"],"gold_loss":0.0,"damage_taken":0.0,"relics_obtained":["Bloody Idol"]},{"cards_removed":["Defend_P"],"damage_healed":0.0,"max_hp_gain":0.0,"max_hp_loss":0.0,"gold_gain":0.0,"event_name":"Purifier","player_choice":"Purged","floor":38.0,"gold_loss":0.0,"damage_taken":0.0},{"damage_healed":0.0,"max_hp_gain":0.0,"max_hp_loss":0.0,"gold_gain":0.0,"event_name":"Mysterious Sphere","player_choice":"Fight","floor":44.0,"gold_loss":0.0,"damage_taken":0.0}],"is_beta":false,"boss_relics":[{"not_picked":["VioletLotus","Runic Dome"],"picked":"Runic Pyramid"},{"not_picked":["Pandora\u0027s Box","Empty Cage"],"picked":"Calling Bell"}],"items_purged_floors":[12,36],"is_endless":false,"potions_floor_spawned":[7,14,19,20,21,27,37,44,48,54],"ascension_level":0}}