{"host":"crjmoxe2wwb87pm5","time":1610051556,"event":{"mods":["BaseMod","Colored Map","GifTheSpireLib","Infinite Spire","Minty Spire (QoL Compilation)","Replay The Spire","StSLib"],"gold_per_floor":[115,131,131,145,161,161,174,174,249,265,277,297,28,28,28,130,130,145,163,173,221,239,239,40,40,89,89,89,188,203,214,214,311,311,329,329,346,360,360,360],"floor_reached":39,"playtime":2833,"items_purged":["Sucker Punch","Replay:Poison Smokescreen"],"score":378,"play_id":"b4a6a92a-14ad-4f04-889d-f2cb149c4fa2","local_time":"20210107153236","is_ascension_mode":false,"campfire_choices":[{"data":"Cloak And Dagger","floor":6,"key":"SMITH"},{"floor":8,"key":"REST"},{"floor":15,"key":"REST"},{"data":"Accuracy","floor":23,"key":"SMITH"},{"data":"A Thousand Cuts","floor":25,"key":"SMITH"},{"floor":32,"key":"REST"}],"circlet_count":0,"master_deck":["Survivor","Neutralize","Cloak And Dagger+1","Accuracy+1","Acrobatics","Prepared","Hidden Blade","Leg Sweep","Dagger Throw","A Thousand Cuts+1","Doppelganger","ReplayTheSpireMod:Scrap Shanks","Envenom","Reflex","Wraith Form v2","ReplayTheSpireMod:Tripwire","Die Die Die","Die Die Die","Blade Dance+1","PiercingWail","Quick Slash+1","Hidden Blade","Fluid Movement","After Image","Hidden Blade+1","Acrobatics+1"],"relics":["Sozu","WarpedTongs","Onion Ring","Membership Card","Quantum Egg","Spirit Poop","Pandora\u0027s Box","Pen Nib","Bottled Flame","Unceasing Top","WristBlade","CaptainsWheel","Runic Pyramid"],"acts_visited":["Exordium","TheCity","TheBeyond"],"potions_floor_usage":[],"damage_taken":[{"damage":5,"enemies":"Jaw Worm","floor":1,"turns":5},{"damage":2,"enemies":"Cultist","floor":2,"turns":5},{"damage":4,"enemies":"Small Slimes","floor":4,"turns":4},{"damage":11,"enemies":"Red Slaver","floor":5,"turns":4},{"damage":1,"enemies":"2 Fungi Beasts","floor":7,"turns":4},{"damage":6,"enemies":"Blue Slaver","floor":10,"turns":3},{"damage":3,"enemies":"Looter","floor":11,"turns":4},{"damage":5,"enemies":"Large Slime","floor":12,"turns":5},{"damage":37,"enemies":"Fading Forest","floor":16,"turns":11},{"damage":3,"enemies":"Chosen","floor":18,"turns":5},{"damage":0,"enemies":"Spheric Guardian","floor":19,"turns":1},{"damage":6,"enemies":"Centurion and Healer","floor":20,"turns":3},{"damage":4,"enemies":"Snecko","floor":22,"turns":3},{"damage":0,"enemies":"Chosen and Byrds","floor":30,"turns":2},{"damage":4,"enemies":"Cultist and Chosen","floor":31,"turns":3},{"damage":14,"enemies":"Collector","floor":33,"turns":4},{"damage":15,"enemies":"Orb Walker","floor":35,"turns":3},{"damage":17,"enemies":"3 Shapes","floor":37,"turns":2},{"damage":7,"enemies":"Maw","floor":38,"turns":6},{"damage":33,"enemies":"4 Shapes","floor":39,"turns":1}],"seed_played":"3569767235974589831","potions_obtained":[],"is_trial":false,"path_per_floor":["M","M","?","M","M","R","M","R","T","M","M","M","$","?","R","B",null,"M","M","M","T","M","R","$","R","T","?","AVR","?","M","M","R","B",null,"M","?","M","M","M"],"character_chosen":"THE_SILENT","items_purchased":["Membership Card","Quantum Egg","Fluid Movement","Bottled Flame"],"campfire_rested":3,"item_purchase_floors":[13,13,24,24],"current_hp_per_floor":[65,63,63,59,48,48,47,68,68,62,59,54,54,54,70,42,70,67,67,61,61,57,57,57,57,57,57,57,57,57,53,70,56,70,55,55,38,31,0,0],"gold":360,"neow_bonus":"BOSS_RELIC","is_daily":false,"chose_seed":false,"campfire_upgraded":3,"win_rate":0.0,"timestamp":1610051556,"path_taken":["M","M","?","?","M","R","M","R","T","M","M","M","?","?","R","BOSS","M","M","M","?","M","R","$","R","T","?","AVR","?","M","M","R","BOSS","M","?","M","M","M"],"items_purchased_type":["Relic","Relic","Card","Relic"],"build_version":"2020-12-22","purchased_purges":2,"victory":false,"max_hp_per_floor":[70,70,70,70,70,70,70,70,70,70,70,70,70,70,70,70,70,70,70,70,70,70,70,70,70,70,70,70,70,70,70,70,70,70,70,70,70,70,70,70],"card_choices":[{"not_picked":["Leg Sweep","Eviscerate"],"picked":"Cloak And Dagger","floor":1},{"not_picked":["Prepared","Hidden Blade"],"picked":"Accuracy","floor":2},{"not_picked":["Deadly Poison","Endless Agony"],"picked":"Acrobatics","floor":4},{"not_picked":["Outmaneuver","Draining Mist"],"picked":"Prepared","floor":5},{"not_picked":["Tactician","Cloak And Dagger"],"picked":"Hidden Blade","floor":7},{"not_picked":["Deadly Poison","Dodge and Roll"],"picked":"Leg Sweep","floor":10},{"not_picked":["Slice","Distraction","Acrobatics"],"picked":"SKIP","floor":11},{"not_picked":["Dash","Well Laid Plans"],"picked":"Dagger Throw","floor":12},{"not_picked":["ReplayTheSpireMod:From All Sides","Poison Darts"],"picked":"A Thousand Cuts","floor":16},{"not_picked":["Skewer","Replay:Poison Smokescreen"],"picked":"Blade Dance+1","floor":18},{"not_picked":["Prepared","Dash"],"picked":"PiercingWail","floor":19},{"not_picked":["Noxious Fumes+1","Replay:Poison Smokescreen+1"],"picked":"Quick Slash+1","floor":20},{"not_picked":["Backflip","Deadly Poison"],"picked":"Hidden Blade","floor":22},{"not_picked":["Flying Knee","Quick Slash","ReplayTheSpireMod:Necrosis"],"picked":"SKIP","floor":30},{"not_picked":["Dash","Flying Knee","Bane+1"],"picked":"SKIP","floor":31},{"not_picked":["Unload","Night Terror"],"picked":"After Image","floor":33},{"not_picked":["Underhanded Strike+1","ReplayTheSpireMod:The Works"],"picked":"Hidden Blade+1","floor":35},{"not_picked":["Deflect+1","Replay:Poison Smokescreen","Dagger Spray+1"],"picked":"SKIP","floor":37},{"not_picked":["Quick Slash+1","Finisher+1"],"picked":"Acrobatics+1","floor":38}],"player_experience":121097,"relics_obtained":[{"floor":9,"key":"Onion Ring"},{"floor":21,"key":"Pen Nib"}],"event_choices":[{"damage_healed":0,"gold_gain":0,"player_choice":"Rummage","damage_taken":0,"relics_obtained":["WarpedTongs"],"max_hp_gain":0,"max_hp_loss":0,"event_name":"Accursed Blacksmith","floor":3,"gold_loss":0,"cards_obtained":["Pain"]},{"cards_removed":["Pain"],"damage_healed":0,"gold_gain":0,"player_choice":"Offered Curse","damage_taken":0,"relics_obtained":["Spirit Poop"],"max_hp_gain":0,"max_hp_loss":0,"event_name":"Bonfire Elementals","floor":14,"gold_loss":0},{"damage_healed":0,"gold_gain":0,"player_choice":"Opened","damage_taken":0,"relics_obtained":["Unceasing Top"],"max_hp_gain":0,"max_hp_loss":0,"event_name":"The Mausoleum","floor":27,"gold_loss":0},{"damage_healed":0,"gold_gain":99,"player_choice":"Stole From Cult","damage_taken":0,"max_hp_gain":0,"max_hp_loss":0,"event_name":"Nest","floor":29,"gold_loss":0},{"damage_healed":0,"gold_gain":0,"player_choice":"Memory 1","damage_taken":0,"max_hp_gain":0,"max_hp_loss":0,"event_name":"SensoryStone","floor":36,"gold_loss":0}],"is_beta":false,"boss_relics":[{"not_picked":["Black Star","Replay:Drink Me"],"picked":"Pandora\u0027s Box"},{"not_picked":["Cursed Key","Replay:Wanted Poster"],"picked":"Runic Pyramid"}],"items_purged_floors":[24,28],"is_endless":false,"potions_floor_spawned":[1,7,11,12,16,18,22,33,38],"killed_by":"4 Shapes","ascension_level":0}}