{"host":"ayh4nqhr0ddw4ozv","time":1610001638,"event":{"mods":["BaseMod","Minty Spire (QoL Compilation)","Relic Stats","Replay The Spire","Robot Space Explorer","StSLib"],"gold_per_floor":[111,111,129,149,162,162,194,194,217,142,242,276,296,266,266,379,379,404,429,429,429],"floor_reached":20,"playtime":689,"items_purged":["Strike_P"],"score":374,"play_id":"e4efd5f3-76c9-4594-88cf-13ac686e5dab","local_time":"20210106224038","is_ascension_mode":true,"campfire_choices":[{"data":"Alpha","floor":6,"key":"SMITH"}],"circlet_count":0,"master_deck":["AscendersBane","Strike_P","Strike_P","Defend_P","Defend_P","Defend_P","Defend_P","Eruption","Vigilance","Alpha+1","EmptyFist+1","CrushJoints","EmptyBody","Replay:BluntJabs","Perseverance","CutThroughFate+1","SpiritShield","Evaluate+1","Replay:AtTheReady"],"relics":["PureWater","PreservedInsect","CeramicFish","Akabeko","Sozu"],"acts_visited":["Exordium","TheCity"],"potions_floor_usage":[18],"damage_taken":[{"damage":1,"enemies":"2 Louse","floor":1,"turns":5},{"damage":0,"enemies":"Small Slimes","floor":3,"turns":2},{"damage":0,"enemies":"Jaw Worm","floor":4,"turns":3},{"damage":22,"enemies":"Large Slime","floor":5,"turns":6},{"damage":15,"enemies":"Lagavulin","floor":7,"turns":5},{"damage":32,"enemies":"Gremlin Nob","floor":12,"turns":3},{"damage":8,"enemies":"Red Slaver","floor":13,"turns":4},{"damage":0,"enemies":"Slime Boss","floor":16,"turns":5},{"damage":6,"enemies":"Chosen","floor":18,"turns":5},{"damage":20,"enemies":"Shell Parasite","floor":19,"turns":4},{"damage":41,"enemies":"Snake Plant","floor":20,"turns":4}],"seed_played":"-180866794145205406","potions_obtained":[{"floor":5,"key":"FairyPotion"},{"floor":7,"key":"SkillPotion"},{"floor":14,"key":"Toxic Potion"}],"is_trial":false,"path_per_floor":["M","?","M","M","M","R","E","?","T","$","?","E","M","?","R","B",null,"M","M","M"],"character_chosen":"WATCHER","items_purchased":[],"campfire_rested":0,"item_purchase_floors":[],"current_hp_per_floor":[64,64,64,64,42,42,27,20,20,20,20,21,13,13,34,34,63,57,37,0,0],"gold":429,"neow_bonus":"ONE_RANDOM_RARE_CARD","is_daily":false,"chose_seed":false,"campfire_upgraded":1,"win_rate":0.0,"timestamp":1610001638,"path_taken":["M","?","M","M","M","R","E","?","T","?","?","E","?","?","R","BOSS","M","M","M"],"items_purchased_type":[],"build_version":"2020-12-22","purchased_purges":1,"victory":false,"max_hp_per_floor":[72,72,72,72,72,72,72,72,72,72,72,72,72,72,72,72,72,72,72,72,72],"relic_stats":{"Sozu":1,"counters":[11,46],"CeramicFish":36,"PreservedInsect":23,"obtain_stats":[{"Sozu":17,"CeramicFish":9,"PreservedInsect":7,"PureWater":0,"Akabeko":12},{"Sozu":8,"CeramicFish":5,"PreservedInsect":5,"PureWater":0,"Akabeko":6},{"Sozu":33,"CeramicFish":21,"PreservedInsect":21,"PureWater":0,"Akabeko":24}]},"card_choices":[{"not_picked":["Replay:BluntJabs","Crescendo"],"picked":"EmptyFist","floor":1},{"not_picked":["FollowUp","Replay:LoomingThreat"],"picked":"CrushJoints","floor":3},{"not_picked":["EmptyFist","Prostrate"],"picked":"EmptyBody","floor":4},{"not_picked":["Prostrate","Halt"],"picked":"Replay:BluntJabs","floor":5},{"not_picked":["Replay:BluntJabs","FollowUp"],"picked":"Perseverance","floor":7},{"not_picked":["BowlingBash","FlyingSleeves"],"picked":"CutThroughFate","floor":12},{"not_picked":["FollowUp","Replay:Vibes","SashWhip"],"picked":"SKIP","floor":13},{"not_picked":["Blasphemy","Replay:LoomingThreat"],"picked":"SpiritShield","floor":16},{"not_picked":["Nirvana","JustLucky+1"],"picked":"Evaluate+1","floor":18},{"not_picked":["SashWhip","Replay:Battleflow"],"picked":"Replay:AtTheReady","floor":19}],"player_experience":303649,"relics_obtained":[{"floor":7,"key":"PreservedInsect"},{"floor":9,"key":"CeramicFish"},{"floor":12,"key":"Akabeko"}],"event_choices":[{"cards_removed":["Strike_P"],"damage_healed":0,"gold_gain":0,"player_choice":"Card Removal","damage_taken":7,"max_hp_gain":0,"max_hp_loss":0,"event_name":"Golden Wing","floor":8,"gold_loss":0},{"damage_healed":0,"gold_gain":100,"player_choice":"Pray","damage_taken":0,"max_hp_gain":0,"max_hp_loss":0,"event_name":"Golden Shrine","floor":11,"gold_loss":0},{"damage_healed":0,"gold_gain":0,"player_choice":"Bought 2 Potions","damage_taken":0,"max_hp_gain":0,"max_hp_loss":0,"event_name":"The Woman in Blue","floor":14,"gold_loss":0}],"is_beta":false,"boss_relics":[{"not_picked":["Replay:Ancient Bell","SacredBark"],"picked":"Sozu"}],"items_purged_floors":[10],"is_endless":false,"potions_floor_spawned":[5,7,16,18],"killed_by":"Snake Plant","ascension_level":12}}