{"host":"e48gchmu8shm63ip","time":1610056855,"event":{"mods":["Abigail Mod","AchievementEnabler","Act Like it!","BaseMod","Better Match","Better Note","Better Vampires","CapriCore","DeckTracker","Exacting","Gensokyo","Googly Eyes","Hallownest","Hermit","HololiveMod","Infinite Spire","Jorbs\u0027s Wanderer Trilogy","Koishi","Marisa????????","Minty Spire (QoL Compilation)","Railgun Mod","Rare Cards Sparkle","Relic Filter","Relic Stats","Remilia??????","Robot Space Explorer","Shade Mod","StSLib","The Animator","The Caster","The Construct","The Dragon Tamer","The Forsaken","The Immortal","The Judge","The Marked","The Poker Player","The Senshi","The Servant 0.9.4","TheSwordswoman","Waifu the Spire"],"gold_per_floor":[117,117,127,127,127,158,158,191,191,203,203,21,83,116,116,116,116,116],"floor_reached":16,"playtime":665,"items_purged":[],"score":100,"play_id":"ca6f1e89-a30f-4f08-9d1a-dfb50d071fe9","local_time":"20210107230055","is_ascension_mode":false,"metric_token":2643,"campfire_choices":[{"floor":7,"key":"REST"},{"floor":11,"key":"REST"},{"floor":15,"key":"REST"}],"dtmod_dragon_data":[50,50,-1,-1,0,0],"circlet_count":0,"master_deck":["DTMod:Strike","DTMod:Strike","DTMod:Strike","DTMod:Strike","DTMod:DoubleHit","DTMod:TargetDefense","DTMod:TargetDefense","DTMod:TargetDefense","DTMod:TargetDefense","DTMod:SwitchingTactic","DTMod:CrossStep","DTMod:SneakAttack","DTMod:TagTeam","DTMod:OpeningTactic","Panache","DTMod:MagicField","DTMod:TauntingStrike"],"relics":["DTMod:PactStone","Ornamental Fan","Gremlin Horn","Strawberry"],"acts_visited":["Exordium"],"potions_floor_usage":[6],"damage_taken":[{"damage":0,"enemies":"Jaw Worm","floor":1,"turns":5},{"damage":0,"enemies":"Cultist","floor":3,"turns":4},{"damage":22,"enemies":"Lagavulin","floor":6,"turns":8},{"damage":0,"enemies":"Small Slimes","floor":8,"turns":4},{"damage":0,"enemies":"Exordium Wildlife","floor":10,"turns":4},{"damage":26,"enemies":"Lagavulin Event","floor":13,"turns":8},{"damage":0,"enemies":"2 Fungi Beasts","floor":14,"turns":2},{"damage":32,"enemies":"The Guardian","floor":16,"turns":10}],"seed_played":"833291399553946610","potions_obtained":[{"floor":1,"key":"Block Potion"},{"floor":8,"key":"ColorlessPotion"}],"is_trial":false,"path_per_floor":["M","?","M","?","?","E","R","M","T","M","R","$","?","M","R","B"],"character_chosen":"THE_DT","items_purchased":["Panache"],"campfire_rested":3,"item_purchase_floors":[12],"current_hp_per_floor":[45,45,45,45,38,16,29,29,29,29,42,42,23,23,38,6,6,6],"gold":116,"neow_bonus":"ONE_RANDOM_RARE_CARD","is_daily":false,"chose_seed":false,"campfire_upgraded":0,"win_rate":0.0,"timestamp":1610056855,"path_taken":["M","?","?","?","?","E","R","M","T","M","R","?","?","M","R","BOSS"],"items_purchased_type":["Card"],"build_version":"2020-12-22","purchased_purges":0,"victory":false,"max_hp_per_floor":[45,45,45,45,45,45,45,45,45,45,45,45,52,52,52,52,52,52],"relic_stats":{"Gremlin Horn":[2,2],"counters":[8,45],"Ornamental Fan":[16],"obtain_stats":[{"DTMod:PactStone":0,"Gremlin Horn":9,"Ornamental Fan":6,"Strawberry":13},{"DTMod:PactStone":0,"Gremlin Horn":4,"Ornamental Fan":3,"Strawberry":6},{"DTMod:PactStone":0,"Gremlin Horn":21,"Ornamental Fan":17,"Strawberry":33}]},"card_choices":[{"not_picked":["DTMod:MasterPlan","DTMod:MaximumCharge"],"picked":"DTMod:CrossStep","floor":1},{"not_picked":["DTMod:FlameSlash","DTMod:QuickFly"],"picked":"DTMod:SneakAttack","floor":3},{"not_picked":["DTMod:BalancedStrike","DTMod:Dissolve"],"picked":"DTMod:TagTeam","floor":6},{"not_picked":["DTMod:BizarreTactic","DTMod:Punisher","DTMod:BuildUp"],"picked":"SKIP","floor":8},{"not_picked":["DTMod:Adaptation","DTMod:BuildUp"],"picked":"DTMod:OpeningTactic","floor":10},{"not_picked":["DTMod:FlameSlash","DTMod:BreakAttack"],"picked":"DTMod:MagicField","floor":13},{"not_picked":["DTMod:QuickFly","DTMod:BlueScale"],"picked":"DTMod:TauntingStrike","floor":14}],"player_experience":677834,"relics_obtained":[{"floor":6,"key":"Ornamental Fan"},{"floor":9,"key":"Gremlin Horn"},{"floor":13,"key":"Strawberry"}],"event_choices":[{"damage_healed":0,"gold_gain":0,"cards_transformed":["DTMod:ResonanceForm"],"player_choice":"Transformed","damage_taken":0,"max_hp_gain":0,"max_hp_loss":0,"event_name":"Transmorgrifier","floor":2,"gold_loss":0,"cards_obtained":["DTMod:WarmUp"]},{"cards_removed":["DTMod:WarmUp"],"damage_healed":0,"gold_gain":0,"player_choice":"Card Removal","damage_taken":7,"max_hp_gain":0,"max_hp_loss":0,"event_name":"Golden Wing","floor":5,"gold_loss":0},{"damage_healed":0,"gold_gain":30,"player_choice":"Searched \u00272\u0027 times","damage_taken":0,"max_hp_gain":0,"max_hp_loss":0,"event_name":"Dead Adventurer","floor":13,"gold_loss":0}],"is_beta":false,"boss_relics":[],"items_purged_floors":[],"is_endless":false,"potions_floor_spawned":[1,8],"killed_by":"The Guardian","ascension_level":0}}