{"host":"a5lz0e76zb3fcwkm","time":1610031884,"event":{"mods":["AchievementEnabler","BaseMod","Colored Map","Colored Powertips","Minty Spire (QoL Compilation)","StSLib","SuperFastMode"],"gold_per_floor":[109,124,124,134,144,176,176,201,251,261,261,286,300,300,300,389,389,402,402,317,367,37,37,37],"floor_reached":23,"playtime":656,"items_purged":["Strike_G+1"],"score":418,"play_id":"f78eb4f5-0fdd-4e09-a600-21001ff56392","local_time":"20210108000444","is_ascension_mode":true,"campfire_choices":[{"data":"Crippling Poison","floor":7,"key":"SMITH"},{"floor":11,"key":"REST"},{"floor":15,"key":"REST"}],"circlet_count":0,"master_deck":["AscendersBane","Defend_G","Defend_G","Defend_G+1","Defend_G","Survivor","Neutralize+1","Crippling Poison+1","Calculated Gamble","Terror","Dagger Spray","Bouncing Flask+1","PiercingWail","Deadly Poison","Reflex","Venomology","Deadly Poison","Skewer","Catalyst"],"relics":["Ring of the Snake","Whetstone","Letter Opener","War Paint","Art of War","Golden Idol","SacredBark","Girya","Medical Kit"],"acts_visited":["Exordium","TheCity"],"potions_floor_usage":[6,6,12,23,23],"damage_taken":[{"damage":9,"enemies":"Small Slimes","floor":1,"turns":5},{"damage":5,"enemies":"2 Louse","floor":2,"turns":3},{"damage":3,"enemies":"Jaw Worm","floor":4,"turns":8},{"damage":3,"enemies":"Looter","floor":5,"turns":5},{"damage":6,"enemies":"Gremlin Nob","floor":6,"turns":3},{"damage":19,"enemies":"Lagavulin","floor":8,"turns":7},{"damage":7,"enemies":"2 Fungi Beasts","floor":10,"turns":3},{"damage":14,"enemies":"3 Sentries","floor":12,"turns":5},{"damage":9,"enemies":"Blue Slaver","floor":13,"turns":3},{"damage":12,"enemies":"The Guardian","floor":16,"turns":9},{"damage":0,"enemies":"Spheric Guardian","floor":18,"turns":3},{"damage":50,"enemies":"Slavers","floor":23,"turns":3}],"seed_played":"-9100401375001056667","potions_obtained":[{"floor":1,"key":"Poison Potion"},{"floor":2,"key":"Poison Potion"},{"floor":10,"key":"DistilledChaos"}],"is_trial":false,"path_per_floor":["M","M","?","M","M","E","R","E","T","M","R","E","M","?","R","B",null,"M","?","?","?","$","E"],"character_chosen":"THE_SILENT","items_purchased":["Medical Kit","Catalyst"],"campfire_rested":2,"item_purchase_floors":[22,22],"current_hp_per_floor":[50,45,45,42,39,33,33,14,14,7,25,11,2,2,18,6,42,42,42,42,42,42,0,0],"gold":37,"neow_bonus":"REMOVE_TWO","is_daily":false,"chose_seed":false,"campfire_upgraded":1,"win_rate":0.0,"timestamp":1610031884,"path_taken":["M","M","?","M","M","E","R","E","T","M","R","E","M","?","R","BOSS","M","?","?","?","?","E"],"items_purchased_type":["Relic","Card"],"build_version":"2020-12-22","purchased_purges":1,"victory":false,"max_hp_per_floor":[60,60,60,60,60,60,60,60,60,60,60,60,60,54,54,54,54,54,54,54,54,54,54,54],"card_choices":[{"not_picked":["Terror","PiercingWail"],"picked":"Crippling Poison","floor":1},{"not_picked":["Skewer","Quick Slash","Dagger Spray"],"picked":"SKIP","floor":2},{"not_picked":["Cloak And Dagger","Bane"],"picked":"Terror","floor":4},{"not_picked":["Endless Agony","Dodge and Roll"],"picked":"Dagger Spray","floor":5},{"not_picked":["Poisoned Stab","Finisher"],"picked":"Bouncing Flask","floor":6},{"not_picked":["Die Die Die","Skewer","Quick Slash"],"picked":"SKIP","floor":8},{"not_picked":["Masterful Stab","Deadly Poison"],"picked":"PiercingWail","floor":10},{"not_picked":["Blade Dance","Skewer"],"picked":"Deadly Poison","floor":12},{"not_picked":["Leg Sweep","Heel Hook"],"picked":"Reflex","floor":13},{"not_picked":["Phantasmal Killer","Unload"],"picked":"Venomology","floor":16},{"not_picked":["PiercingWail","Bane","Skewer"],"picked":"SKIP","floor":18}],"player_experience":1694889,"relics_obtained":[{"floor":6,"key":"Whetstone"},{"floor":8,"key":"Letter Opener"},{"floor":9,"key":"War Paint"},{"floor":12,"key":"Art of War"}],"event_choices":[{"damage_healed":0,"gold_gain":0,"cards_transformed":["Strike_G"],"player_choice":"Change","damage_taken":0,"max_hp_gain":0,"max_hp_loss":0,"event_name":"Living Wall","floor":3,"gold_loss":0,"cards_obtained":["Calculated Gamble"]},{"damage_healed":0,"gold_gain":0,"player_choice":"Lose Max HP","damage_taken":0,"relics_obtained":["Golden Idol"],"max_hp_gain":0,"max_hp_loss":6,"event_name":"Golden Idol","floor":14,"gold_loss":0},{"damage_healed":0,"gold_gain":0,"cards_transformed":["Strike_G","Strike_G"],"player_choice":"Became Test Subject","damage_taken":0,"max_hp_gain":0,"max_hp_loss":0,"event_name":"Drug Dealer","floor":19,"gold_loss":0,"cards_obtained":["Deadly Poison","Skewer"]},{"damage_healed":0,"gold_gain":0,"player_choice":"Obtained Relic","damage_taken":0,"relics_obtained":["Girya"],"max_hp_gain":0,"max_hp_loss":0,"event_name":"Addict","floor":20,"gold_loss":85},{"damage_healed":0,"gold_gain":50,"player_choice":"Stole From Cult","damage_taken":0,"max_hp_gain":0,"max_hp_loss":0,"event_name":"Nest","floor":21,"gold_loss":0}],"is_beta":false,"boss_relics":[{"not_picked":["SlaversCollar","Snecko Eye"],"picked":"SacredBark"}],"items_purged_floors":[22],"is_endless":false,"potions_floor_spawned":[1,2,5,10],"killed_by":"Slavers","ascension_level":20}}