{"host":"344lv32hnei0mdhu","time":1610050473,"event":{"mods":["Act Like it!","BaseMod","Better Match","Better Sensory Stone","Better Skull","Better Third Choice","Better Vampires","Colored Powertips","Highlight Path","Minty Spire (QoL Compilation)","Quick Restart","Random Character Button","Rare Cards Sparkle","StSLib"],"gold_per_floor":[110,110,110,127,127,127,162,162,162,177,192,215,236,269,269,269,269],"floor_reached":16,"playtime":339,"items_purged":[],"score":235,"play_id":"36e55ca7-6cb7-4dbe-9301-04c2387e14bd","local_time":"20210107141432","is_ascension_mode":true,"campfire_choices":[{"floor":6,"key":"REST"},{"data":"LikeWater","floor":8,"key":"SMITH"},{"data":"Conclude","floor":15,"key":"SMITH"}],"circlet_count":0,"master_deck":["Strike_P","Strike_P","Strike_P","Strike_P","Defend_P","Defend_P","Defend_P","Defend_P","Eruption","Vigilance","Consecrate","Trip","LikeWater+1","Pray","CarveReality","Conclude+1","Consecrate","Indignation"],"relics":["PureWater","NeowsBlessing","Golden Idol","Anchor","Vajra","Pocketwatch"],"acts_visited":["Exordium"],"potions_floor_usage":[13,16,16],"damage_taken":[{"damage":0,"enemies":"Small Slimes","floor":1,"turns":1},{"damage":0,"enemies":"Cultist","floor":4,"turns":1},{"damage":0,"enemies":"3 Sentries","floor":7,"turns":1},{"damage":0,"enemies":"Jaw Worm","floor":10,"turns":3},{"damage":0,"enemies":"2 Fungi Beasts","floor":11,"turns":3},{"damage":0,"enemies":"3 Louse","floor":12,"turns":3},{"damage":0,"enemies":"Exordium Thugs","floor":13,"turns":3},{"damage":0,"enemies":"Gremlin Nob","floor":14,"turns":2},{"damage":64,"enemies":"Hexaghost","floor":16,"turns":5}],"seed_played":"-3245136870953909946","potions_obtained":[{"floor":10,"key":"Energy Potion"},{"floor":11,"key":"Energy Potion"},{"floor":12,"key":"ColorlessPotion"}],"is_trial":false,"path_per_floor":["M","$","?","M","?","R","E","R","T","M","M","M","M","E","R","B"],"character_chosen":"WATCHER","items_purchased":[],"campfire_rested":1,"item_purchase_floors":[],"current_hp_per_floor":[65,65,65,65,47,68,68,68,68,68,68,68,68,68,68,4,4],"gold":269,"neow_bonus":"THREE_ENEMY_KILL","is_daily":false,"chose_seed":false,"campfire_upgraded":2,"win_rate":0.0,"timestamp":1610050472,"path_taken":["M","$","?","?","?","R","E","R","T","M","M","M","M","E","R","BOSS"],"items_purchased_type":[],"build_version":"2020-12-22","purchased_purges":0,"victory":false,"max_hp_per_floor":[72,72,72,72,72,72,72,72,72,72,72,72,72,72,72,72,72],"card_choices":[{"not_picked":["SashWhip","EmptyBody"],"picked":"Consecrate","floor":1},{"not_picked":["Secret Technique","Impatience"],"picked":"Trip","floor":3},{"not_picked":["Evaluate","Pray"],"picked":"LikeWater","floor":4},{"not_picked":["EmptyFist","SashWhip"],"picked":"Pray","floor":7},{"not_picked":["MentalFortress","Protect"],"picked":"CarveReality","floor":10},{"not_picked":["Meditate","Vengeance","FlurryOfBlows"],"picked":"SKIP","floor":11},{"not_picked":["Perseverance","FearNoEvil"],"picked":"Conclude","floor":12},{"not_picked":["Weave","ThirdEye"],"picked":"Consecrate","floor":13},{"not_picked":["Halt","ClearTheMind"],"picked":"Indignation","floor":14}],"player_experience":318094,"relics_obtained":[{"floor":7,"key":"Anchor"},{"floor":9,"key":"Vajra"},{"floor":14,"key":"Pocketwatch"}],"event_choices":[{"damage_healed":0,"gold_gain":1,"player_choice":"1","damage_taken":0,"max_hp_gain":0,"max_hp_loss":0,"event_name":"betterStone:BetterStone","floor":3,"gold_loss":0},{"damage_healed":0,"gold_gain":0,"player_choice":"Take Damage","damage_taken":18,"relics_obtained":["Golden Idol"],"max_hp_gain":0,"max_hp_loss":0,"event_name":"Golden Idol","floor":5,"gold_loss":0}],"is_beta":false,"boss_relics":[],"items_purged_floors":[],"is_endless":false,"potions_floor_spawned":[10,11,12],"killed_by":"Hexaghost","ascension_level":9}}