{"host":"2d8l43s0fl0kdlnt","time":1610019149,"event":{"mods":["2.2 Compatiblity","BaseMod","Colored Powertips","Custom Start","Halation","Minty Spire (QoL Compilation)","Rare Cards Sparkle","SIMod","StSLib","UnlockEverythingMod"],"gold_per_floor":[119,138,138,154,165,165,184,211,211,211,211,286,335,218,218,320,320,335,350,383,403,423,423,453,58,58,92,92,30,30,47,47,144,144,158,158,68,88,106,106,5,34,60,78,78,78],"floor_reached":45,"playtime":4569,"items_purged":[],"score":723,"play_id":"844acbba-c787-4dd2-9ae2-c7521e5b72f2","local_time":"20210107053229","is_ascension_mode":true,"campfire_choices":[{"data":"AllByMyself","floor":6.0,"key":"SMITH"},{"floor":10.0,"key":"REST"},{"floor":15.0,"key":"REST"},{"floor":23.0,"key":"REST"},{"floor":30.0,"key":"REST"},{"floor":32.0,"key":"REST"}],"circlet_count":0,"master_deck":["Strike_RR","Defend_TS","Defend_PP","Defend_FS+1","Defend_AJ","ConcertedEfforts","HarmonyShield","Winterwrapup+1","Generousity","AllByMyself+1","ThunderCloud","TenInstruments","Generousity","Lasso","FriendshipIsMagic","RushToSky","PartyCana","LoveMe","PinkiePromise+1","AppleFever+1","PartyTime+1","ReinventMyself+1","Boundary+1","FriendOfNature+1","Impatience+1","CheerUp","Harmanyblast","LadiesDemeanor","Tornado","Overwhelming","CurseOfTheBell","Generousity+1","Dark Shackles","RushToSky+1","HideCarefully","BeautySensation","Honesty+1"],"relics":["The_element_of_harmony","Art of War","halation:EternalFortune","halation:TwoAmDonut","Bottled Lightning","Black Star","Red Mask","halation:PrussianBluePaint","War Paint","Nunchaku","Singing Bowl","The Courier","Bag of Marbles","Calling Bell","halation:Trompette","Blue Candle","Regal Pillow","Mercury Hourglass","Calipers"],"acts_visited":["Exordium","TheCity","TheBeyond"],"potions_floor_usage":[],"damage_taken":[{"damage":11.0,"enemies":"Cultist","floor":1.0,"turns":4.0},{"damage":8.0,"enemies":"Small Slimes","floor":2.0,"turns":4.0},{"damage":0.0,"enemies":"Jaw Worm","floor":4.0,"turns":4.0},{"damage":10.0,"enemies":"Looter","floor":5.0,"turns":5.0},{"damage":12.0,"enemies":"2 Fungi Beasts","floor":7.0,"turns":3.0},{"damage":30.0,"enemies":"Lagavulin","floor":8.0,"turns":9.0},{"damage":22.0,"enemies":"The Guardian","floor":16.0,"turns":13.0},{"damage":22.0,"enemies":"3 Byrds","floor":18.0,"turns":4.0},{"damage":21.0,"enemies":"Spheric Guardian","floor":19.0,"turns":4.0},{"damage":6.0,"enemies":"Masked Bandits","floor":20.0,"turns":3.0},{"damage":13.0,"enemies":"Snake Plant","floor":21.0,"turns":3.0},{"damage":7.0,"enemies":"Centurion and Healer","floor":22.0,"turns":5.0},{"damage":0.0,"enemies":"Gremlin Leader","floor":24.0,"turns":3.0},{"damage":38.0,"enemies":"Book of Stabbing","floor":27.0,"turns":4.0},{"damage":0.0,"enemies":"Sentry and Sphere","floor":31.0,"turns":5.0},{"damage":47.0,"enemies":"Automaton","floor":33.0,"turns":5.0},{"damage":67.0,"enemies":"Orb Walker","floor":35.0,"turns":6.0},{"damage":1.0,"enemies":"3 Shapes","floor":38.0,"turns":9.0},{"damage":10.0,"enemies":"Maw","floor":39.0,"turns":7.0},{"damage":0.0,"enemies":"Nemesis","floor":40.0,"turns":2.0},{"damage":26.0,"enemies":"Reptomancer","floor":42.0,"turns":9.0},{"damage":12.0,"enemies":"Writhing Mass","floor":44.0,"turns":6.0},{"damage":7,"enemies":"4 Shapes","floor":45,"turns":1}],"seed_played":"6855253486007541005","potions_obtained":[{"floor":4.0,"key":"PowerPotion"},{"floor":5.0,"key":"PowerPotion"},{"floor":20.0,"key":"BlessingOfTheForge"},{"floor":22.0,"key":"Energy Potion"},{"floor":27.0,"key":"FearPotion"},{"floor":31.0,"key":"DuplicationPotion"},{"floor":38.0,"key":"SmokeBomb"},{"floor":44.0,"key":"FearPotion"}],"is_trial":false,"path_per_floor":["M","M","?","M","M","R","M","E","T","R","$","?","?","$","R","B",null,"M","M","?","M","M","R","E","$","T","E","?","$","R","M","R","B",null,"M","?","?","M","M","E","$","E","T","M","M"],"character_chosen":"TWI_CLASS","items_purchased":["RushToSky","Fire Potion","Impatience","Regen Potion","Nunchaku","CheerUp","Tornado","LiquidMemories","HideCarefully"],"campfire_rested":5,"item_purchase_floors":[14,14,25,25,25,25,29,41,41],"current_hp_per_floor":[71,63,66,66,56,56,44,14,14,39,39,28,28,28,53,31,72,50,29,23,10,3,28,28,28,28,8,8,8,34,43,70,28,81,16,16,16,28,28,28,28,8,8,6,0,0],"gold":78,"neow_bonus":"RANDOM_COMMON_RELIC","is_daily":false,"chose_seed":false,"campfire_upgraded":1,"win_rate":0.0,"timestamp":1610019149,"path_taken":["M","?","?","M","M","R","M","E","T","R","?","?","?","$","R","BOSS","M","M","?","M","M","R","E","$","T","E","?","?","R","M","R","BOSS","M","?","?","?","M","E","$","E","T","M","M"],"items_purchased_type":["Card","Potion","Card","Potion","Relic","Card","Card","Potion","Card"],"build_version":"2020-12-22","purchased_purges":0,"victory":false,"max_hp_per_floor":[82,82,85,85,85,85,85,85,85,85,85,85,85,85,85,85,85,85,85,85,85,85,85,85,85,85,89,89,89,89,93,93,98,98,100,100,100,102,106,106,106,106,106,110,110,110],"card_choices":[{"not_picked":["RashStunts"],"picked":"Winterwrapup","floor":1.0},{"not_picked":["Louder","Celebrities"],"picked":"SKIP","floor":1.0},{"not_picked":["FriendOfNature"],"picked":"Generousity","floor":2.0},{"not_picked":["BatchProduction","FarmExpert"],"picked":"SKIP","floor":2.0},{"not_picked":["RashStunts"],"picked":"AllByMyself","floor":4.0},{"not_picked":["Louder"],"picked":"ThunderCloud","floor":4.0},{"not_picked":["Perfectionism"],"picked":"TenInstruments","floor":5.0},{"not_picked":["Anxiousness"],"picked":"Generousity","floor":5.0},{"not_picked":["AlloutStrike"],"picked":"Lasso","floor":7.0},{"not_picked":["MirrorLake","Magictrain"],"picked":"SKIP","floor":7.0},{"not_picked":["Charge"],"picked":"FriendshipIsMagic","floor":8.0},{"not_picked":["SwiftKick","Yay"],"picked":"SKIP","floor":8.0},{"not_picked":["Flutterguy"],"picked":"PartyCana","floor":16.0},{"not_picked":["Harmanyblast"],"picked":"LoveMe","floor":16.0},{"not_picked":["Charge"],"picked":"PinkiePromise+1","floor":18.0},{"not_picked":["Charge"],"picked":"AppleFever+1","floor":18.0},{"not_picked":["Louder+1"],"picked":"PartyTime+1","floor":19.0},{"not_picked":["Yay","Smile"],"picked":"SKIP","floor":19.0},{"not_picked":["RunningOfTheLeaves+1"],"picked":"ReinventMyself+1","floor":21.0},{"not_picked":["Whining","Celebrities+1"],"picked":"SKIP","floor":21.0},{"not_picked":["Smile"],"picked":"Boundary+1","floor":22.0},{"not_picked":["RashStunts+1","PartyTime"],"picked":"SKIP","floor":22.0},{"not_picked":["Mischief"],"picked":"FriendOfNature+1","floor":24.0},{"not_picked":["RashStunts","Batlization"],"picked":"SKIP","floor":24.0},{"not_picked":["KillingWithKindness","Boundary"],"picked":"Singing Bowl","floor":27.0},{"not_picked":["Stare","FriendshipIsMagic"],"picked":"Singing Bowl","floor":27.0},{"not_picked":["Yay+1","SwiftKick"],"picked":"Singing Bowl","floor":31.0},{"not_picked":["SwiftKick","Louder+1"],"picked":"Singing Bowl","floor":31.0},{"not_picked":["SonicRainbow"],"picked":"Overwhelming","floor":33.0},{"not_picked":["HarmonyForm","Flutterguy"],"picked":"Singing Bowl","floor":33.0},{"not_picked":["Laughter"],"picked":"Generousity+1","floor":35.0},{"not_picked":["Winterwrapup+1","Lasso"],"picked":"Singing Bowl","floor":35.0},{"not_picked":["Enlightenment"],"picked":"Dark Shackles","floor":36.0},{"not_picked":["Perfectionism"],"picked":"RushToSky+1","floor":38.0},{"not_picked":["ISayNo+1","TenInstruments+1"],"picked":"Singing Bowl","floor":38.0},{"not_picked":["Tornado+1","Celebrities"],"picked":"Singing Bowl","floor":39.0},{"not_picked":["DynamicVision+1","Boundary"],"picked":"Singing Bowl","floor":39.0},{"not_picked":["Yay"],"picked":"BeautySensation","floor":42.0},{"not_picked":["Magic_Beam"],"picked":"Honesty+1","floor":42.0},{"not_picked":["Louder+1","ThunderCloud"],"picked":"Singing Bowl","floor":44.0},{"not_picked":["KillingWithKindness","TasteRainbow+1"],"picked":"Singing Bowl","floor":44.0}],"player_experience":115728,"relics_obtained":[{"floor":8.0,"key":"halation:TwoAmDonut"},{"floor":9.0,"key":"Bottled Lightning"},{"floor":20.0,"key":"Red Mask"},{"floor":24.0,"key":"halation:PrussianBluePaint"},{"floor":24.0,"key":"War Paint"},{"floor":26.0,"key":"Singing Bowl"},{"floor":27.0,"key":"The Courier"},{"floor":27.0,"key":"Bag of Marbles"},{"floor":33.0,"key":"halation:EternalFortune"},{"floor":34.0,"key":"halation:Trompette"},{"floor":34.0,"key":"Blue Candle"},{"floor":34.0,"key":"Regal Pillow"},{"floor":42.0,"key":"Mercury Hourglass"},{"floor":42.0,"key":"Calipers"}],"event_choices":[{"damage_healed":0.0,"max_hp_gain":0.0,"max_hp_loss":0.0,"gold_gain":75.0,"event_name":"World of Goop","player_choice":"Gather Gold","floor":12.0,"gold_loss":0.0,"damage_taken":11.0},{"damage_healed":0.0,"max_hp_gain":0.0,"max_hp_loss":0.0,"gold_gain":0.0,"event_name":"Masked Bandits","player_choice":"Fought Bandits","floor":20.0,"gold_loss":0.0,"damage_taken":0.0},{"damage_healed":0.0,"max_hp_gain":0.0,"max_hp_loss":0.0,"gold_gain":0.0,"cards_transformed":["Strike_AJ","Strike_TS"],"event_name":"Drug Dealer","player_choice":"Became Test Subject","floor":28.0,"gold_loss":0.0,"damage_taken":0.0,"cards_obtained":["Harmanyblast","LadiesDemeanor"]},{"damage_healed":0.0,"max_hp_gain":0.0,"max_hp_loss":0.0,"gold_gain":0.0,"event_name":"SensoryStone","player_choice":"Memory 1","floor":36.0,"gold_loss":0.0,"damage_taken":0.0},{"cards_removed":["Strike_RD"],"damage_healed":0.0,"max_hp_gain":0.0,"max_hp_loss":0.0,"gold_gain":0.0,"event_name":"Designer","player_choice":"Upgrade and Remove","floor":37.0,"gold_loss":90.0,"damage_taken":0.0,"cards_upgraded":["Impatience"]}],"is_beta":false,"boss_relics":[{"not_picked":["Tiny House","Astrolabe"],"picked":"Black Star"},{"not_picked":["SlaversCollar","halation:Yufonium"],"picked":"Calling Bell"}],"items_purged_floors":[],"is_endless":false,"potions_floor_spawned":[4,5,20,22,27,31,38,40,44],"killed_by":"4 Shapes","ascension_level":5}}