{"host":"q2j4ef1ti78v4imq","time":1610009794,"event":{"mods":["AchievementEnabler","BaseMod","Better Altar","Better Match","Better Note","Better Sensory Stone","Better Skull","Better Third Choice","Block Reminder","Hermit","Minty Spire (QoL Compilation)","Relic Stats","Replay The Spire","Shade Mod","StSLib"],"gold_per_floor":[110,110,122,140,152,152,152,152],"floor_reached":7,"playtime":257,"items_purged":[],"score":73,"play_id":"6fa1295a-6cd3-4cbe-a1e1-91f67e28d719","local_time":"20210107085634","is_ascension_mode":true,"campfire_choices":[{"floor":6,"key":"REST"}],"circlet_count":0,"master_deck":["AscendersBane","Strike_B","Strike_B","Strike_B","Defend_B","Defend_B","Defend_B","Zap","Dualcast","Hologram","Regret","Ball Lightning","Aggregate","Loop"],"relics":["Cracked Core","Blood Vial"],"acts_visited":["Exordium"],"potions_floor_usage":[7],"damage_taken":[{"damage":0,"enemies":"2 Louse","floor":1,"turns":2},{"damage":10,"enemies":"Jaw Worm","floor":3,"turns":3},{"damage":1,"enemies":"Cultist","floor":4,"turns":3},{"damage":35,"enemies":"Exordium Thugs","floor":5,"turns":4},{"damage":35,"enemies":"3 Sentries","floor":7,"turns":4}],"seed_played":"3594869534498615257","potions_obtained":[{"floor":4,"key":"SkillPotion"},{"floor":5,"key":"FearPotion"}],"is_trial":false,"path_per_floor":["M","?","M","M","M","R","E"],"character_chosen":"DEFECT","items_purchased":[],"campfire_rested":1,"item_purchase_floors":[],"current_hp_per_floor":[46,46,38,39,6,27,0,0],"gold":152,"neow_bonus":"REMOVE_TWO","is_daily":false,"chose_seed":false,"campfire_upgraded":0,"win_rate":0.0,"timestamp":1610009794,"path_taken":["M","?","M","M","M","R","E"],"items_purchased_type":[],"build_version":"2020-12-22","purchased_purges":0,"victory":false,"max_hp_per_floor":[71,71,71,71,71,71,71,71],"relic_stats":{"Blood Vial":8,"counters":[5,16],"obtain_stats":[{"Blood Vial":2,"Cracked Core":0},{"Blood Vial":1,"Cracked Core":0},{"Blood Vial":2,"Cracked Core":0}]},"card_choices":[{"not_picked":["Barrage","Rip and Tear"],"picked":"Hologram","floor":1},{"not_picked":["Skim","Turbo"],"picked":"Ball Lightning","floor":3},{"not_picked":["Gash","Rebound"],"picked":"Aggregate","floor":4},{"not_picked":["Panic Button","Scrape"],"picked":"Loop","floor":5}],"player_experience":831195,"relics_obtained":[],"event_choices":[{"damage_healed":0,"gold_gain":0,"player_choice":"Box","damage_taken":0,"relics_obtained":["Blood Vial"],"max_hp_gain":0,"max_hp_loss":0,"event_name":"Big Fish","floor":2,"gold_loss":0,"cards_obtained":["Regret"]}],"is_beta":false,"boss_relics":[],"items_purged_floors":[],"is_endless":false,"potions_floor_spawned":[4,5],"killed_by":"3 Sentries","ascension_level":14}}