{"host":"amduk82rbaelv3uo","time":1610038455,"event":{"mods":["AchievementEnabler","BaseMod","BetterRewards","Colored Map","Colored Powertips","Defuse TimeMaze Blight","Highlight Path","Infinite Spire","Minty Spire (QoL Compilation)","Permanent Neow","Quick Restart","Replay The Spire","StSLib","The Cursed"],"gold_per_floor":[117,137,155,230,247,272,202,231,256,256,74,74,86,113,113,213,213,233,244,316,347,347,347,378,378,378,389,389,421,421,440,440,571,571,623,623,679,901,951,1042,1042,1102,1129,1129,1129,563,625,698,698,716],"floor_reached":51,"playtime":3831,"items_purged":[],"score":764,"play_id":"23f88833-a3b6-4390-8386-4dff1b63a620","local_time":"20210107165415","is_ascension_mode":true,"campfire_choices":[{"floor":12,"key":"REST"},{"floor":15,"key":"REST"},{"data":"TheCursedMod:HellfireBreathing","floor":23,"key":"SMITH"},{"data":"TheCursedMod:NeowsMight","floor":28,"key":"SMITH"},{"floor":32,"key":"DIG"},{"data":"TheCursedMod:CollectTribute","floor":41,"key":"SMITH"},{"data":"1","floor":45,"key":"LIFT"},{"data":"2","floor":49,"key":"LIFT"}],"circlet_count":0,"master_deck":["TheCursedMod:Defend_TheCursed","TheCursedMod:Defend_TheCursed","TheCursedMod:Defend_TheCursed","TheCursedMod:Defend_TheCursed","TheCursedMod:CursedWand","TheCursedMod:CleanUpWorkshop","TheCursedMod:Dregs","TheCursedMod:CursedShiv","TheCursedMod:ReleasedStrength","TheCursedMod:ReleasedStrength","TheCursedMod:CursedShiv","TheCursedMod:CursedBlade","TheCursedMod:HellsGateOpen","TheCursedMod:HellfireBreathing+1","TheCursedMod:CursedShiv","TheCursedMod:HellfireBreathing","TheCursedMod:DemonSword","TheCursedMod:NeowsMight+1","TheCursedMod:SpitefulPlan","TheCursedMod:CircleOfFlame+1","TheCursedMod:Obscuration","TheCursedMod:SurpriseAttack","TheCursedMod:CircleOfCorruption","TheCursedMod:CollectTribute+1","CommonCold","Spreading Infection","TheCursedMod:VitalStrike+1","TheCursedMod:StingEye+1","TheCursedMod:Grudge+1","TheCursedMod:FleshFromBone","TheCursedMod:Stigma+1","Flash of Steel","Panache","Secret Technique","TheCursedMod:CircleOfFlame","TheCursedMod:Grudge+1"],"relics":["TheCursedMod:BlackMagic101","Boot","ReplayTheSpireMod:Lightbulb","TheCursedMod:Tack","Oddly Smooth Stone","Pen Nib","Coffee Dripper","HornCleat","Red Mask","Replay:Ringing Soul","MutagenicStrength","infinitespire:Broken Mirror","Eternal Feather","Replay:Rubber Ducky","infinitespire:EvilPickle","Kintsugi","TheCursedMod:MagicCandle","Replay:Bandana","Girya","Anchor","Iron Hammer","Centennial Puzzle","HandDrill"],"acts_visited":["Exordium","TheCity","TheBeyond"],"potions_floor_usage":[13,16,16,18,19,29,33,37,37,47,48],"damage_taken":[{"damage":3,"enemies":"Small Slimes","floor":1,"turns":2},{"damage":1,"enemies":"Cultist","floor":2,"turns":3},{"damage":2,"enemies":"Jaw Worm","floor":3,"turns":2},{"damage":4,"enemies":"Looter","floor":5,"turns":3},{"damage":13,"enemies":"Lagavulin","floor":6,"turns":5},{"damage":31,"enemies":"Gremlin Nob","floor":8,"turns":4},{"damage":2,"enemies":"Large Slime","floor":13,"turns":4},{"damage":18,"enemies":"3 Sentries","floor":14,"turns":5},{"damage":0,"enemies":"Slime Boss","floor":16,"turns":5},{"damage":12,"enemies":"Chosen","floor":18,"turns":2},{"damage":4,"enemies":"3 Byrds","floor":19,"turns":2},{"damage":0,"enemies":"Masked Bandits","floor":21,"turns":2},{"damage":8,"enemies":"Slavers","floor":24,"turns":3},{"damage":17,"enemies":"Snecko","floor":27,"turns":4},{"damage":3,"enemies":"Replay:Snechameleon","floor":29,"turns":2},{"damage":0,"enemies":"Snake Plant","floor":31,"turns":1},{"damage":5,"enemies":"Pondfish","floor":33,"turns":6},{"damage":3,"enemies":"3 Shapes","floor":35,"turns":3},{"damage":0,"enemies":"3 Darklings","floor":37,"turns":2},{"damage":0,"enemies":"Mind Bloom Boss Battle","floor":39,"turns":4},{"damage":6,"enemies":"R_Hoarder","floor":40,"turns":5},{"damage":11,"enemies":"2 Orb Walkers","floor":42,"turns":3},{"damage":18,"enemies":"Writhing Mass","floor":47,"turns":2},{"damage":5,"enemies":"Spire Growth","floor":48,"turns":3},{"damage":29,"enemies":"Replay:Hell Engine","floor":50,"turns":7}],"seed_played":"8698537083029336090","potions_obtained":[{"floor":2,"key":"FairyPotion"},{"floor":3,"key":"SteroidPotion"},{"floor":6,"key":"Swift Potion"},{"floor":14,"key":"Ancient Potion"},{"floor":16,"key":"DuplicationPotion"},{"floor":18,"key":"Dexterity Potion"},{"floor":27,"key":"Explosive Potion"},{"floor":31,"key":"Dexterity Potion"},{"floor":33,"key":"LifebloodPotion"},{"floor":35,"key":"BlessingOfTheForge"},{"floor":36,"key":"Adrenaline Potion"},{"floor":42,"key":"SkillPotion"},{"floor":47,"key":"Toxic Potion"}],"is_trial":false,"path_per_floor":["M","M","M","?","M","E","$","E","T","?","$","R","M","E","R","B",null,"M","M","T","?","?","R","E","?","T","M","R","E","?","M","R_BF","B",null,"M","?","M","?","?","E","R","?","T","?","R","$","M","M","R","B",null],"character_chosen":"THE_CURSED","items_purchased":["TheCursedMod:HellsGateOpen","Oddly Smooth Stone","TheCursedMod:HellfireBreathing","Iron Hammer","Centennial Puzzle","HandDrill"],"campfire_rested":2,"item_purchase_floors":[7,11,11,46,46,46],"current_hp_per_floor":[72,71,69,62,58,45,45,14,14,14,14,36,34,16,38,38,75,63,59,59,59,59,59,54,54,54,40,40,40,40,43,58,56,93,93,93,96,96,99,96,105,97,97,90,108,108,93,91,112,83],"gold":716,"neow_bonus":"RANDOM_EVENT","is_daily":false,"chose_seed":false,"campfire_upgraded":3,"win_rate":0.0,"timestamp":1610038455,"path_taken":["M","M","M","?","?","E","$","E","T","?","$","R","M","E","R","BOSS","M","M","?","?","?","R","E","?","T","?","R","E","?","M","R_BF","BOSS","M","?","?","?","?","E","R","?","T","?","R","$","M","M","R","BOSS"],"items_purchased_type":["Card","Relic","Card","Relic","Relic","Relic"],"build_version":"2020-12-22","purchased_purges":0,"victory":true,"max_hp_per_floor":[75,75,75,75,75,75,75,75,75,75,75,75,75,75,75,75,75,75,75,75,75,75,75,78,78,78,81,81,84,84,87,87,90,93,96,96,99,99,102,105,105,108,108,111,111,111,114,117,117,117],"card_choices":[{"not_picked":["TheCursedMod:Torture","TheCursedMod:CursedMace"],"picked":"TheCursedMod:CursedShiv","floor":1},{"not_picked":["TheCursedMod:Torture","TheCursedMod:Obscuration"],"picked":"TheCursedMod:ReleasedStrength","floor":2},{"not_picked":["TheCursedMod:Stigma","TheCursedMod:FleshFromBone"],"picked":"TheCursedMod:ReleasedStrength","floor":3},{"not_picked":["TheCursedMod:Stretching","TheCursedMod:CursedAmulet"],"picked":"TheCursedMod:CursedShiv","floor":5},{"not_picked":["TheCursedMod:RavingStaff","TheCursedMod:CircleOfCorruption"],"picked":"TheCursedMod:CursedBlade","floor":6},{"not_picked":["TheCursedMod:SmokeScreen","TheCursedMod:AshesToAshes"],"picked":"TheCursedMod:HellfireBreathing","floor":8},{"not_picked":["TheCursedMod:Wield","TheCursedMod:CursedBlade"],"picked":"TheCursedMod:DemonSword","floor":13},{"not_picked":["TheCursedMod:HellsGateOpen","TheCursedMod:CircleOfFocus","TheCursedMod:Wield"],"picked":"SKIP","floor":14},{"not_picked":["TheCursedMod:DemonSword","TheCursedMod:DemonicPact"],"picked":"TheCursedMod:NeowsMight","floor":16},{"not_picked":["TheCursedMod:SaltUponWound","TheCursedMod:SpitefulPray"],"picked":"TheCursedMod:SpitefulPlan","floor":18},{"not_picked":["TheCursedMod:CursedBoomerang","TheCursedMod:FleshFromBone"],"picked":"TheCursedMod:CircleOfFlame+1","floor":19},{"not_picked":["TheCursedMod:BloodBarrier+1","TheCursedMod:StingEye"],"picked":"TheCursedMod:Obscuration","floor":21},{"not_picked":["TheCursedMod:RapidMovement","TheCursedMod:SoulCrush"],"picked":"TheCursedMod:ManaBullet","floor":24},{"not_picked":["TheCursedMod:SpitefulStrike","TheCursedMod:CircleOfAmplification"],"picked":"TheCursedMod:SurpriseAttack","floor":27},{"not_picked":["TheCursedMod:VitalStrike","TheCursedMod:AshesToAshes"],"picked":"TheCursedMod:CursedStaff","floor":29},{"not_picked":["TheCursedMod:CursedStaff","TheCursedMod:Stretching+1"],"picked":"TheCursedMod:CircleOfCorruption","floor":31},{"not_picked":["TheCursedMod:UltimatePain","TheCursedMod:ForbiddenAlchemy"],"picked":"TheCursedMod:CollectTribute","floor":33},{"not_picked":["TheCursedMod:Stretching+1","TheCursedMod:RavingStaff+1"],"picked":"TheCursedMod:VitalStrike+1","floor":35},{"not_picked":["TheCursedMod:CircleOfAmplification","TheCursedMod:CursedAmulet+1"],"picked":"TheCursedMod:StingEye+1","floor":37},{"not_picked":["TheCursedMod:TroublousMinions","TheCursedMod:CursedAmulet"],"picked":"TheCursedMod:Grudge+1","floor":39},{"not_picked":["TheCursedMod:CursedMace+1","TheCursedMod:CursedArmor"],"picked":"TheCursedMod:FleshFromBone","floor":40},{"not_picked":["TheCursedMod:TacticalStrike+1","TheCursedMod:OutForBlood"],"picked":"TheCursedMod:Stigma+1","floor":42},{"not_picked":["Trip","Poisoned Strike"],"picked":"Flash of Steel","floor":44},{"not_picked":["ReplayTheSpireMod:Private Reserves","Bandage Up"],"picked":"Panache","floor":44},{"not_picked":["ReplayTheSpireMod:Brewmster","Dark Shackles"],"picked":"Secret Technique","floor":44},{"not_picked":["TheCursedMod:CursedAmulet","TheCursedMod:Obscuration"],"picked":"TheCursedMod:CircleOfFlame","floor":47},{"not_picked":["TheCursedMod:CursedMace","TheCursedMod:CursedArmor"],"picked":"TheCursedMod:Grudge+1","floor":48}],"player_experience":241845,"relics_obtained":[{"floor":6,"key":"Boot"},{"floor":8,"key":"ReplayTheSpireMod:Lightbulb"},{"floor":9,"key":"TheCursedMod:Tack"},{"floor":14,"key":"Pen Nib"},{"floor":20,"key":"HornCleat"},{"floor":21,"key":"Red Mask"},{"floor":24,"key":"Replay:Ringing Soul"},{"floor":26,"key":"infinitespire:Broken Mirror"},{"floor":29,"key":"Eternal Feather"},{"floor":32,"key":"Replay:Rubber Ducky"},{"floor":39,"key":"TheCursedMod:MagicCandle"},{"floor":40,"key":"Replay:Bandana"},{"floor":42,"key":"Girya"},{"floor":43,"key":"Anchor"}],"event_choices":[{"damage_healed":0,"gold_gain":0,"cards_transformed":["TheCursedMod:Strike_TheCursed"],"player_choice":"Change","damage_taken":0,"max_hp_gain":0,"max_hp_loss":0,"event_name":"Living Wall","floor":0,"gold_loss":0,"cards_obtained":["TheCursedMod:FuryStrike"]},{"damage_healed":0,"gold_gain":75,"player_choice":"Touch","damage_taken":7,"max_hp_gain":0,"max_hp_loss":0,"event_name":"FaceTrader","floor":4,"gold_loss":0},{"damage_healed":0,"gold_gain":0,"cards_transformed":["TheCursedMod:Strike_TheCursed"],"player_choice":"Transformed","damage_taken":0,"max_hp_gain":0,"max_hp_loss":0,"event_name":"Transmorgrifier","floor":10,"gold_loss":0,"cards_obtained":["TheCursedMod:CursedShiv"]},{"damage_healed":0,"gold_gain":0,"player_choice":"Fought Bandits","damage_taken":0,"max_hp_gain":0,"max_hp_loss":0,"event_name":"Masked Bandits","floor":21,"gold_loss":0},{"damage_healed":0,"gold_gain":0,"player_choice":"Inject Mutagens","damage_taken":0,"relics_obtained":["MutagenicStrength"],"max_hp_gain":0,"max_hp_loss":0,"event_name":"Drug Dealer","floor":25,"gold_loss":0},{"damage_healed":0,"gold_gain":0,"player_choice":"Ignored","damage_taken":0,"max_hp_gain":0,"max_hp_loss":0,"event_name":"Beggar","floor":30,"gold_loss":0},{"damage_healed":0,"gold_gain":0,"player_choice":"Got Potions","damage_taken":0,"max_hp_gain":0,"max_hp_loss":0,"event_name":"Lab","floor":36,"gold_loss":0},{"damage_healed":0,"gold_gain":222,"player_choice":"Wore Mask","damage_taken":0,"max_hp_gain":0,"max_hp_loss":0,"event_name":"Tomb of Lord Red Mask","floor":38,"gold_loss":0},{"damage_healed":0,"gold_gain":0,"player_choice":"Fight","damage_taken":0,"max_hp_gain":0,"max_hp_loss":0,"event_name":"MindBloom","floor":39,"gold_loss":0},{"damage_healed":0,"gold_gain":0,"player_choice":"Fight","damage_taken":0,"max_hp_gain":0,"max_hp_loss":0,"event_name":"Mysterious Sphere","floor":42,"gold_loss":0},{"damage_healed":0,"gold_gain":0,"player_choice":"Memory 3","damage_taken":10,"max_hp_gain":0,"max_hp_loss":0,"event_name":"SensoryStone","floor":44,"gold_loss":0}],"is_beta":false,"boss_relics":[{"not_picked":["Replay:Wanted Poster","Painkiller Herb"],"picked":"Coffee Dripper"},{"not_picked":["Sozu","Pandora\u0027s Box"],"picked":"Kintsugi"}],"items_purged_floors":[],"is_endless":false,"potions_floor_spawned":[2,3,6,14,16,18,27,31,33,35,42,47],"ascension_level":2}}