{"host":"lpze9ywvzk5bsxql","time":1610046075,"event":{"mods":["2.2 Compatiblity","BaseMod","Bestiary","Better Third Choice","Colored Map","Downfall","Hermit","Ironclad Rager","Minty Spire (QoL Compilation)","Replay The Spire","StSLib","The Hierophant"],"gold_per_floor":[118,132,57,70,88,88,118,130,182,182,14,14,14,40,40,135,135,152,171,11,11,11,11,29,29,29],"floor_reached":25,"playtime":1543,"items_purged":["Bash","ICR:RageStrike"],"score":222,"play_id":"b94d4abb-fb2e-42e8-912e-e90c25b69fa9","local_time":"20210107200115","is_ascension_mode":true,"campfire_choices":[{"data":"Flex","floor":6,"key":"SMITH"},{"floor":12,"key":"REST"},{"data":"Rampage","floor":15,"key":"SMITH"},{"floor":23,"key":"REST"}],"circlet_count":0,"master_deck":["ICR:RageStrike","ICR:RageStrike","ICR:RageStrike","ICR:RageStrike","ICR:ShieldBash","ICR:ShieldBash","ICR:ShieldBash","ICR:ShieldBash","Rampage+1","Flex+1","Heavy Blade","Inflame","Whirlwind","Exhume","Demon Form"],"relics":["Burning Blood","Bottled Flame","ReplayTheSpireMod:TigerMarble","Replay:WaspNest","Busted Crown"],"acts_visited":["Exordium","TheCity"],"potions_floor_usage":[5,16,19,24],"damage_taken":[{"damage":3,"enemies":"Cultist","floor":1,"turns":4},{"damage":1,"enemies":"2 Louse","floor":2,"turns":2},{"damage":3,"enemies":"Small Slimes","floor":4,"turns":3},{"damage":4,"enemies":"Blue Slaver","floor":5,"turns":3},{"damage":39,"enemies":"Lagavulin","floor":7,"turns":6},{"damage":0,"enemies":"3 Louse","floor":8,"turns":2},{"damage":6,"enemies":"Replay:BlueRogue","floor":14,"turns":5},{"damage":46,"enemies":"Fading Forest","floor":16,"turns":11},{"damage":14,"enemies":"2 Thieves","floor":18,"turns":2},{"damage":12,"enemies":"Shell Parasite","floor":19,"turns":3},{"damage":22,"enemies":"Snecko","floor":24,"turns":4},{"damage":4,"enemies":"Gremlin Leader","floor":25,"turns":2}],"seed_played":"-8082062889067711309","potions_obtained":[{"floor":1,"key":"Elixir"},{"floor":4,"key":"ColorlessPotion"},{"floor":8,"key":"SteroidPotion"},{"floor":16,"key":"ElixirPotion"},{"floor":18,"key":"ColorlessPotion"},{"floor":19,"key":"DuplicationPotion"}],"is_trial":false,"path_per_floor":["M","M","$","M","M","R","E","M","T","?","$","R","$","E","R","B",null,"M","M","$","?","$","R","M","E"],"character_chosen":"IRONCLAD","items_purchased":["Inflame","Demon Form"],"campfire_rested":2,"item_purchase_floors":[11,20],"current_hp_per_floor":[80,80,80,80,80,80,47,53,53,53,53,77,77,77,77,57,80,72,66,66,66,66,80,64,60,60],"gold":29,"neow_bonus":"IRONCLAD_RAGER","is_daily":false,"chose_seed":false,"campfire_upgraded":2,"win_rate":0.0,"timestamp":1610046075,"path_taken":["M","M","$","M","M","R","E","M","T","?","?","R","$","E","R","BOSS","M","M","$","?","$","R","M","E"],"items_purchased_type":["Card","Card"],"build_version":"2020-12-22","purchased_purges":2,"victory":false,"max_hp_per_floor":[80,80,80,80,80,80,80,80,80,80,80,80,80,80,80,80,80,80,80,80,80,80,80,80,80,80],"card_choices":[{"not_picked":["Rupture","Headbutt"],"picked":"Rampage","floor":1},{"not_picked":["Fire Breathing","Wild Strike"],"picked":"Flex","floor":2},{"not_picked":["Evolve","Eclipse","Dropkick"],"picked":"SKIP","floor":4},{"not_picked":["Flex","Run Through"],"picked":"Heavy Blade","floor":5},{"not_picked":["Wild Strike","Thunderclap","Demonic Infusion"],"picked":"SKIP","floor":7},{"not_picked":["Replay:Undeath\u0027s Touch","Armaments","Sword Boomerang"],"picked":"SKIP","floor":8},{"not_picked":["Body Slam","Eclipse"],"picked":"Whirlwind","floor":14},{"not_picked":["Corruption","Offering"],"picked":"Exhume","floor":16},{"not_picked":["Shrug It Off"],"picked":"SKIP","floor":18},{"not_picked":["Abandon"],"picked":"SKIP","floor":19},{"not_picked":["Body Slam"],"picked":"SKIP","floor":24}],"player_experience":306972,"relics_obtained":[{"floor":7,"key":"Bottled Flame"},{"floor":9,"key":"ReplayTheSpireMod:TigerMarble"},{"floor":14,"key":"Replay:WaspNest"}],"event_choices":[{"damage_healed":0,"gold_gain":0,"player_choice":"Ignored","damage_taken":0,"max_hp_gain":0,"max_hp_loss":0,"event_name":"NoteForYourself","floor":10,"gold_loss":0},{"damage_healed":0,"gold_gain":0,"player_choice":"Ignored","damage_taken":0,"max_hp_gain":0,"max_hp_loss":0,"event_name":"Cursed Tome","floor":21,"gold_loss":0}],"is_beta":false,"boss_relics":[{"not_picked":["Electric Blood","Painkiller Herb"],"picked":"Busted Crown"}],"items_purged_floors":[3,11],"is_endless":false,"potions_floor_spawned":[1,4,8,16,18,19],"killed_by":"Gremlin Leader","ascension_level":1}}