{"host":"9ylwqx3xq4e4v98b","time":1610009586,"event":{"mods":["AchievementEnabler","BaseMod","Better Silent Start","Card Forge","Colored Map","DeckTracker","Minty Spire (QoL Compilation)","Permanent Neow","Quick Restart","Spicy Shops","StSLib","SuperFastMode","Td1madao Mod"],"gold_per_floor":[110,260,260,13,288,288,316,316,393,409,441,459,459,459,459,532,532,543,543,562,589,601,634,634,667,667,667,58,58,85,0,0,74,74,94,110,122,122,122,154,201,201,225,225,251,275,302,317,317,317,317],"floor_reached":52,"playtime":1276,"items_purged":[],"score":2700,"play_id":"9597138b-e627-4ee5-ad87-1b724cc79aa5","local_time":"20210107005306","is_ascension_mode":true,"campfire_choices":[{"floor":6,"key":"REST"},{"floor":8,"key":"RECALL"},{"floor":15,"key":"REST"},{"data":"A Thousand Cuts","floor":24,"key":"SMITH"},{"data":"Footwork","floor":27,"key":"SMITH"},{"data":"Mayhem","floor":32,"key":"SMITH"},{"floor":49,"key":"REST"}],"circlet_count":0,"master_deck":["AscendersBane","Entrench+1","Juggernaut+1","Seeing Red+1","Adrenaline+1","Burst+1","Blur+1","Dodge and Roll+1","Doppelganger+1","After Image+1","Body Slam+1","Seeing Red+1","Adrenaline+1","After Image+1","Burst+1","Bullet Time+1","Backflip+1","Blur+1","Dodge and Roll+1","Footwork+1","Doppelganger+1","Footwork+1","A Thousand Cuts+1","Mayhem+1","Parasite","Dark Shackles+1","Prepared+1","Backflip+1"],"relics":["Ring of the Snake","Hammer of Thor","Seething Fire","Anvil of the Gods","Juzu Bracelet","Membership Card","MealTicket","Gremlin Horn","Paper Crane","SlaversCollar","MutagenicStrength","Nunchaku","Strawberry","Sundial","StoneCalendar","Pear","Bottled Flame","Anchor","Kunai","Pen Nib","Ancient Tea Set","Fusion Hammer","Vajra","Turnip","Akabeko","Calipers","Blood Vial","Lantern"],"acts_visited":["Exordium","TheCity","TheBeyond"],"potions_floor_usage":[51],"damage_taken":[{"damage":0,"enemies":"Small Slimes","floor":1,"turns":3},{"damage":0,"enemies":"Lagavulin","floor":7,"turns":3},{"damage":3,"enemies":"Jaw Worm","floor":10,"turns":4},{"damage":0,"enemies":"3 Sentries","floor":11,"turns":2},{"damage":0,"enemies":"Cultist","floor":12,"turns":3},{"damage":0,"enemies":"Hexaghost","floor":16,"turns":3},{"damage":0,"enemies":"3 Byrds","floor":18,"turns":3},{"damage":0,"enemies":"Chosen","floor":20,"turns":2},{"damage":16,"enemies":"Centurion and Healer","floor":22,"turns":3},{"damage":10,"enemies":"Gremlin Leader","floor":23,"turns":3},{"damage":0,"enemies":"Book of Stabbing","floor":25,"turns":3},{"damage":0,"enemies":"Gremlin Leader","floor":30,"turns":3},{"damage":0,"enemies":"Collector","floor":33,"turns":3},{"damage":0,"enemies":"Orb Walker","floor":35,"turns":3},{"damage":0,"enemies":"3 Shapes","floor":36,"turns":2},{"damage":0,"enemies":"Writhing Mass","floor":37,"turns":3},{"damage":0,"enemies":"Giant Head","floor":40,"turns":4},{"damage":4,"enemies":"2 Orb Walkers","floor":41,"turns":3},{"damage":0,"enemies":"Nemesis","floor":45,"turns":3},{"damage":0,"enemies":"Reptomancer","floor":47,"turns":4},{"damage":0,"enemies":"4 Shapes","floor":48,"turns":5},{"damage":1,"enemies":"Donu and Deca","floor":50,"turns":3},{"damage":9,"enemies":"Time Eater","floor":51,"turns":6}],"seed_played":"-1824872654371775555","potions_obtained":[{"floor":1,"key":"PowerPotion"},{"floor":7,"key":"FairyPotion"}],"is_trial":false,"path_per_floor":["M","?","?","$","?","R","E","R","T","M","E","M","?","?","R","B",null,"M","?","M","T","M","E","R","E","T","R","$","?","E","$","R","B",null,"M","M","M","?","?","E","?","?","T","?","E","T","E","M","R","B","B",null],"character_chosen":"THE_SILENT","items_purchased":["Footwork","Membership Card","Pear","Bottled Flame","Anchor","Kunai","Mayhem","Ancient Tea Set"],"campfire_rested":3,"item_purchase_floors":[4,4,28,28,28,28,28,31],"current_hp_per_floor":[59,59,54,54,54,66,66,66,66,63,63,63,63,63,66,66,66,66,66,66,66,50,47,47,47,47,47,72,72,72,83,83,83,83,83,83,83,83,83,83,79,79,79,79,79,79,79,79,79,78,70],"gold":317,"neow_bonus":"ONE_RANDOM_RARE_CARD","is_daily":false,"chose_seed":false,"campfire_upgraded":3,"win_rate":0.0,"timestamp":1610009586,"path_taken":["M","?","?","$","?","R","E","R","T","M","E","M","?","?","R","BOSS","M","?","M","?","M","E","R","E","T","R","?","?","E","?","R","BOSS","M","M","M","?","?","E","?","?","T","?","E","?","E","M","R","BOSS","BOSS"],"items_purchased_type":["Card","Relic","Relic","Relic","Relic","Relic","Card","Relic"],"build_version":"2020-12-22","purchased_purges":0,"victory":true,"max_hp_per_floor":[66,66,66,66,66,66,66,66,66,66,66,66,66,66,66,66,66,66,66,66,66,66,73,73,73,73,73,83,83,83,83,83,83,83,83,83,83,83,83,83,83,83,83,79,79,79,79,79,79,79,79],"card_choices":[{"not_picked":["Endless Agony","Dagger Spray","Quick Slash"],"picked":"SKIP","floor":1},{"not_picked":["Flying Knee","Masterful Stab","Poisoned Stab"],"picked":"SKIP","floor":7},{"not_picked":["Cloak And Dagger","Concentrate","Underhanded Strike"],"picked":"SKIP","floor":10},{"not_picked":["Heel Hook","Reflex","Acrobatics"],"picked":"SKIP","floor":11},{"not_picked":["Bane","Concentrate","Cloak And Dagger"],"picked":"SKIP","floor":12},{"not_picked":["Corpse Explosion","Bullet Time"],"picked":"Doppelganger","floor":16},{"not_picked":["Deadly Poison","Finisher"],"picked":"Footwork","floor":18},{"not_picked":["Escape Plan","Footwork","Prepared"],"picked":"SKIP","floor":20},{"not_picked":["Expertise","Dash","Well Laid Plans"],"picked":"SKIP","floor":22},{"not_picked":["Cloak And Dagger","Noxious Fumes+1"],"picked":"A Thousand Cuts","floor":23},{"not_picked":["Underhanded Strike","Quick Slash+1","Doppelganger"],"picked":"SKIP","floor":25},{"not_picked":["Backflip","All Out Attack","Masterful Stab"],"picked":"SKIP","floor":30},{"not_picked":["Dagger Spray","Dagger Throw","Blade Dance"],"picked":"SKIP","floor":35},{"not_picked":["Sucker Punch","Phantasmal Killer","Well Laid Plans"],"picked":"SKIP","floor":36},{"not_picked":["Prepared","Bane","Deadly Poison"],"picked":"SKIP","floor":37},{"not_picked":["Enlightenment","Forethought"],"picked":"Dark Shackles","floor":39},{"not_picked":["Escape Plan","Blade Dance"],"picked":"Prepared","floor":40},{"not_picked":["Flechettes","Dash","Tools of the Trade"],"picked":"SKIP","floor":45},{"not_picked":["Expertise","Setup","Flying Knee+1"],"picked":"SKIP","floor":47},{"not_picked":["Deflect","Flying Knee"],"picked":"Backflip","floor":48}],"player_experience":197360,"relics_obtained":[{"floor":7,"key":"MealTicket"},{"floor":9,"key":"Gremlin Horn"},{"floor":11,"key":"Paper Crane"},{"floor":21,"key":"Nunchaku"},{"floor":23,"key":"Strawberry"},{"floor":25,"key":"Sundial"},{"floor":26,"key":"StoneCalendar"},{"floor":30,"key":"Pen Nib"},{"floor":40,"key":"Vajra"},{"floor":41,"key":"Turnip"},{"floor":43,"key":"Akabeko"},{"floor":45,"key":"Calipers"},{"floor":46,"key":"Blood Vial"},{"floor":47,"key":"Lantern"}],"event_choices":[{"damage_healed":0,"gold_gain":150,"player_choice":"AGREE","damage_taken":0,"max_hp_gain":0,"max_hp_loss":0,"event_name":"Liars Game","floor":2,"gold_loss":0,"cards_obtained":["Doubt"]},{"damage_healed":0,"gold_gain":0,"player_choice":"Success","damage_taken":5,"relics_obtained":["Juzu Bracelet"],"max_hp_gain":0,"max_hp_loss":0,"event_name":"Scrap Ooze","floor":3,"gold_loss":0},{"damage_healed":0,"gold_gain":275,"player_choice":"Desecrate","damage_taken":0,"max_hp_gain":0,"max_hp_loss":0,"event_name":"Golden Shrine","floor":5,"gold_loss":0,"cards_obtained":["Regret"]},{"damage_healed":0,"gold_gain":0,"player_choice":"Ignored","damage_taken":0,"max_hp_gain":0,"max_hp_loss":0,"event_name":"Golden Wing","floor":13,"gold_loss":0},{"damage_healed":0,"gold_gain":0,"player_choice":"Ignored","damage_taken":0,"max_hp_gain":0,"max_hp_loss":0,"event_name":"Shining Light","floor":14,"gold_loss":0},{"damage_healed":0,"gold_gain":0,"player_choice":"Inject Mutagens","damage_taken":0,"relics_obtained":["MutagenicStrength"],"max_hp_gain":0,"max_hp_loss":0,"event_name":"Drug Dealer","floor":19,"gold_loss":0},{"cards_removed":["Acrobatics"],"damage_healed":0,"gold_gain":0,"player_choice":"Card Removal","damage_taken":0,"max_hp_gain":0,"max_hp_loss":0,"event_name":"Wheel of Change","floor":29,"gold_loss":0},{"cards_removed":["Backflip"],"damage_healed":0,"gold_gain":0,"player_choice":"Removed Skill","damage_taken":0,"max_hp_gain":0,"max_hp_loss":0,"event_name":"Falling","floor":38,"gold_loss":0},{"damage_healed":0,"gold_gain":0,"player_choice":"Memory 1","damage_taken":0,"max_hp_gain":0,"max_hp_loss":0,"event_name":"SensoryStone","floor":39,"gold_loss":0},{"damage_healed":0,"gold_gain":0,"player_choice":"Fight","damage_taken":0,"max_hp_gain":0,"max_hp_loss":0,"event_name":"Mysterious Sphere","floor":41,"gold_loss":0},{"damage_healed":0,"gold_gain":0,"player_choice":"Ignored","damage_taken":0,"max_hp_gain":0,"max_hp_loss":0,"event_name":"Tomb of Lord Red Mask","floor":42,"gold_loss":0},{"damage_healed":0,"gold_gain":0,"player_choice":"Max HP","damage_taken":0,"max_hp_gain":0,"max_hp_loss":4,"event_name":"Winding Halls","floor":44,"gold_loss":0}],"is_beta":false,"boss_relics":[{"not_picked":["Snecko Eye","HoveringKite"],"picked":"SlaversCollar"},{"not_picked":["Calling Bell","Cursed Key"],"picked":"Fusion Hammer"}],"items_purged_floors":[],"is_endless":false,"potions_floor_spawned":[1,7,16,20,25,30,35,36,40,45],"ascension_level":20}}