{"host":"6ld56ls1xbe0aj21","time":1610011026,"event":{"mods":["AchievementEnabler","BaseMod","Colored Powertips","Minty Spire (QoL Compilation)","Quick Restart","Rare Cards Sparkle","StSLib","SuperFastMode","everything is the same but u backflip on backflip","slay the spire mod where everything is the same but ironclad has a cowboy hat"],"gold_per_floor":[119,119,44,44,63,63,91,91,91,106,131,150,176,187,187,290,290,305,324,29,29,29,63,77,105,105,115,135,161,161,260,260,260,260],"floor_reached":33,"playtime":1076,"items_purged":["Shame"],"score":563,"play_id":"6d092070-0f75-4a3c-b18c-51acf86ebe2d","local_time":"20210107201706","is_ascension_mode":true,"campfire_choices":[{"data":"Carnage","floor":6.0,"key":"SMITH"},{"data":"Uppercut","floor":8,"key":"SMITH"},{"floor":15,"key":"REST"},{"data":"Shockwave","floor":30,"key":"SMITH"},{"data":"Bash","floor":32,"key":"SMITH"}],"circlet_count":0,"master_deck":["AscendersBane","Strike_R","Strike_R","Strike_R","Strike_R","Defend_R","Defend_R","Defend_R","Defend_R","Bash+1","Uppercut+1","Cleave","Carnage+1","Shockwave+1","Metallicize","Power Through","Dropkick","Reaper","Reaper","Dropkick+1","Whirlwind+1","Writhe","Dropkick+1","Headbutt+1","Battle Trance","Anger+1"],"relics":["Black Blood","TungstenRod","Paper Frog","Ancient Tea Set","Mercury Hourglass","Champion Belt","Bag of Marbles","PreservedInsect","Strange Spoon","Eternal Feather","Potion Belt","Omamori","InkBottle","Tiny Chest"],"acts_visited":["TheCity"],"potions_floor_usage":[7,12,23,24,33],"damage_taken":[{"damage":8.0,"enemies":"2 Louse","floor":1.0,"turns":4.0},{"damage":4.0,"enemies":"Jaw Worm","floor":5.0,"turns":3.0},{"damage":19,"enemies":"3 Sentries","floor":7,"turns":6},{"damage":0,"enemies":"Cultist","floor":10,"turns":3},{"damage":24,"enemies":"Gremlin Nob","floor":11,"turns":4},{"damage":9,"enemies":"Gremlin Gang","floor":12,"turns":3},{"damage":15,"enemies":"3 Sentries","floor":13,"turns":5},{"damage":2,"enemies":"Looter","floor":14,"turns":2},{"damage":0,"enemies":"Slime Boss","floor":16,"turns":5},{"damage":22,"enemies":"Shell Parasite","floor":18,"turns":6},{"damage":19,"enemies":"Spheric Guardian","floor":19,"turns":6},{"damage":28,"enemies":"Slavers","floor":23,"turns":4},{"damage":13,"enemies":"Snecko","floor":24,"turns":5},{"damage":31,"enemies":"Book of Stabbing","floor":25,"turns":4},{"damage":0,"enemies":"Snake Plant","floor":27,"turns":2},{"damage":6,"enemies":"Chosen and Byrds","floor":28,"turns":4},{"damage":10,"enemies":"Slavers","floor":29,"turns":4},{"damage":92,"enemies":"Champ","floor":33,"turns":8}],"seed_played":"-8771441630699222254","potions_obtained":[{"floor":1.0,"key":"SkillPotion"},{"floor":11,"key":"Ancient Potion"},{"floor":13,"key":"EssenceOfSteel"},{"floor":23,"key":"AttackPotion"},{"floor":27,"key":"AttackPotion"},{"floor":29,"key":"FearPotion"}],"is_trial":false,"path_per_floor":["M","?","$","?","M","R","E","R","T","M","E","M","E","M","R","B",null,"M","M","$","?","?","E","M","E","T","M","M","E","R","?","R","B"],"character_chosen":"IRONCLAD","items_purchased":["PreservedInsect","Strange Spoon"],"campfire_rested":1,"item_purchase_floors":[20,20],"current_hp_per_floor":[70,56,56,56,58,58,45,45,45,51,33,30,21,25,49,55,74,71,64,64,64,64,62,68,50,50,62,68,72,80,80,80,0,0],"gold":260,"neow_bonus":"ONE_RARE_RELIC","is_daily":false,"chose_seed":false,"campfire_upgraded":4,"win_rate":0.0,"timestamp":1610011026,"path_taken":["M","?","$","?","M","R","E","R","T","?","E","?","E","M","R","BOSS","M","?","$","?","?","E","M","E","T","?","?","E","R","?","R","BOSS"],"items_purchased_type":["Relic","Relic"],"build_version":"2020-12-22","purchased_purges":1,"victory":false,"max_hp_per_floor":[80,80,80,80,80,80,80,80,80,80,80,80,80,80,80,80,80,80,80,80,80,80,80,80,80,80,80,80,80,80,80,80,80,80],"card_choices":[{"not_picked":["Thunderclap","Twin Strike"],"picked":"Uppercut","floor":1.0},{"not_picked":["Iron Wave","Thunderclap"],"picked":"Carnage","floor":5.0},{"not_picked":["Clothesline","Searing Blow"],"picked":"Shockwave","floor":7},{"not_picked":["Body Slam","Perfected Strike"],"picked":"Metallicize","floor":10},{"not_picked":["Feel No Pain","Sword Boomerang"],"picked":"Power Through","floor":11},{"not_picked":["Pummel","Cleave"],"picked":"Dropkick","floor":12},{"not_picked":["Havoc","Pommel Strike"],"picked":"Reaper","floor":13},{"not_picked":["Cleave","Clothesline","Wild Strike"],"picked":"SKIP","floor":14},{"not_picked":["Immolate","Limit Break"],"picked":"Reaper","floor":16},{"not_picked":["Cleave","Clash"],"picked":"Dropkick+1","floor":18},{"not_picked":["Havoc+1","Clash"],"picked":"Whirlwind+1","floor":19},{"not_picked":["Intimidate","Armaments","Sword Boomerang+1"],"picked":"SKIP","floor":23},{"not_picked":["Sword Boomerang","Warcry"],"picked":"Headbutt+1","floor":24},{"not_picked":["Dual Wield","Anger","Twin Strike"],"picked":"SKIP","floor":25},{"not_picked":["Pummel","Entrench","Uppercut"],"picked":"SKIP","floor":27},{"not_picked":["Sword Boomerang","Ghostly Armor"],"picked":"Battle Trance","floor":28},{"not_picked":["Heavy Blade+1","Clothesline"],"picked":"Anger+1","floor":29}],"player_experience":291086,"relics_obtained":[{"floor":7,"key":"Ancient Tea Set"},{"floor":9,"key":"Mercury Hourglass"},{"floor":11,"key":"Champion Belt"},{"floor":13,"key":"Bag of Marbles"},{"floor":23,"key":"Potion Belt"},{"floor":25,"key":"Omamori"},{"floor":26,"key":"InkBottle"},{"floor":29,"key":"Tiny Chest"}],"event_choices":[{"damage_healed":0.0,"max_hp_gain":0.0,"max_hp_loss":0.0,"gold_gain":0.0,"event_name":"Scrap Ooze","player_choice":"Success","floor":2.0,"gold_loss":0.0,"damage_taken":18.0,"relics_obtained":["Paper Frog"]},{"damage_healed":0.0,"max_hp_gain":0.0,"max_hp_loss":0.0,"gold_gain":0.0,"cards_transformed":["Strike_R"],"event_name":"Transmorgrifier","player_choice":"Transformed","floor":4.0,"gold_loss":0.0,"damage_taken":0.0,"cards_obtained":["Cleave"]},{"damage_healed":0,"gold_gain":0,"player_choice":"Opened","damage_taken":0,"relics_obtained":["Eternal Feather"],"max_hp_gain":0,"max_hp_loss":0,"event_name":"The Mausoleum","floor":21,"gold_loss":0,"cards_obtained":["Writhe"]},{"damage_healed":0,"gold_gain":0,"player_choice":"Copied","damage_taken":0,"max_hp_gain":0,"max_hp_loss":0,"event_name":"Duplicator","floor":22,"gold_loss":0,"cards_obtained":["Dropkick"]},{"damage_healed":0,"gold_gain":99,"player_choice":"Stole From Cult","damage_taken":0,"max_hp_gain":0,"max_hp_loss":0,"event_name":"Nest","floor":31,"gold_loss":0}],"is_beta":false,"boss_relics":[{"not_picked":["Mark of Pain","Tiny House"],"picked":"Black Blood"}],"items_purged_floors":[3],"is_endless":false,"potions_floor_spawned":[1,11,13,23,27,29],"killed_by":"Champ","ascension_level":10}}