{"host":"2t5wqx5om8wmj2wi","time":1610027819,"event":{"mods":["2.2 Compatiblity","Abigail Mod","Act Like it!","Arknights The Spire","Aspiration","BaseMod","Better-Laid Plans","Conspire","Downfall","Friendly Minions","Gensokyo","Kiyohime¡]²M®V¡^","Marisa¡]Ãú«B¡@Å]²z¨F¡^","Minty Spire (QoL Compilation)","MostiFishMod","Pale of the Ancients","Prisma Mod","Rare Cards Sparkle","Remilia¡]Á¢¦Ì²ú?¡^","Replay The Spire","RumiaBox-ÅS¦Ì?ªº¯«¯µ²°¤l","StSLib","The Animator","Yuri Mod","Yuyuko","¡i?ª«¥dµP¡jREMEMod"],"gold_per_floor":[115,115,95,110,125,152,176,196,196,196,196,206,206,233,233,338,338,357,368,7,107,107,107,107,137,217,217,234,234,234,54,54,150,150,167,167,14,14,14,14,42,42,65,81,92,708,708,708,708,708,695,706,731,270,270,286,286,286,286,286],"floor_reached":61,"playtime":3584,"items_purged":["Phantasmal Killer","REME_GrazeFinale+1"],"score":1525,"play_id":"1330da89-d3c4-40d9-880b-f7a690ed6274","local_time":"20210107215659","is_ascension_mode":false,"campfire_choices":[{"data":"MostiFishMod:Dislodge","floor":11.0,"key":"SMITH"},{"data":"Survivor","floor":13.0,"key":"SMITH"},{"data":"Neutralize","floor":15.0,"key":"SMITH"},{"data":"MostiFishMod:HiddenBlade","floor":30.0,"key":"SMITH"},{"data":"Gensokyo:SevenSchoolMysteries","floor":30.0,"key":"SMITH"},{"data":"Replay:Bag of Tricks","floor":32.0,"key":"SMITH"},{"data":"MostiFishMod:Confrontation","floor":32.0,"key":"SMITH"},{"data":"Adrenaline","floor":40.0,"key":"SMITH"},{"data":"Adrenaline","floor":40.0,"key":"SMITH"},{"data":"REME_ShadowForm","floor":42.0,"key":"SMITH"},{"data":"REME_ShadowForm","floor":42.0,"key":"SMITH"},{"data":"MostiFishMod:Dislodge","floor":47.0,"key":"SMITH"},{"data":"Night Terror","floor":47.0,"key":"SMITH"},{"data":"MostiFishMod:Dislodge","floor":55,"key":"SMITH"},{"data":"MostiFishMod:Dislodge","floor":55,"key":"SMITH"},{"data":"Catalyst","floor":57,"key":"SMITH"},{"data":"Bullet Time","floor":57,"key":"SMITH"}],"circlet_count":0,"master_deck":["Poisoned Stab","Deadly Poison+1","Poisoned Stab","MostiFishMod:Dislodge+1","Prepared","Crippling Poison+1","Draining Mist","Adrenaline+1","PiercingWail","Deadly Poison","Adrenaline+1","MostiFishMod:PoisonShield","MostiFishMod:HiddenBlade+1","Night Terror+1","MostiFishMod:FrostNova","Bullet Time+1","Malaise","Replay:Bag of Tricks+1","MostiFishMod:Dislodge+1","MostiFishMod:Confrontation+1","REME_ShadowForm+1","Corpse Explosion","Corpse Explosion+1","REME_ShadowForm+1","Prepared+1","Acrobatics+1","Deadly Poison","Catalyst+1","MostiFishMod:PoisonShield+1","Deadly Poison+1","MostiFishMod:Dislodge+1","Bullet Time+1","MostiFishMod:Dislodge+1"],"relics":["Ring of the Snake","DaveBox","REME_ComplimentaryCards","SynthV:TestCard","LastBattle","ZombieArmy","ReplayTheSpireMod:Shallot","conspire:BottledYoYo","REME_ChargedStone","MetatronsCube","DollysMirror","Replay:Arrowhead","ArrowTower","Replay:Bottled Flurry","MoreBug","SumBook","ReplayFunnel","Empty Cage","Toolbox","yuri:PortableGlitches","REME_PuzzleBoxRelic","paleoftheancients:Timepiece","paleoftheancients:KeyRelic","Oddly Smooth Stone","Letter Opener","paleoftheancients:SoulOfTheShapes","Orrery","Bottled Tornado"],"acts_visited":["Exordium","Gensokyo:Gensokyoer","Gensokyo:Gensokyoest","paleoftheancients:PaleOfTheAncients"],"potions_floor_usage":[60,60,60],"damage_taken":[{"damage":0.0,"enemies":"Small Slimes","floor":1.0,"turns":3.0},{"damage":0.0,"enemies":"conspire:RoseBush","floor":4.0,"turns":4.0},{"damage":0.0,"enemies":"Cultist","floor":5.0,"turns":3.0},{"damage":1.0,"enemies":"Gremlin Nob","floor":6.0,"turns":3.0},{"damage":4.0,"enemies":"Exordium Thugs","floor":8.0,"turns":4.0},{"damage":0.0,"enemies":"2 Fungi Beasts","floor":12.0,"turns":2.0},{"damage":14.0,"enemies":"3 Sentries","floor":14.0,"turns":7.0},{"damage":8.0,"enemies":"The Guardian","floor":16.0,"turns":8.0},{"damage":0.0,"enemies":"Gensokyo:Chomper","floor":18.0,"turns":4.0},{"damage":14.0,"enemies":"Gensokyo:AngelMirror","floor":19.0,"turns":4.0},{"damage":4.0,"enemies":"Gensokyo:AngelMirror","floor":21.0,"turns":7.0},{"damage":6.0,"enemies":"Gensokyo:Koishi","floor":25.0,"turns":5.0},{"damage":0.0,"enemies":"Gensokyo:Swordslinger","floor":28.0,"turns":3.0},{"damage":1.0,"enemies":"Gensokyo:Eiki","floor":33.0,"turns":6.0},{"damage":0.0,"enemies":"Gensokyo:3_Boulders","floor":35.0,"turns":2.0},{"damage":0.0,"enemies":"Gensokyo:Doremy","floor":41.0,"turns":5.0},{"damage":3.0,"enemies":"Gensokyo:3_Bats","floor":44.0,"turns":2.0},{"damage":0.0,"enemies":"Gensokyo:Rafflesia","floor":45.0,"turns":4.0},{"damage":0.0,"enemies":"Gensokyo:AtlasGolem","floor":46.0,"turns":4.0},{"damage":24.0,"enemies":"Gensokyo:Scarlet_Devils","floor":50.0,"turns":5.0},{"damage":7.0,"enemies":"Gensokyo:Scarlet_Devils","floor":51.0,"turns":4.0},{"damage":0.0,"enemies":"Gensokyo:Scarlet_Devils","floor":52.0,"turns":3.0},{"damage":0.0,"enemies":"conspire:MimicChest","floor":53.0,"turns":1.0},{"damage":1,"enemies":"","floor":56,"turns":6},{"damage":63,"enemies":"paleoftheancients:N","floor":60,"turns":6}],"seed_played":"3385536422665342802","potions_obtained":[{"floor":3.0,"key":"Fire Potion"},{"floor":4.0,"key":"GhostInAJar"},{"floor":5.0,"key":"CultistPotion"},{"floor":14.0,"key":"Elixir"},{"floor":16.0,"key":"Weak Potion"},{"floor":19.0,"key":"conspire:TimeTravelPotion"},{"floor":21.0,"key":"Languid Potion"},{"floor":28.0,"key":"SpeedPotion"},{"floor":35.0,"key":"champ:CounterPotion"},{"floor":41.0,"key":"EntropicBrew"},{"floor":46.0,"key":"Toxic Potion"},{"floor":51.0,"key":"LiquidBronze"},{"floor":52.0,"key":"SpeedPotion"}],"is_trial":false,"path_per_floor":["M","?","?","M","M","E","T","M","T","?","R","M","R","E","R","B",null,"M","M","COS","?","T","?","?","E","T","?","M","T","R","$","R","B",null,"M","?","$","?","?","R","E","R","T","M","M","M","R","?","R","B","M","M","?","$","R","M","R","T","?","B",null],"character_chosen":"THE_SILENT","items_purchased":["Corpse Explosion+1","Toolbox","Orrery","PowerPotion","MostiFishMod:Dislodge"],"campfire_rested":0,"item_purchase_floors":[31,37,54,54,54],"current_hp_per_floor":[70,75,75,75,75,74,74,70,70,70,70,70,70,56,56,48,75,75,61,61,57,57,57,57,51,51,45,46,46,46,46,46,47,68,68,68,68,68,68,68,68,68,68,68,68,68,68,68,68,64,63,64,64,64,64,64,64,64,64,11],"gold":286,"neow_bonus":"THREE_CARDS","is_daily":false,"chose_seed":false,"campfire_upgraded":17,"win_rate":0.0,"timestamp":1610027819,"path_taken":["M","?","?","M","?","E","?","M","T","?","R","M","R","E","R","BOSS","M","M","COS","?","?","?","?","E","T","?","M","?","R","?","R","BOSS","M","?","$","?","?","R","E","R","T","M","M","M","R","?","R","BOSS","M","M","?","$","R","M","R","T","?","BOSS"],"items_purchased_type":["Card","Relic","Relic","Potion","Card"],"build_version":"2020-12-22","purchased_purges":2,"victory":true,"max_hp_per_floor":[70,75,75,75,75,75,75,75,75,75,75,75,75,75,75,75,75,75,75,75,75,75,75,68,68,68,68,68,68,68,68,68,68,68,68,68,68,68,68,68,68,68,68,68,68,68,68,68,68,64,64,64,64,64,64,64,64,64,64,64],"card_choices":[{"not_picked":["Backflip","Outmaneuver"],"picked":"Poisoned Stab","floor":0.0},{"not_picked":["Sucker Punch","Concentrate","Accuracy"],"picked":"SKIP","floor":1.0},{"not_picked":["Cloak And Dagger","Dagger Throw","Sucker Punch","Dagger Spray"],"picked":"Deadly Poison","floor":4.0},{"not_picked":["Slice","Quick Slash","Prepared","Sucker Punch"],"picked":"Poisoned Stab","floor":5.0},{"not_picked":["Tactician","Underhanded Strike","Slice","Setup"],"picked":"MostiFishMod:Dislodge","floor":6.0},{"not_picked":["Infinite Blades","Dagger Throw","Bane","Heel Hook"],"picked":"Prepared","floor":8.0},{"not_picked":["Caltrops","REME_ShadowStrike","Choke","Dash"],"picked":"Draining Mist","floor":12.0},{"not_picked":["Deadly Poison","Finisher","Dash","Toxin Wave"],"picked":"ReplayTheSpireMod:Exploit Weakness","floor":14.0},{"not_picked":["Well Laid Plans","MostiFishMod:ShivMaster","MostiFishMod:AdrenalineArouse","Grand Finale"],"picked":"Adrenaline","floor":16.0},{"not_picked":["Cloak And Dagger","MostiFishMod:PerfectParry+1","Blade Dance+1","Backflip"],"picked":"PiercingWail","floor":18.0},{"not_picked":["Outmaneuver","Poisoned Stab","MostiFishMod:PerfectParry","Slice+1"],"picked":"Deadly Poison","floor":19.0},{"not_picked":["Gensokyo:LochNessMonster","Gensokyo:LittleGreenMen","Gensokyo:SpontaneousHumanCombustion","Gensokyo:Doppelganger"],"picked":"Gensokyo:SevenSchoolMysteries","floor":24.0},{"not_picked":["Cloak And Dagger","MostiFishMod:LethalBlade","Footwork","Eviscerate"],"picked":"MostiFishMod:HiddenBlade","floor":25.0},{"not_picked":["Dagger Throw","Dagger Spray","Finisher+1","Distraction"],"picked":"MostiFishMod:FrostNova","floor":28.0},{"not_picked":["Venomology","MostiFishMod:Opportunism","Well Laid Plans","MostiFishMod:GrandStart"],"picked":"REME_ShadowForm","floor":33.0},{"not_picked":["Deflect","Predator","Acrobatics","Underhanded Strike"],"picked":"Prepared+1","floor":35.0},{"not_picked":["Terror","Deflect","Expertise+1","Wraith Form v2"],"picked":"Acrobatics+1","floor":41.0},{"not_picked":["MostiFishMod:PoisonShield+1","conspire:PoisonWeapons+1","Backstab","PiercingWail","Dash"],"picked":"SKIP","floor":44.0},{"not_picked":["Backflip+1","Cloak And Dagger","Outmaneuver","Prepared+1"],"picked":"Deadly Poison","floor":45.0},{"not_picked":["Backflip+1","REME_ShadowStrike+1","PiercingWail","Prepared","Poisoned Stab+1"],"picked":"SKIP","floor":46.0},{"not_picked":["Cloak And Dagger","MostiFishMod:ThornCasing+1","Grand Finale","Backflip+1"],"picked":"MostiFishMod:PoisonShield+1","floor":51.0},{"not_picked":["MostiFishMod:PerfectParry","Distraction+1","Dagger Spray+1","Sucker Punch+1"],"picked":"Deadly Poison+1","floor":52.0},{"not_picked":["Blur+1","Backflip+1","Replay:Poison Smokescreen","Cloak And Dagger+1"],"picked":"MostiFishMod:Dislodge","floor":54.0},{"not_picked":["Deflect+1","Bane","Poisoned Stab+1","Slice"],"picked":"Bullet Time","floor":54.0},{"not_picked":["Slice","Blade Dance+1","MostiFishMod:PerfectParry","Quick Slash+1","conspire:PoisonWeapons"],"picked":"SKIP","floor":56}],"player_experience":269607,"relics_obtained":[{"floor":1.0,"key":"SynthV:TestCard"},{"floor":6.0,"key":"LastBattle"},{"floor":7.0,"key":"ZombieArmy"},{"floor":9.0,"key":"ReplayTheSpireMod:Shallot"},{"floor":14.0,"key":"conspire:BottledYoYo"},{"floor":21.0,"key":"Replay:Arrowhead"},{"floor":21.0,"key":"ArrowTower"},{"floor":22.0,"key":"Replay:Bottled Flurry"},{"floor":25.0,"key":"MoreBug"},{"floor":29.0,"key":"SumBook"},{"floor":41.0,"key":"yuri:PortableGlitches"},{"floor":43.0,"key":"REME_PuzzleBoxRelic"},{"floor":51.0,"key":"paleoftheancients:SoulOfTheShapes"},{"floor":58,"key":"Bottled Tornado"}],"event_choices":[{"damage_healed":0.0,"max_hp_gain":5.0,"max_hp_loss":0.0,"gold_gain":0.0,"event_name":"Big Fish","player_choice":"Donut","floor":2.0,"gold_loss":0.0,"damage_taken":0.0},{"damage_healed":0.0,"max_hp_gain":0.0,"max_hp_loss":0.0,"gold_gain":0.0,"event_name":"The Woman in Blue","player_choice":"Bought 1 Potion","floor":3.0,"gold_loss":0.0,"damage_taken":0.0},{"damage_healed":0.0,"max_hp_gain":0.0,"max_hp_loss":0.0,"gold_gain":0.0,"event_name":"conspire:Investor","player_choice":"Leave","floor":38.0,"gold_loss":0.0,"damage_taken":0.0}],"is_beta":false,"boss_relics":[{"not_picked":["Replay:Wanted Poster","Replay:Drink Me"],"picked":"REME_ChargedStone"},{"not_picked":["DiscerningMonocle","REME_DemonsWealth"],"picked":"Empty Cage"}],"items_purged_floors":[31,54],"is_endless":false,"potions_floor_spawned":[4,5,14,16,19,21,28,35,41,46,51,52],"ascension_level":0}}