{"host":"d4km6p8r92tm3vpl","time":1610022869,"event":{"mods":["AchievementEnabler","BaseMod","Colored Map","Colored Powertips","DeckTracker","Minty Spire (QoL Compilation)","Relic Stats","StSLib"],"gold_per_floor":[119,294,244,173,173,201,201,225,251,263,290,290,318,332,332,332,332],"floor_reached":16,"playtime":614,"items_purged":[],"score":219,"play_id":"b7a9a27c-a6bf-40ed-b1e4-0b58b7cefd63","local_time":"20210107073429","is_ascension_mode":true,"campfire_choices":[{"data":"Dagger Throw","floor":7,"key":"SMITH"},{"data":"Corpse Explosion","floor":12,"key":"SMITH"},{"data":"Footwork","floor":15,"key":"SMITH"}],"circlet_count":0,"master_deck":["AscendersBane","Strike_G","Strike_G","Strike_G","Strike_G","Strike_G","Defend_G","Defend_G","Defend_G","Defend_G","Defend_G","Survivor+1","Neutralize","Dagger Throw+1","Footwork+1","Underhanded Strike","Prepared","Calculated Gamble+1","Corpse Explosion+1","Dodge and Roll","Dagger Throw"],"relics":["Ring of the Snake","NeowsBlessing","Ancient Tea Set","Potion Belt","Odd Mushroom","Centennial Puzzle","Shovel","War Paint"],"acts_visited":["Exordium"],"potions_floor_usage":[13,13],"damage_taken":[{"damage":0,"enemies":"Jaw Worm","floor":1,"turns":1},{"damage":0,"enemies":"Lagavulin","floor":6,"turns":1},{"damage":0,"enemies":"The Mushroom Lair","floor":8,"turns":1},{"damage":2,"enemies":"Small Slimes","floor":10,"turns":4},{"damage":35,"enemies":"3 Sentries","floor":11,"turns":14},{"damage":4,"enemies":"Gremlin Nob","floor":13,"turns":3},{"damage":0,"enemies":"2 Louse","floor":14,"turns":3},{"damage":24,"enemies":"The Guardian","floor":16,"turns":9}],"seed_played":"9104606290133853247","potions_obtained":[{"floor":10,"key":"Block Potion"},{"floor":11,"key":"SkillPotion"}],"is_trial":false,"path_per_floor":["M","?","?","$","T","E","R","?","T","M","E","R","E","M","R","B"],"character_chosen":"THE_SILENT","items_purchased":["Footwork"],"campfire_rested":0,"item_purchase_floors":[4],"current_hp_per_floor":[63,63,63,63,63,63,63,63,63,61,26,26,22,22,22,0,0],"gold":332,"neow_bonus":"THREE_ENEMY_KILL","is_daily":false,"chose_seed":false,"campfire_upgraded":3,"win_rate":0.0,"timestamp":1610022869,"path_taken":["M","?","?","$","?","E","R","?","T","M","E","R","E","?","R","BOSS"],"items_purchased_type":["Card"],"build_version":"2020-12-22","purchased_purges":0,"victory":false,"max_hp_per_floor":[70,70,70,70,70,70,70,70,70,70,70,70,70,70,70,70,70],"relic_stats":{"Centennial Puzzle":[12],"Shovel":0,"counters":[8,36],"War Paint":["Calculated Gamble","Survivor"],"obtain_stats":[{"Potion Belt":6,"Centennial Puzzle":9,"Shovel":11,"NeowsBlessing":0,"Odd Mushroom":8,"War Paint":13,"Ancient Tea Set":5,"Ring of the Snake":0},{"Potion Belt":2,"Centennial Puzzle":3,"Shovel":5,"NeowsBlessing":0,"Odd Mushroom":3,"War Paint":6,"Ancient Tea Set":1,"Ring of the Snake":0},{"Potion Belt":2,"Centennial Puzzle":3,"Shovel":21,"NeowsBlessing":0,"Odd Mushroom":3,"War Paint":24,"Ancient Tea Set":1,"Ring of the Snake":0}],"Ring of the Snake":[16]},"card_choices":[{"not_picked":["Bane","Distraction"],"picked":"Dagger Throw","floor":1},{"not_picked":["Prepared","Slice"],"picked":"Underhanded Strike","floor":6},{"not_picked":["Terror","Sucker Punch"],"picked":"Prepared","floor":8},{"not_picked":["Outmaneuver","Underhanded Strike"],"picked":"Calculated Gamble","floor":10},{"not_picked":["Deadly Poison","Outmaneuver"],"picked":"Corpse Explosion","floor":11},{"not_picked":["Distraction","Accuracy"],"picked":"Dodge and Roll","floor":13},{"not_picked":["Backflip","Deflect"],"picked":"Dagger Throw","floor":14}],"player_experience":813651,"relics_obtained":[{"floor":5,"key":"Ancient Tea Set"},{"floor":6,"key":"Potion Belt"},{"floor":8,"key":"Odd Mushroom"},{"floor":9,"key":"Centennial Puzzle"},{"floor":11,"key":"Shovel"},{"floor":13,"key":"War Paint"}],"event_choices":[{"damage_healed":0,"gold_gain":175,"player_choice":"AGREE","damage_taken":0,"max_hp_gain":0,"max_hp_loss":0,"event_name":"Liars Game","floor":2,"gold_loss":0,"cards_obtained":["Doubt"]},{"cards_removed":["Doubt"],"damage_healed":0,"gold_gain":0,"player_choice":"Card Removal","damage_taken":0,"max_hp_gain":0,"max_hp_loss":0,"event_name":"The Cleric","floor":3,"gold_loss":50},{"damage_healed":0,"gold_gain":0,"player_choice":"Fought Mushrooms","damage_taken":0,"max_hp_gain":0,"max_hp_loss":0,"event_name":"Mushrooms","floor":8,"gold_loss":0}],"is_beta":false,"boss_relics":[],"items_purged_floors":[],"is_endless":false,"potions_floor_spawned":[10,11],"killed_by":"The Guardian","ascension_level":11}}