{"host":"d61fcf2p3sjwe6yo","time":1610028633,"event":{"mods":["AchievementEnabler","BaseMod","Colored Map","Downfall","Minty Spire (QoL Compilation)","StSLib","SuperFastMode"],"gold_per_floor":[99,119,137,47,67,94,130,67,111,123,155,181,193,219,251,363,375,387,412,440,462,474,67,67,67,217,248,248,274,199,232,247,351,351,351,364,375,386,375,387,411,336,13,46,57,83,96,121,138,138,138,165,48,48,48],"floor_reached":56,"playtime":3444,"items_purged":["Slimebound:Strike_Slimebound"],"score":1805,"play_id":"69e30815-cf3f-4af7-b325-a8f683d52ee7","local_time":"20210107171033","is_ascension_mode":true,"campfire_choices":[{"data":"Slimebound:MassFeed","floor":1.0,"key":"SMITH"},{"data":"Slimebound:Split","floor":8.0,"key":"SMITH"},{"data":"1","floor":10.0,"key":"LIFT"},{"data":"2","floor":13.0,"key":"LIFT"},{"data":"3","floor":18.0,"key":"LIFT"},{"data":"Slimebound:LevelUp","floor":25.0,"key":"SMITH"},{"floor":28.0,"key":"RECALL"},{"data":"Slimebound:TagTeam","floor":30.0,"key":"SMITH"},{"data":"Slimebound:Overexert","floor":35.0,"key":"SMITH"},{"data":"Slimebound:LevelUp","floor":42,"key":"SMITH"},{"data":"Slimebound:LevelUp","floor":54,"key":"SMITH"}],"circlet_count":0,"master_deck":["Slimebound:Strike_Slimebound+1","Slimebound:Strike_Slimebound+1","Slimebound:Tackle","Slimebound:Defend_Slimebound+1","Slimebound:Defend_Slimebound+1","Slimebound:Defend_Slimebound+1","Slimebound:Defend_Slimebound+1","Slimebound:Split+1","Slimebound:CorrosiveSpit+1","Slimebound:MassFeed+1","Slimebound:Prepare","Slimebound:DuplicatedForm","Slimebound:SplitMire","Slimebound:TagTeam+1","Slimebound:LivingWall","Slimebound:HungryTackle","Slimebound:SplitSpecialist","Slimebound:LevelUp+1","Slimebound:HungryTackle","Slimebound:Recollect","Slimebound:SpikyOuterGoop+1","Slimebound:Overexert+1","Slimebound:LevelUp+1","Slimebound:LevelUp+1","Slimebound:LevelUp","Slimebound:Teamwork+1","Slimebound:TagTeam","Slimebound:SplitSpecialist+1","Slimebound:SpikyOuterGoop"],"relics":["Slimebound:AbsorbEndCombat","Omamori","downfall:HeartBlessingGreen","Girya","sneckomod:SneckoTalon","Incense Burner","Mango","Smiling Mask","Toy Ornithopter","downfall:HeartBlessingRed","Lantern","Sozu","Membership Card","Slimebound:PotencyRelic","downfall:HeartBlessingBlue","champ:DuelingGlove","Singing Bowl","Nunchaku","War Paint","Bag of Preparation","Akabeko"],"acts_visited":["Exordium","TheCity","TheBeyond","TheEnding"],"potions_floor_usage":[55,55,55],"damage_taken":[{"damage":12.0,"enemies":"Cultist","floor":2.0,"turns":4.0},{"damage":9.0,"enemies":"Small Slimes","floor":3.0,"turns":3.0},{"damage":7.0,"enemies":"downfall:FleeingMerchant","floor":4.0,"turns":4.0},{"damage":6.0,"enemies":"2 Louse","floor":5.0,"turns":3.0},{"damage":45.0,"enemies":"3 Sentries","floor":6.0,"turns":8.0},{"damage":34.0,"enemies":"Gremlin Nob","floor":9.0,"turns":5.0},{"damage":8.0,"enemies":"Gremlin Gang","floor":11.0,"turns":3.0},{"damage":22.0,"enemies":"Exordium Wildlife","floor":12.0,"turns":3.0},{"damage":12.0,"enemies":"Blue Slaver","floor":14.0,"turns":4.0},{"damage":17.0,"enemies":"Red Slaver","floor":15.0,"turns":3.0},{"damage":53.0,"enemies":"downfall:Silent","floor":16.0,"turns":5.0},{"damage":27.0,"enemies":"Chosen","floor":19.0,"turns":4.0},{"damage":41.0,"enemies":"Shelled Parasite and Fungi","floor":20.0,"turns":3.0},{"damage":68.0,"enemies":"Snake Plant","floor":21.0,"turns":4.0},{"damage":34.0,"enemies":"downfall:FleeingMerchant","floor":23.0,"turns":4.0},{"damage":29.0,"enemies":"Slavers","floor":27.0,"turns":3.0},{"damage":51.0,"enemies":"Gremlin Leader","floor":29.0,"turns":6.0},{"damage":75.0,"enemies":"Slavers","floor":31.0,"turns":5.0},{"damage":22.0,"enemies":"Chosen and Byrds","floor":32.0,"turns":4.0},{"damage":76.0,"enemies":"downfall:Watcher","floor":33.0,"turns":6.0},{"damage":24.0,"enemies":"Orb Walker","floor":36.0,"turns":3.0},{"damage":64.0,"enemies":"3 Darklings","floor":37.0,"turns":7.0},{"damage":73,"enemies":"Writhing Mass","floor":38,"turns":5},{"damage":58,"enemies":"downfall:FleeingMerchant","floor":39,"turns":4},{"damage":55,"enemies":"Transient","floor":40,"turns":5},{"damage":66,"enemies":"Reptomancer","floor":44,"turns":4},{"damage":26,"enemies":"Sphere and 2 Shapes","floor":45,"turns":5},{"damage":32,"enemies":"Giant Head","floor":46,"turns":5},{"damage":24,"enemies":"Writhing Mass","floor":47,"turns":4},{"damage":82,"enemies":"Reptomancer","floor":48,"turns":4},{"damage":9,"enemies":"Spire Growth","floor":49,"turns":3},{"damage":56,"enemies":"downfall:Ironclad","floor":50,"turns":5},{"damage":75,"enemies":"downfall:CharBossMerchant","floor":52,"turns":6},{"damage":167,"enemies":"downfall:NeowBoss","floor":55,"turns":18}],"seed_played":"-4997085442787164200","potions_obtained":[{"floor":3.0,"key":"SkillPotion"},{"floor":6.0,"key":"Slimebound:SpawnSlimePotion"},{"floor":11.0,"key":"SkillPotion"},{"floor":14.0,"key":"SkillPotion"},{"floor":16.0,"key":"Slimebound:SpawnSlimePotion"},{"floor":19.0,"key":"BlessingOfTheForge"},{"floor":21.0,"key":"DistilledChaos"},{"floor":31.0,"key":"Dexterity Potion"},{"floor":32.0,"key":"PowerPotion"}],"is_trial":false,"path_per_floor":["R","M","M","$","M","E","T","R","E","R","M","M","R","M","M","B",null,"R","M","M","M","?","$","T","R","?","E","R","E","R","E","M","B",null,"R","M","M","M","$","M","T","R","$","E","M","E","M","E","M","B",null,"E","$","R","B",null],"character_chosen":"SLIMEBOUND","items_purchased":["Slimebound:LevelUp","Slimebound:HungryTackle","Incense Burner","Membership Card","Slimebound:PotencyRelic","Slimebound:LevelUp","champ:DuelingGlove","Slimebound:LevelUp","Slimebound:Teamwork","Slimebound:TagTeam","Akabeko","Slimebound:SpikyOuterGoop"],"campfire_rested":0,"item_purchase_floors":[23,23,23,39,39,39,43,43,43,43,53,53],"current_hp_per_floor":[54,54,59,66,78,57,57,57,41,41,57,51,51,59,62,50,103,103,111,105,82,82,86,100,100,100,102,102,122,122,108,112,115,141,141,145,128,104,99,99,99,109,109,84,95,112,104,63,70,71,153,129,129,129,132],"gold":48,"neow_bonus":"ONE_RANDOM_RARE_CARD","is_daily":false,"chose_seed":false,"campfire_upgraded":7,"win_rate":0.0,"timestamp":1610028633,"path_taken":["R","M","?","?","M","E","T","R","E","R","M","M","R","M","M","BOSS","R","M","M","M","?","$","T","R","?","E","R","E","R","E","M","BOSS","R","M","M","?","$","M","T","R","$","E","M","E","M","E","M","BOSS","E","$","R","BOSS"],"items_purchased_type":["Card","Card","Relic","Relic","Relic","Card","Relic","Card","Card","Card","Relic","Card"],"build_version":"2020-12-22","purchased_purges":1,"victory":true,"max_hp_per_floor":[60,64,72,72,80,92,92,92,96,96,108,112,112,116,120,120,120,120,120,124,128,128,128,142,142,142,150,150,150,150,150,150,150,150,150,150,154,154,154,154,154,164,164,166,168,174,176,178,180,180,180,180,180,180,180],"card_choices":[{"not_picked":["Slimebound:SplitAcid","Slimebound:SplitBruiser","Slimebound:LeechingTouch"],"picked":"SKIP","floor":2.0},{"not_picked":["Slimebound:Grow","Slimebound:FlameTackle"],"picked":"Slimebound:Prepare","floor":3.0},{"not_picked":["Slimebound:DivideAndConquer","Slimebound:FinishingTackle","Slimebound:ItLooksTasty"],"picked":"SKIP","floor":4.0},{"not_picked":["Slimebound:SamplingLick","Slimebound:Replication","Slimebound:SplitAcid"],"picked":"SKIP","floor":5.0},{"not_picked":["Slimebound:PressTheAttack","Slimebound:RollThrough","Slimebound:SplitBruiser"],"picked":"SKIP","floor":6.0},{"not_picked":["Slimebound:ViciousTackle","Slimebound:Chomp"],"picked":"Slimebound:DuplicatedForm","floor":9.0},{"not_picked":["Slimebound:RainOfGoop","Slimebound:DivideAndConquer","Slimebound:SlimeTap"],"picked":"SKIP","floor":11.0},{"not_picked":["Slimebound:DivideAndConquer","Slimebound:FinishingTackle"],"picked":"Slimebound:SplitMire","floor":12.0},{"not_picked":["Slimebound:SlimeBrawl","Slimebound:FinishingTackle","Slimebound:SplitBruiser"],"picked":"SKIP","floor":14.0},{"not_picked":["Slimebound:Repurpose","Slimebound:ForwardTackle"],"picked":"Slimebound:TagTeam","floor":15.0},{"not_picked":["Slimebound:FinishingTackle","Slimebound:Chomp"],"picked":"Slimebound:LivingWall","floor":19.0},{"not_picked":["Slimebound:GoopSpray","Slimebound:SlimeBrawl"],"picked":"Slimebound:HungryTackle","floor":20.0},{"not_picked":["Slimebound:DivideAndConquer","Slimebound:GoopSpray+1"],"picked":"Slimebound:SplitSpecialist","floor":21.0},{"not_picked":["Slimebound:BestDefense","Slimebound:Schlurp+1","Slimebound:MassFeed"],"picked":"SKIP","floor":23.0},{"not_picked":["Slimebound:TongueLash+1","Slimebound:Nibble+1"],"picked":"Slimebound:Recollect","floor":27.0},{"not_picked":["Slimebound:FormOfPuddle","Slimebound:ComboTackle","Slimebound:SplitMire"],"picked":"SKIP","floor":29.0},{"not_picked":["Slimebound:GoopTackle","Slimebound:ViciousTackle"],"picked":"Slimebound:SpikyOuterGoop+1","floor":31.0},{"not_picked":["Slimebound:GrowthPunch","Slimebound:RollThrough","Slimebound:DivideAndConquer+1"],"picked":"SKIP","floor":32.0},{"not_picked":["Slimebound:DuplicatedForm","Slimebound:MassFeed"],"picked":"Slimebound:Overexert","floor":33.0},{"not_picked":["Slimebound:RollThrough+1","Slimebound:TongueLash","Slimebound:SplitLeeching"],"picked":"SKIP","floor":36.0},{"not_picked":["Slimebound:MegaLick+1","Slimebound:Grow+1","Slimebound:SplitLeeching+1"],"picked":"SKIP","floor":37.0},{"not_picked":["Slimebound:Schlurp","Slimebound:Grow+1"],"picked":"Slimebound:LevelUp","floor":38},{"not_picked":["Slimebound:SamplingLick+1","Slimebound:Grow","Slimebound:GoopSpray"],"picked":"SKIP","floor":39},{"not_picked":["Slimebound:BestDefense+1","Slimebound:LeechEnergy","Slimebound:RollThrough+1"],"picked":"SKIP","floor":40},{"not_picked":["Slimebound:ViciousTackle","Slimebound:MassFeed","Slimebound:SplitBruiser+1"],"picked":"Singing Bowl","floor":44},{"not_picked":["Slimebound:LeechEnergy+1","Slimebound:SplitAcid","Slimebound:PressTheAttack"],"picked":"Singing Bowl","floor":45},{"not_picked":["Slimebound:ComboTackle","Slimebound:SplitBruiser+1","Slimebound:SlimeSpikes"],"picked":"Singing Bowl","floor":46},{"not_picked":["Slimebound:DivideAndConquer+1","Slimebound:SlimeSpikes+1","Slimebound:PressTheAttack"],"picked":"Singing Bowl","floor":47},{"not_picked":["Slimebound:RainOfGoop+1","Slimebound:SamplingLick+1","Slimebound:Repurpose+1"],"picked":"Singing Bowl","floor":48},{"not_picked":["Slimebound:GrowthPunch+1","Slimebound:GoopTackle+1","Slimebound:DuplicatedForm"],"picked":"Singing Bowl","floor":49},{"not_picked":["Slimebound:Grow+1","Slimebound:ServeAndProtect"],"picked":"Slimebound:SplitSpecialist+1","floor":52}],"player_experience":458410,"relics_obtained":[{"floor":6.0,"key":"MawBank"},{"floor":7.0,"key":"Omamori"},{"floor":9.0,"key":"Girya"},{"floor":24.0,"key":"Mango"},{"floor":27.0,"key":"Smiling Mask"},{"floor":29.0,"key":"Toy Ornithopter"},{"floor":31.0,"key":"Lantern"},{"floor":44,"key":"Singing Bowl"},{"floor":46,"key":"Nunchaku"},{"floor":48,"key":"War Paint"},{"floor":52,"key":"Bag of Preparation"}],"event_choices":[{"damage_healed":0.0,"max_hp_gain":0.0,"max_hp_loss":0.0,"gold_gain":0.0,"event_name":"Back to Basics","player_choice":"Simplicity","floor":22.0,"gold_loss":0.0,"damage_taken":0.0,"cards_upgraded":["Slimebound:Strike_Slimebound","Slimebound:Strike_Slimebound","Slimebound:Defend_Slimebound","Slimebound:Defend_Slimebound","Slimebound:Defend_Slimebound","Slimebound:Defend_Slimebound"]}],"is_beta":false,"boss_relics":[{"not_picked":["Velvet Choker","SlaversCollar"],"picked":"sneckomod:SneckoTalon"},{"not_picked":["Tiny House","Snecko Eye"],"picked":"Sozu"}],"items_purged_floors":[4],"is_endless":false,"potions_floor_spawned":[3,6,11,14,16,19,21,31,32,40,45,47,52],"ascension_level":9}}