{"host":"sav7uxregyirlf69","time":1610039094,"event":{"mods":["AchievementEnabler","BaseMod","Colored Map","DeckTracker","Keyboard Shortcuts","Minty Spire (QoL Compilation)","READ ME - Guardian Mod","StSLib","SuperFastMode"],"gold_per_floor":[365,365,52,12,27,27,66,116,143,168,196,196,214,214,214,307,307,332,332,247,263,135,135,135,150,224,224,99,99,122,247,247,346,346,365,81,99,99,130,130,130,130,130,130,463,483,498,525,525,525,525,525],"floor_reached":51,"playtime":1406,"items_purged":["Strike_G","Grand Finale","Outmaneuver","Dagger Throw"],"score":1388,"play_id":"e190114f-ef5b-49d4-9896-248290b3d7e7","local_time":"20210108020454","is_ascension_mode":true,"campfire_choices":[{"data":"Noxious Fumes","floor":6.0,"key":"SMITH"},{"floor":12.0,"key":"REST"},{"data":"Neutralize","floor":15.0,"key":"SMITH"},{"data":"Venomology","floor":23.0,"key":"SMITH"},{"floor":27.0,"key":"REST"},{"data":"Phantasmal Killer","floor":32.0,"key":"SMITH"},{"data":"Catalyst","floor":40.0,"key":"SMITH"},{"floor":42.0,"key":"REST"},{"data":"Finesse","floor":44.0,"key":"SMITH"},{"floor":49.0,"key":"RECALL"}],"circlet_count":0,"master_deck":["AscendersBane","Survivor","Neutralize+1","Noxious Fumes+1","Flying Knee","Envenom+1","Phantasmal Killer+1","Die Die Die","Venomology+1","Envenom+1","Endless Agony","Footwork+1","Cloak And Dagger+1","Backflip","Crippling Poison","Heel Hook","Wraith Form v2+1","Backflip+1","Catalyst+1","Finesse+1","Heel Hook+1","Blur"],"relics":["Ring of the Snake","Regal Pillow","Frozen Egg 2","Anchor","Odd Mushroom","Pandora\u0027s Box","Juzu Bracelet","Paper Crane","Question Card","Pocketwatch","Darkstone Periapt","Runic Pyramid","Torii","PreservedInsect","Boot"],"acts_visited":["Exordium","TheCity","TheBeyond"],"potions_floor_usage":[51],"damage_taken":[{"damage":7.0,"enemies":"Small Slimes","floor":1.0,"turns":4.0},{"damage":0.0,"enemies":"Jaw Worm","floor":5.0,"turns":5.0},{"damage":19.0,"enemies":"3 Sentries","floor":7.0,"turns":7.0},{"damage":0.0,"enemies":"Cultist","floor":10.0,"turns":4.0},{"damage":0.0,"enemies":"The Mushroom Lair","floor":11.0,"turns":4.0},{"damage":5.0,"enemies":"2 Fungi Beasts","floor":13.0,"turns":4.0},{"damage":16.0,"enemies":"Hexaghost","floor":16.0,"turns":10.0},{"damage":15.0,"enemies":"2 Thieves","floor":18.0,"turns":4.0},{"damage":11.0,"enemies":"Chosen","floor":21.0,"turns":4.0},{"damage":0.0,"enemies":"Centurion and Healer","floor":25.0,"turns":5.0},{"damage":1.0,"enemies":"Snecko","floor":30.0,"turns":4.0},{"damage":11.0,"enemies":"Colosseum Slavers","floor":31.0,"turns":4.0},{"damage":15.0,"enemies":"Colosseum Nobs","floor":31.0,"turns":4.0},{"damage":16.0,"enemies":"Champ","floor":33.0,"turns":9.0},{"damage":6.0,"enemies":"3 Shapes","floor":35.0,"turns":3.0},{"damage":18.0,"enemies":"3 Darklings","floor":37.0,"turns":5.0},{"damage":0.0,"enemies":"Mind Bloom Boss Battle","floor":39.0,"turns":5.0},{"damage":0.0,"enemies":"4 Shapes","floor":46.0,"turns":5.0},{"damage":0.0,"enemies":"Jaw Worm Horde","floor":47.0,"turns":6.0},{"damage":0.0,"enemies":"Giant Head","floor":48.0,"turns":6.0},{"damage":30.0,"enemies":"Awakened One","floor":50.0,"turns":13.0},{"damage":38,"enemies":"Time Eater","floor":51,"turns":10}],"seed_played":"8114011627495861465","potions_obtained":[{"floor":4.0,"key":"Fire Potion"},{"floor":4.0,"key":"LiquidMemories"},{"floor":7.0,"key":"DistilledChaos"},{"floor":13.0,"key":"DistilledChaos"},{"floor":33.0,"key":"Explosive Potion"},{"floor":48.0,"key":"Energy Potion"}],"is_trial":false,"path_per_floor":["M","?","$","?","M","R","E","?","T","M","?","R","M","?","R","B",null,"M","?","?","M","$","R","T","M","T","R","$","?","M","?","R","B",null,"M","$","M","?","?","R","T","R","T","R","?","M","M","E","R","B","B"],"character_chosen":"THE_SILENT","items_purchased":["Regal Pillow","Noxious Fumes","Backflip","Catalyst","Finesse"],"campfire_rested":3,"item_purchase_floors":[3,3,22,36,36],"current_hp_per_floor":[37,37,37,37,37,37,18,18,18,18,18,51,46,46,46,30,53,38,38,38,27,27,27,27,27,27,60,60,60,59,33,33,17,49,43,43,25,25,25,25,25,58,58,58,58,58,58,58,58,28,0,0],"gold":525,"neow_bonus":"TWO_FIFTY_GOLD","is_daily":false,"chose_seed":false,"campfire_upgraded":6,"win_rate":0.0,"timestamp":1610039094,"path_taken":["M","?","$","?","?","R","E","?","T","?","?","R","M","?","R","BOSS","M","?","?","M","$","R","?","M","T","R","?","?","M","?","R","BOSS","M","$","M","?","?","R","?","R","T","R","?","M","M","E","R","BOSS","BOSS"],"items_purchased_type":["Relic","Card","Card","Card","Card"],"build_version":"2020-12-22","purchased_purges":4,"victory":false,"max_hp_per_floor":[66,60,60,60,60,60,60,60,60,60,60,60,60,60,60,60,60,60,60,60,60,60,60,60,60,60,60,60,60,60,60,60,60,60,60,60,60,60,60,60,60,60,60,60,60,60,60,60,60,60,60,60],"card_choices":[{"not_picked":["Dodge and Roll","Leg Sweep"],"picked":"Dagger Throw","floor":1.0},{"not_picked":["PiercingWail","Sucker Punch"],"picked":"Flying Knee","floor":5.0},{"not_picked":["Acrobatics","Dodge and Roll","PiercingWail"],"picked":"SKIP","floor":7.0},{"not_picked":["Quick Slash","Cloak And Dagger","Skewer"],"picked":"SKIP","floor":10.0},{"not_picked":["Slice","Terror"],"picked":"Envenom+1","floor":11.0},{"not_picked":["Quick Slash","Poisoned Stab","Crippling Poison"],"picked":"SKIP","floor":13.0},{"not_picked":["Venomology","Burst"],"picked":"Phantasmal Killer","floor":16.0},{"not_picked":["Outmaneuver","Sucker Punch","Bane"],"picked":"SKIP","floor":18.0},{"not_picked":["Slice","Backflip"],"picked":"Cloak And Dagger+1","floor":21.0},{"not_picked":["All Out Attack","Deadly Poison","Sucker Punch"],"picked":"SKIP","floor":25.0},{"not_picked":["Noxious Fumes+1","Dodge and Roll","Skewer"],"picked":"Crippling Poison","floor":30.0},{"not_picked":["Acrobatics","Bane","Quick Slash"],"picked":"Heel Hook","floor":31.0},{"not_picked":["Grand Finale","Corpse Explosion","Phantasmal Killer"],"picked":"Wraith Form v2+1","floor":33.0},{"not_picked":["Acrobatics+1","Prepared","Dagger Spray"],"picked":"Backflip+1","floor":35.0},{"not_picked":["Heel Hook+1","Sucker Punch","Backflip+1","Dagger Throw"],"picked":"SKIP","floor":37.0},{"not_picked":["Sucker Punch","Backflip+1","Dagger Throw"],"picked":"Heel Hook+1","floor":37.0},{"not_picked":["Distraction","Heel Hook","Phantasmal Killer"],"picked":"Blur","floor":39.0},{"not_picked":["Footwork+1","Prepared","Slice+1","Sucker Punch"],"picked":"SKIP","floor":46.0},{"not_picked":["Blade Dance","Cloak And Dagger","Underhanded Strike","Flying Knee"],"picked":"SKIP","floor":47.0},{"not_picked":["Underhanded Strike","Envenom+1","Backflip","Catalyst"],"picked":"SKIP","floor":48.0}],"player_experience":1188504,"relics_obtained":[{"floor":7.0,"key":"Frozen Egg 2"},{"floor":9.0,"key":"Anchor"},{"floor":11.0,"key":"Odd Mushroom"},{"floor":24.0,"key":"Paper Crane"},{"floor":26.0,"key":"Question Card"},{"floor":31.0,"key":"Pocketwatch"},{"floor":31.0,"key":"Darkstone Periapt"},{"floor":39.0,"key":"Torii"},{"floor":41.0,"key":"PreservedInsect"},{"floor":48.0,"key":"Boot"}],"event_choices":[{"damage_healed":0.0,"max_hp_gain":0.0,"max_hp_loss":6.0,"gold_gain":0.0,"event_name":"Golden Idol","player_choice":"Lose Max HP","floor":2.0,"gold_loss":0.0,"damage_taken":0.0,"relics_obtained":["Golden Idol"]},{"damage_healed":0.0,"max_hp_gain":0.0,"max_hp_loss":0.0,"gold_gain":0.0,"event_name":"The Woman in Blue","player_choice":"Bought 3 Potions","floor":4.0,"gold_loss":0.0,"damage_taken":0.0},{"damage_healed":0.0,"max_hp_gain":0.0,"max_hp_loss":0.0,"gold_gain":50.0,"event_name":"Golden Shrine","player_choice":"Pray","floor":8.0,"gold_loss":0.0,"damage_taken":0.0},{"damage_healed":0.0,"max_hp_gain":0.0,"max_hp_loss":0.0,"gold_gain":0.0,"event_name":"Mushrooms","player_choice":"Fought Mushrooms","floor":11.0,"gold_loss":0.0,"damage_taken":0.0},{"damage_healed":0.0,"max_hp_gain":0.0,"max_hp_loss":0.0,"gold_gain":0.0,"event_name":"Liars Game","player_choice":"Ignored","floor":14.0,"gold_loss":0.0,"damage_taken":0.0},{"cards_removed":["Night Terror"],"damage_healed":0.0,"max_hp_gain":0.0,"max_hp_loss":0.0,"gold_gain":0.0,"event_name":"Back to Basics","player_choice":"Elegance","floor":19.0,"gold_loss":0.0,"damage_taken":0.0},{"damage_healed":0.0,"max_hp_gain":0.0,"max_hp_loss":0.0,"gold_gain":0.0,"event_name":"Addict","player_choice":"Obtained Relic","floor":20.0,"gold_loss":85.0,"damage_taken":0.0,"relics_obtained":["Juzu Bracelet"]},{"damage_healed":0.0,"max_hp_gain":0.0,"max_hp_loss":0.0,"gold_gain":0.0,"event_name":"Lab","player_choice":"Got Potions","floor":29.0,"gold_loss":0.0,"damage_taken":0.0},{"damage_healed":0.0,"max_hp_gain":0.0,"max_hp_loss":0.0,"gold_gain":0.0,"event_name":"Colosseum","player_choice":"Fight","floor":31.0,"gold_loss":0.0,"damage_taken":0.0},{"damage_healed":0.0,"max_hp_gain":0.0,"max_hp_loss":0.0,"gold_gain":0.0,"event_name":"Colosseum","player_choice":"Fought Nobs","floor":31.0,"gold_loss":0.0,"damage_taken":0.0},{"cards_removed":["Dash"],"damage_healed":0.0,"max_hp_gain":0.0,"max_hp_loss":0.0,"gold_gain":0.0,"event_name":"Falling","player_choice":"Removed Attack","floor":38.0,"gold_loss":0.0,"damage_taken":0.0},{"damage_healed":0.0,"max_hp_gain":0.0,"max_hp_loss":0.0,"gold_gain":0.0,"event_name":"MindBloom","player_choice":"Fight","floor":39.0,"gold_loss":0.0,"damage_taken":0.0},{"damage_healed":0.0,"max_hp_gain":0.0,"max_hp_loss":0.0,"gold_gain":333.0,"event_name":"The Moai Head","player_choice":"Gave Idol","floor":45.0,"relics_lost":["Golden Idol"],"gold_loss":0.0,"damage_taken":0.0}],"is_beta":false,"boss_relics":[{"not_picked":["HoveringKite","Sozu"],"picked":"Pandora\u0027s Box"},{"not_picked":["Cursed Key","Empty Cage"],"picked":"Runic Pyramid"}],"items_purged_floors":[3,22,28,36],"is_endless":false,"potions_floor_spawned":[5,7,13,16,18,25,33,37,48],"killed_by":"Time Eater","ascension_level":20}}