{"host":"g01l53quoe6lrer0","time":1610026993,"event":{"mods":["2.2 Compatiblity","AchievementEnabler","BaseMod","Colored Map","Highlight Path","Keyboard Shortcuts","Minty Spire (QoL Compilation)","Permanent Neow","StSLib","SuperFastMode","everything is the same but u backflip on backflip"],"gold_per_floor":[110,128,141,159,176,176,190,190,190,190,70,90,120,139,139,235,235,246,161,161,176,176,176,191,204,227,251,263,275,287,84,84,189,189,201,217,217,232,250,269,269,286,309,309,36,36,52,72,72,72],"floor_reached":51,"playtime":1844,"items_purged":["Strike_G","Strike_G"],"score":1039,"play_id":"e0c3dad1-0e44-4f6d-9877-ab841cfaf2d6","local_time":"20210107224313","is_ascension_mode":true,"campfire_choices":[{"data":"Deadly Poison","floor":6.0,"key":"SMITH"},{"data":"Footwork","floor":8.0,"key":"SMITH"},{"data":"Neutralize","floor":10.0,"key":"SMITH"},{"data":"Bouncing Flask","floor":15.0,"key":"SMITH"},{"floor":23.0,"key":"REST"},{"data":"Malaise","floor":28.0,"key":"SMITH"},{"floor":30.0,"key":"REST"},{"data":"Well Laid Plans","floor":32.0,"key":"SMITH"},{"floor":41.0,"key":"REST"},{"data":"Burst","floor":44,"key":"SMITH"},{"data":"Bouncing Flask","floor":46,"key":"SMITH"},{"floor":49,"key":"REST"}],"circlet_count":0,"master_deck":["Defend_G","Defend_G","Defend_G","Defend_G","Defend_G","Survivor","Neutralize+1","PiercingWail","Deadly Poison+1","Footwork+1","Blur","Dagger Throw","Bouncing Flask+1","After Image","Malaise+1","Backstab+1","Acrobatics+1","Corpse Explosion+1","Backflip+1","Well Laid Plans+1","Caltrops","PiercingWail","Burst+1","Bouncing Flask+1","Setup+1","Footwork+1","Crippling Poison+1","Caltrops+1","Footwork"],"relics":["Ring of the Snake","Calipers","Gambling Chip","Potion Belt","Astrolabe","Ornamental Fan","Kunai","MawBank","Velvet Choker","Art of War","Anchor"],"acts_visited":["Exordium","TheCity","TheBeyond","TheBeyond"],"potions_floor_usage":[47,50,50,50,50,50,50,50,50],"damage_taken":[{"damage":2.0,"enemies":"Cultist","floor":1.0,"turns":4.0},{"damage":1.0,"enemies":"2 Louse","floor":2.0,"turns":4.0},{"damage":0.0,"enemies":"Small Slimes","floor":3.0,"turns":4.0},{"damage":0.0,"enemies":"Blue Slaver","floor":4.0,"turns":6.0},{"damage":5.0,"enemies":"Large Slime","floor":5.0,"turns":10.0},{"damage":1.0,"enemies":"Gremlin Gang","floor":7.0,"turns":8.0},{"damage":1.0,"enemies":"Exordium Wildlife","floor":12.0,"turns":5.0},{"damage":13.0,"enemies":"Gremlin Nob","floor":13.0,"turns":3.0},{"damage":0.0,"enemies":"Large Slime","floor":14.0,"turns":7.0},{"damage":0.0,"enemies":"Hexaghost","floor":16.0,"turns":9.0},{"damage":8.0,"enemies":"2 Thieves","floor":18.0,"turns":2.0},{"damage":0.0,"enemies":"3 Byrds","floor":21.0,"turns":2.0},{"damage":0.0,"enemies":"3 Cultists","floor":24.0,"turns":3.0},{"damage":9.0,"enemies":"Snake Plant","floor":25.0,"turns":5.0},{"damage":10.0,"enemies":"Cultist and Chosen","floor":27.0,"turns":7.0},{"damage":16.0,"enemies":"Automaton","floor":33.0,"turns":12.0},{"damage":0.0,"enemies":"Orb Walker","floor":35.0,"turns":4.0},{"damage":33.0,"enemies":"3 Shapes","floor":36.0,"turns":4.0},{"damage":5.0,"enemies":"Sphere and 2 Shapes","floor":38.0,"turns":6.0},{"damage":4.0,"enemies":"Jaw Worm Horde","floor":39.0,"turns":3.0},{"damage":0.0,"enemies":"3 Darklings","floor":40.0,"turns":3.0},{"damage":1,"enemies":"4 Shapes","floor":42,"turns":3},{"damage":29,"enemies":"Spire Growth","floor":47,"turns":7},{"damage":0,"enemies":"3 Darklings","floor":48,"turns":2},{"damage":20,"enemies":"Donu and Deca","floor":50,"turns":9}],"seed_played":"-3017619689028786322","potions_obtained":[{"floor":3.0,"key":"CultistPotion"},{"floor":5.0,"key":"SteroidPotion"},{"floor":13.0,"key":"AttackPotion"},{"floor":14.0,"key":"EntropicBrew"},{"floor":16.0,"key":"EssenceOfSteel"},{"floor":21.0,"key":"EssenceOfSteel"},{"floor":25.0,"key":"SpeedPotion"},{"floor":27.0,"key":"Fire Potion"},{"floor":36.0,"key":"PowerPotion"},{"floor":38.0,"key":"Fruit Juice"},{"floor":48,"key":"SteroidPotion"}],"is_trial":false,"path_per_floor":["M","M","M","M","M","R","M","R","T","R","$","M","E","M","R","B",null,"M","?","?","M","T","R","M","M","T","M","R","?","R","$","R","B",null,"M","M","?","M","M","M","R","M","T","R","$","R","M","M","R","B",null],"character_chosen":"THE_SILENT","items_purchased":["Dagger Throw","Caltrops","PiercingWail","Anchor","DuplicationPotion","SkillPotion"],"campfire_rested":4,"item_purchase_floors":[11,31,31,45,45,45],"current_hp_per_floor":[61,60,60,60,55,55,54,54,54,54,54,53,40,40,40,40,57,49,49,38,38,38,58,58,49,49,39,39,39,59,59,59,43,67,67,34,34,34,30,30,51,50,50,50,50,50,21,21,42,37],"gold":72,"neow_bonus":"ONE_RARE_RELIC","is_daily":false,"chose_seed":false,"campfire_upgraded":8,"win_rate":0.0,"timestamp":1610026993,"path_taken":["M","?","M","M","M","R","M","R","T","R","$","?","E","M","R","BOSS","M","?","?","M","?","R","M","?","T","M","R","?","R","$","R","BOSS","M","M","?","M","M","M","R","M","T","R","$","R","M","?","R","BOSS"],"items_purchased_type":["Card","Card","Card","Relic","Potion","Potion"],"build_version":"2020-12-22","purchased_purges":2,"victory":true,"max_hp_per_floor":[63,63,63,63,63,63,63,63,63,63,63,63,63,63,63,63,63,63,63,68,68,68,68,68,68,68,68,68,68,68,68,68,68,68,68,68,68,73,73,73,73,73,73,73,73,73,73,73,73,73],"card_choices":[{"not_picked":["Setup","Flechettes"],"picked":"PiercingWail","floor":1.0},{"not_picked":["Dagger Spray","Terror"],"picked":"Deadly Poison","floor":2.0},{"not_picked":["All Out Attack","Dagger Spray","Terror"],"picked":"SKIP","floor":3.0},{"not_picked":["Flying Knee","Prepared"],"picked":"Footwork","floor":4.0},{"not_picked":["Masterful Stab","Envenom"],"picked":"Blur","floor":5.0},{"not_picked":["Blade Dance","Endless Agony","Underhanded Strike"],"picked":"SKIP","floor":7.0},{"not_picked":["Noxious Fumes","Dagger Spray"],"picked":"Bouncing Flask","floor":12.0},{"not_picked":["Masterful Stab","Storm of Steel"],"picked":"After Image","floor":13.0},{"not_picked":["Accuracy","Slice","Quick Slash"],"picked":"SKIP","floor":14.0},{"not_picked":["Die Die Die","Phantasmal Killer"],"picked":"Malaise","floor":16.0},{"not_picked":["PiercingWail","Dagger Spray","Deadly Poison"],"picked":"SKIP","floor":18.0},{"not_picked":["Outmaneuver","Flying Knee","Cloak And Dagger+1"],"picked":"SKIP","floor":21.0},{"not_picked":["Riddle With Holes","Expertise"],"picked":"Backflip+1","floor":24.0},{"not_picked":["Dagger Spray","Endless Agony"],"picked":"Well Laid Plans","floor":25.0},{"not_picked":["Predator","Cloak And Dagger+1","Choke"],"picked":"SKIP","floor":27.0},{"not_picked":["After Image","Malaise"],"picked":"Burst","floor":33.0},{"not_picked":["Concentrate+1","Accuracy"],"picked":"Bouncing Flask","floor":35.0},{"not_picked":["Flechettes+1","Acrobatics+1"],"picked":"Setup+1","floor":36.0},{"not_picked":["Quick Slash","Flechettes","Poisoned Stab"],"picked":"SKIP","floor":38.0},{"not_picked":["Cloak And Dagger","Accuracy"],"picked":"Crippling Poison+1","floor":39.0},{"not_picked":["Distraction+1","Dagger Throw"],"picked":"Caltrops+1","floor":40.0},{"not_picked":["Acrobatics+1","Dodge and Roll","Outmaneuver+1"],"picked":"SKIP","floor":42},{"not_picked":["Caltrops","Outmaneuver+1"],"picked":"Footwork","floor":47},{"not_picked":["Predator","Prepared+1","Endless Agony+1"],"picked":"SKIP","floor":48}],"player_experience":61270,"relics_obtained":[{"floor":9.0,"key":"Gambling Chip"},{"floor":13.0,"key":"Potion Belt"},{"floor":22.0,"key":"Kunai"},{"floor":26.0,"key":"MawBank"},{"floor":43,"key":"Art of War"}],"event_choices":[{"damage_healed":0.0,"max_hp_gain":0.0,"max_hp_loss":0.0,"gold_gain":0.0,"event_name":"Addict","player_choice":"Obtained Relic","floor":19.0,"gold_loss":85.0,"damage_taken":0.0,"relics_obtained":["Ornamental Fan"]},{"damage_healed":0.0,"max_hp_gain":5.0,"max_hp_loss":0.0,"gold_gain":0.0,"event_name":"Forgotten Altar","player_choice":"Shed Blood","floor":20.0,"gold_loss":0.0,"damage_taken":16.0},{"damage_healed":0.0,"max_hp_gain":0.0,"max_hp_loss":0.0,"gold_gain":0.0,"event_name":"Vampires","player_choice":"Ignored","floor":29.0,"gold_loss":0.0,"damage_taken":0.0},{"damage_healed":0.0,"max_hp_gain":0.0,"max_hp_loss":0.0,"gold_gain":0.0,"event_name":"Duplicator","player_choice":"Copied","floor":37.0,"gold_loss":0.0,"damage_taken":0.0,"cards_obtained":["Footwork"]}],"is_beta":false,"boss_relics":[{"not_picked":["Cursed Key","Black Star"],"picked":"Astrolabe"},{"not_picked":["Busted Crown","Ring of the Serpent"],"picked":"Velvet Choker"}],"items_purged_floors":[11,31],"is_endless":false,"potions_floor_spawned":[3,5,13,14,16,21,25,27,36,38,48],"ascension_level":9}}