{"host":"jksa5rawk3m4gilz","time":1610042083,"event":{"mods":["BaseMod","Colored Map","Highlight Path","Minty Spire (QoL Compilation)","Quick Restart"],"gold_per_floor":[114,17,192,192,6,36,54,54,54,4,29,42,76,95,95,169,169,182,97,112,112,112,145,145,175,175,175,175,275,275,275],"floor_reached":30,"playtime":1175,"items_purged":["Doubt","Strike_P"],"score":507,"play_id":"8c12280c-94b4-48b2-9c34-071eaccc074c","local_time":"20210107185443","is_ascension_mode":true,"campfire_choices":[{"data":"Panacea","floor":8,"key":"SMITH"},{"floor":15,"key":"REST"},{"floor":24,"key":"REST"},{"floor":28,"key":"REST"}],"circlet_count":0,"master_deck":["AscendersBane","Strike_P","Strike_P","Strike_P","Defend_P","Defend_P","Defend_P","Defend_P","Eruption","Vigilance","ReachHeaven","Panacea+1","WaveOfTheHand","Fasting2","Halt","DevaForm+1","JustLucky+1","Ragnarok+1","BattleHymn+1","Fasting2+1","Study+1"],"relics":["HolyWater","NeowsBlessing","Membership Card","Bronze Scales","Frozen Egg 2","Molten Egg 2","Vajra","Mercury Hourglass","Regal Pillow","Eternal Feather","Ancient Tea Set","Ornamental Fan","Pocketwatch","Yang"],"acts_visited":["Exordium","TheCity"],"potions_floor_usage":[11,16,23],"damage_taken":[{"damage":0,"enemies":"2 Louse","floor":1,"turns":2},{"damage":0,"enemies":"Gremlin Nob","floor":6,"turns":1},{"damage":0,"enemies":"Jaw Worm","floor":7,"turns":1},{"damage":27,"enemies":"3 Sentries","floor":11,"turns":5},{"damage":4,"enemies":"Cultist","floor":12,"turns":3},{"damage":20,"enemies":"Lagavulin","floor":13,"turns":8},{"damage":0,"enemies":"2 Fungi Beasts","floor":14,"turns":4},{"damage":23,"enemies":"The Guardian","floor":16,"turns":13},{"damage":0,"enemies":"3 Byrds","floor":18,"turns":3},{"damage":1,"enemies":"Chosen","floor":20,"turns":5},{"damage":33,"enemies":"Slavers","floor":23,"turns":4},{"damage":36,"enemies":"Gremlin Leader","floor":25,"turns":6},{"damage":34,"enemies":"Colosseum Slavers","floor":29,"turns":5},{"damage":29,"enemies":"Colosseum Nobs","floor":29,"turns":4},{"damage":13,"enemies":"Centurion and Healer","floor":30,"turns":1}],"seed_played":"-1924009753307396003","potions_obtained":[{"floor":1,"key":"Regen Potion"},{"floor":6,"key":"LiquidBronze"},{"floor":13,"key":"GamblersBrew"},{"floor":16,"key":"Dexterity Potion"},{"floor":18,"key":"BottledMiracle"},{"floor":29,"key":"Energy Potion"}],"is_trial":false,"path_per_floor":["M","$","?","?","$","E","M","R","T","?","E","M","E","M","R","B",null,"M","$","M","?","?","E","R","E","T","T","R","?","M"],"character_chosen":"WATCHER","items_purchased":["Panacea","Membership Card","Fasting2+1"],"campfire_rested":3,"item_purchase_floors":[2,5,19],"current_hp_per_floor":[65,65,65,65,65,65,65,65,65,65,50,46,26,26,47,24,60,60,60,59,59,59,26,62,26,26,26,72,9,0,0],"gold":275,"neow_bonus":"THREE_ENEMY_KILL","is_daily":false,"chose_seed":false,"campfire_upgraded":1,"win_rate":0.0,"timestamp":1610042083,"path_taken":["M","$","?","?","$","E","?","R","T","?","E","M","E","M","R","BOSS","M","$","M","?","?","E","R","E","T","?","R","?","M"],"items_purchased_type":["Card","Relic","Card"],"build_version":"2020-12-22","purchased_purges":2,"victory":false,"max_hp_per_floor":[72,72,72,72,72,72,72,72,72,72,72,72,72,72,72,72,72,72,72,72,72,72,72,72,72,72,72,72,72,72,72],"card_choices":[{"not_picked":["ThirdEye","FlyingSleeves"],"picked":"ReachHeaven","floor":1},{"not_picked":["ThirdEye","Study"],"picked":"WaveOfTheHand","floor":6},{"not_picked":["Swivel","SignatureMove"],"picked":"Fasting2","floor":7},{"not_picked":["EmptyBody","Evaluate","ClearTheMind"],"picked":"SKIP","floor":11},{"not_picked":["Vengeance","FlurryOfBlows+1"],"picked":"Halt","floor":12},{"not_picked":["BowlingBash+1","Adaptation+1"],"picked":"DevaForm+1","floor":13},{"not_picked":["Adaptation+1","EmptyFist+1"],"picked":"JustLucky+1","floor":14},{"not_picked":["Wish","LessonLearned+1"],"picked":"Ragnarok+1","floor":16},{"not_picked":["ClearTheMind","LikeWater+1"],"picked":"BattleHymn+1","floor":18},{"not_picked":["EmptyMind","CarveReality+1","SashWhip+1"],"picked":"SKIP","floor":20},{"not_picked":["WindmillStrike+1","Sanctity","FollowUp+1"],"picked":"SKIP","floor":23},{"not_picked":["Protect","BowlingBash+1","Consecrate+1"],"picked":"SKIP","floor":25}],"player_experience":2114501,"relics_obtained":[{"floor":6,"key":"Bronze Scales"},{"floor":9,"key":"Frozen Egg 2"},{"floor":11,"key":"Molten Egg 2"},{"floor":13,"key":"Vajra"},{"floor":23,"key":"Regal Pillow"},{"floor":25,"key":"Eternal Feather"},{"floor":26,"key":"Ancient Tea Set"},{"floor":27,"key":"Ornamental Fan"},{"floor":29,"key":"Pocketwatch"},{"floor":29,"key":"Yang"}],"event_choices":[{"damage_healed":0,"gold_gain":175,"player_choice":"AGREE","damage_taken":0,"max_hp_gain":0,"max_hp_loss":0,"event_name":"Liars Game","floor":3,"gold_loss":0,"cards_obtained":["Doubt"]},{"damage_healed":0,"gold_gain":0,"player_choice":"Cursed","damage_taken":0,"max_hp_gain":0,"max_hp_loss":0,"event_name":"Wheel of Change","floor":4,"gold_loss":0,"cards_obtained":["Decay"]},{"cards_removed":["Decay"],"damage_healed":0,"gold_gain":0,"player_choice":"Card Removal","damage_taken":0,"max_hp_gain":0,"max_hp_loss":0,"event_name":"The Cleric","floor":10,"gold_loss":50},{"damage_healed":0,"gold_gain":0,"player_choice":"Opened","damage_taken":0,"relics_obtained":["Mercury Hourglass"],"max_hp_gain":0,"max_hp_loss":0,"event_name":"The Mausoleum","floor":21,"gold_loss":0},{"damage_healed":0,"gold_gain":0,"player_choice":"Read","damage_taken":0,"max_hp_gain":0,"max_hp_loss":0,"event_name":"The Library","floor":22,"gold_loss":0,"cards_obtained":["Study"]},{"damage_healed":0,"gold_gain":0,"player_choice":"Fight","damage_taken":0,"max_hp_gain":0,"max_hp_loss":0,"event_name":"Colosseum","floor":29,"gold_loss":0},{"damage_healed":0,"gold_gain":0,"player_choice":"Fought Nobs","damage_taken":0,"max_hp_gain":0,"max_hp_loss":0,"event_name":"Colosseum","floor":29,"gold_loss":0}],"is_beta":false,"boss_relics":[{"not_picked":["Fusion Hammer","VioletLotus"],"picked":"HolyWater"}],"items_purged_floors":[5,19],"is_endless":false,"potions_floor_spawned":[1,6,13,16,18,29,29],"killed_by":"Centurion and Healer","ascension_level":13}}