{"host":"iyvjjqtjrywxqc57","time":1610010345,"event":{"mods":["AchievementEnabler","BaseMod","Bestiary","Better Altar","Better Match","Better Note","Better Sensory Stone","Better Skull","Better Third Choice","BetterRewards","Colored Map","Colored Powertips","Dark Map","Defuse TimeMaze Blight","Displayed Cursed Tome","Downfall","Faster Ascension Climbing","Jorbs\u0027s Wanderer Trilogy","Minty Spire (QoL Compilation)","Permanent Neow","Quick Restart","Rare Cards Sparkle","Relic Stats","StSLib"],"gold_per_floor":[112,125,125,145,160,190,207,207,207,272,272,305,317,426,426,524,524,538,128,141,141,241,241,241,241,241,260,273,283,283,3,3,102,152,164,164,178,178,189,223,223,243,243,243,243,243,243],"floor_reached":46,"playtime":4331,"items_purged":[],"score":460,"play_id":"03ae9bde-3464-45b6-b22b-e11805b7b7e1","local_time":"20210107030545","is_ascension_mode":false,"campfire_choices":[{"data":"Metallicize","floor":8.0,"key":"SMITH"},{"floor":15.0,"key":"REST"},{"data":"Magnetism","floor":23.0,"key":"SMITH"},{"data":"Infernal Blade","floor":25.0,"key":"SMITH"},{"data":"Carnage","floor":30.0,"key":"SMITH"},{"data":"Searing Blow","floor":32.0,"key":"SMITH"},{"floor":41,"key":"REST"},{"floor":44,"key":"REST"}],"circlet_count":0,"master_deck":["Strike_R","Strike_R","Strike_R","Strike_R+1","Defend_R","Defend_R","Defend_R","Defend_R","Bash","Thunderclap","Infernal Blade+1","Metallicize+1","Iron Wave","Carnage+1","Anger","Sword Boomerang","Reaper","Battle Trance+1","expansioncontent:DarkVoid","Magnetism+1","expansioncontent:DarkVoid","Flex+1","Ghostly Armor","Searing Blow+1","Armaments+1","Writhe","Seeing Red+1","expansioncontent:BronzeBeam","expansioncontent:ManipulateTime+1","Cleave","Shrug It Off+1","Armaments+1"],"relics":["Burning Blood","Calipers","Kunai","Mercury Hourglass","TungstenRod","Juzu Bracelet","Happy Flower","Mark of Pain","Bag of Marbles","Matryoshka","Toxic Egg 2","Tiny House","Shuriken","Anchor","Self Forming Clay"],"acts_visited":["Exordium","TheCity","TheBeyond"],"potions_floor_usage":[40,40,40],"damage_taken":[{"damage":5.0,"enemies":"Small Slimes","floor":1.0,"turns":5.0},{"damage":8.0,"enemies":"2 Louse","floor":2.0,"turns":2.0},{"damage":0.0,"enemies":"Cultist","floor":4.0,"turns":4.0},{"damage":7.0,"enemies":"Looter","floor":5.0,"turns":3.0},{"damage":18.0,"enemies":"Lagavulin","floor":6.0,"turns":10.0},{"damage":15.0,"enemies":"Gremlin Gang","floor":7.0,"turns":6.0},{"damage":5.0,"enemies":"3 Sentries","floor":12.0,"turns":4.0},{"damage":6.0,"enemies":"2 Fungi Beasts","floor":13.0,"turns":2.0},{"damage":12.0,"enemies":"Slime Boss","floor":16.0,"turns":10.0},{"damage":0.0,"enemies":"3 Byrds","floor":18.0,"turns":4.0},{"damage":5.0,"enemies":"2 Thieves","floor":20.0,"turns":2.0},{"damage":16.0,"enemies":"3 Cultists","floor":27.0,"turns":4.0},{"damage":0.0,"enemies":"Snake Plant","floor":28.0,"turns":1.0},{"damage":14.0,"enemies":"Snecko","floor":29.0,"turns":3.0},{"damage":57.0,"enemies":"Champ","floor":33.0,"turns":15.0},{"damage":12.0,"enemies":"Orb Walker","floor":35.0,"turns":3.0},{"damage":22.0,"enemies":"3 Darklings","floor":37.0,"turns":4.0},{"damage":58.0,"enemies":"Spire Growth","floor":39.0,"turns":6.0},{"damage":26,"enemies":"Reptomancer","floor":40,"turns":7},{"damage":16,"enemies":"4 Shapes","floor":42,"turns":2},{"damage":65,"enemies":"Giant Head","floor":46,"turns":8}],"seed_played":"-326341453642527386","potions_obtained":[{"floor":4.0,"key":"AttackPotion"},{"floor":5.0,"key":"Fire Potion"},{"floor":7.0,"key":"SpeedPotion"},{"floor":11.0,"key":"Explosive Potion"},{"floor":11.0,"key":"EssenceOfSteel"},{"floor":13.0,"key":"sneckomod:MuddlingPotion"},{"floor":16.0,"key":"BlessingOfTheForge"},{"floor":18.0,"key":"ColorlessPotion"},{"floor":27.0,"key":"Ancient Potion"},{"floor":29.0,"key":"BlessingOfTheForge"},{"floor":33.0,"key":"SpeedPotion"},{"floor":34.0,"key":"SteroidPotion"},{"floor":37.0,"key":"LiquidMemories"}],"is_trial":false,"path_per_floor":["M","M","$","M","M","E","M","R","T","?","?","E","M","?","R","B",null,"M","$","M","?","?","R","?","R","T","M","M","M","R","$","R","B",null,"M","?","M","?","M","E","R","M","T","R","?","E"],"character_chosen":"IRONCLAD","items_purchased":["expansioncontent:DarkVoid","Magnetism","Bag of Marbles","Toxic Egg 2","Searing Blow"],"campfire_rested":3,"item_purchase_floors":[19,19,19,31,31],"current_hp_per_floor":[72,70,70,72,71,59,50,50,50,50,50,51,51,12,33,27,72,72,72,72,72,72,72,72,72,72,62,68,60,60,60,60,14,77,71,77,68,68,16,14,37,27,27,50,50,0,0],"gold":243,"neow_bonus":"ONE_RARE_RELIC","is_daily":false,"chose_seed":false,"campfire_upgraded":5,"win_rate":0.0,"timestamp":1610010345,"path_taken":["M","M","$","M","M","E","M","R","T","?","?","E","?","?","R","BOSS","M","$","M","?","?","R","?","R","T","M","M","M","R","?","R","BOSS","M","?","M","?","M","E","R","M","T","R","?","E"],"items_purchased_type":["Card","Card","Relic","Relic","Card"],"build_version":"2020-12-22","purchased_purges":0,"victory":false,"max_hp_per_floor":[72,72,72,72,72,72,72,72,72,72,72,72,72,72,72,72,72,72,72,72,72,72,72,72,72,72,72,72,72,72,72,72,72,77,77,77,77,77,77,77,77,77,77,77,77,77,77],"relic_stats":{"Happy Flower":[24],"counters":[21,105],"Shuriken":[2],"Self Forming Clay":[12],"Juzu Bracelet":2,"Kunai":[34],"obtain_stats":[{"Calipers":0,"Tiny House":34,"Happy Flower":14,"Self Forming Clay":43,"Juzu Bracelet":14,"Burning Blood":0,"Mercury Hourglass":9,"Anchor":43,"Matryoshka":26,"Shuriken":40,"Mark of Pain":17,"Bag of Marbles":19,"Kunai":6,"Toxic Egg 2":31,"TungstenRod":12},{"Calipers":0,"Tiny House":15,"Happy Flower":8,"Self Forming Clay":20,"Juzu Bracelet":8,"Burning Blood":0,"Mercury Hourglass":6,"Anchor":20,"Matryoshka":11,"Shuriken":19,"Mark of Pain":9,"Bag of Marbles":10,"Kunai":5,"Toxic Egg 2":14,"TungstenRod":7},{"Calipers":0,"Tiny House":75,"Happy Flower":36,"Self Forming Clay":97,"Juzu Bracelet":36,"Burning Blood":0,"Mercury Hourglass":30,"Anchor":97,"Matryoshka":52,"Shuriken":95,"Mark of Pain":46,"Bag of Marbles":50,"Kunai":24,"Toxic Egg 2":60,"TungstenRod":34}],"Burning Blood":108,"TungstenRod":46,"Mercury Hourglass":[353]},"card_choices":[{"not_picked":["Cleave","Twin Strike"],"picked":"Thunderclap","floor":1.0},{"not_picked":["Sword Boomerang","True Grit"],"picked":"Infernal Blade","floor":2.0},{"not_picked":["Dropkick","Intimidate"],"picked":"Metallicize","floor":4.0},{"not_picked":["Shrug It Off","Warcry"],"picked":"Iron Wave","floor":5.0},{"not_picked":["Fiend Fire","Battle Trance"],"picked":"Carnage","floor":6.0},{"not_picked":["Combust","Thunderclap","Body Slam"],"picked":"SKIP","floor":7.0},{"not_picked":["Reckless Charge","Blood for Blood"],"picked":"Anger","floor":12.0},{"not_picked":["Clash","Headbutt"],"picked":"Sword Boomerang","floor":13.0},{"not_picked":["Barricade","Demon Form"],"picked":"Reaper","floor":16.0},{"not_picked":["Clash","Thunderclap"],"picked":"Battle Trance+1","floor":18.0},{"not_picked":["Thunderclap","Hemokinesis","Clash"],"picked":"SKIP","floor":20.0},{"not_picked":["Body Slam","Pommel Strike"],"picked":"Flex+1","floor":27.0},{"not_picked":["Blood for Blood+1","Body Slam+1"],"picked":"Ghostly Armor","floor":28.0},{"not_picked":["Pommel Strike","Second Wind","Battle Trance"],"picked":"SKIP","floor":29.0},{"not_picked":["Perfected Strike","Dark Embrace"],"picked":"Armaments+1","floor":34.0},{"not_picked":["Heavy Blade+1","Blood for Blood","Warcry+1"],"picked":"SKIP","floor":35.0},{"not_picked":["Sword Boomerang+1","Corruption"],"picked":"Seeing Red+1","floor":37.0},{"not_picked":["expansioncontent:Sear","Secret Technique+1"],"picked":"expansioncontent:BronzeBeam","floor":38.0},{"not_picked":["Chrysalis+1","expansioncontent:PolyBeam"],"picked":"expansioncontent:ManipulateTime+1","floor":38.0},{"not_picked":["Dropkick+1","Flex+1"],"picked":"Cleave","floor":39.0},{"not_picked":["Anger","Uppercut"],"picked":"Shrug It Off+1","floor":40},{"not_picked":["Hemokinesis","Dropkick"],"picked":"Armaments+1","floor":42}],"player_experience":100194,"relics_obtained":[{"floor":6.0,"key":"Kunai"},{"floor":9.0,"key":"Mercury Hourglass"},{"floor":12.0,"key":"TungstenRod"},{"floor":26.0,"key":"Matryoshka"},{"floor":40,"key":"Shuriken"},{"floor":43,"key":"Anchor"},{"floor":43,"key":"Self Forming Clay"}],"event_choices":[{"damage_healed":0.0,"max_hp_gain":0.0,"max_hp_loss":0.0,"gold_gain":65.0,"event_name":"Golden Wing","player_choice":"Gained Gold","floor":10.0,"gold_loss":0.0,"damage_taken":0.0},{"damage_healed":0.0,"max_hp_gain":0.0,"max_hp_loss":0.0,"gold_gain":0.0,"event_name":"Lab","player_choice":"Got Potions","floor":11.0,"gold_loss":0.0,"damage_taken":0.0},{"damage_healed":0.0,"max_hp_gain":0.0,"max_hp_loss":0.0,"gold_gain":109.0,"event_name":"betterSkull:BetterSkull","player_choice":"RE RE GO ","floor":14.0,"gold_loss":0.0,"damage_taken":48.0,"cards_upgraded":[],"relics_obtained":["Juzu Bracelet","Happy Flower"]},{"damage_healed":0.0,"max_hp_gain":0.0,"max_hp_loss":0.0,"gold_gain":0.0,"event_name":"Duplicator","player_choice":"Copied","floor":21.0,"gold_loss":0.0,"damage_taken":0.0,"cards_obtained":["expansioncontent:DarkVoid"]},{"damage_healed":0.0,"max_hp_gain":0.0,"max_hp_loss":0.0,"gold_gain":100.0,"event_name":"Golden Shrine","player_choice":"Pray","floor":22.0,"gold_loss":0.0,"damage_taken":0.0},{"cards_removed":["Strike_R"],"damage_healed":0.0,"max_hp_gain":0.0,"max_hp_loss":0.0,"gold_gain":0.0,"event_name":"betterNote:BetterNote","player_choice":"Give","floor":24.0,"gold_loss":0.0,"damage_taken":0.0,"cards_obtained":["Strike_G"]},{"damage_healed":19.0,"max_hp_gain":0.0,"max_hp_loss":0.0,"gold_gain":0.0,"event_name":"Winding Halls","player_choice":"Writhe","floor":36.0,"gold_loss":0.0,"damage_taken":0.0,"cards_obtained":["Writhe"]},{"damage_healed":0.0,"max_hp_gain":0.0,"max_hp_loss":0.0,"gold_gain":3.0,"event_name":"betterStone:BetterStone","player_choice":"1","floor":38.0,"gold_loss":0.0,"damage_taken":0.0},{"cards_removed":["Strike_R"],"damage_healed":0,"gold_gain":0,"player_choice":"Purged","damage_taken":0,"max_hp_gain":0,"max_hp_loss":0,"event_name":"Purifier","floor":45,"gold_loss":0}],"is_beta":false,"boss_relics":[{"not_picked":["Calling Bell","Cursed Key"],"picked":"Mark of Pain"},{"not_picked":["Coffee Dripper","Black Star"],"picked":"Tiny House"}],"items_purged_floors":[],"is_endless":false,"potions_floor_spawned":[4,5,7,13,16,18,27,29,33,37],"killed_by":"Giant Head","ascension_level":0}}