{"host":"69bxgjr0sv0a6xc4","time":1610032411,"event":{"mods":["Act Like it!","BaseMod","Better Altar","Better Match","Better Note","Better Sensory Stone","Better Skull","Better Third Choice","BetterRewards","DeckTracker","Friendly Minions","Jorbs\u0027s Wanderer Trilogy","Lobotomy","LobotomyExtend","Minty Spire (QoL Compilation)","Relic Stats","Spicy Shops","StSLib","The Bladedancer","Unceasing Turn Reminder"],"gold_per_floor":[271,289,164,178,30,65,65,92,92,92,92],"floor_reached":10,"playtime":750,"items_purged":[],"score":133,"play_id":"c6f3e063-1300-4552-8ca0-2747c9383f4c","local_time":"20210107161331","is_ascension_mode":true,"campfire_choices":[{"floor":7,"key":"REST"}],"circlet_count":0,"master_deck":["AscendersBane","Strike_G","Strike_G","Strike_G","Strike_G","Strike_G","Defend_G","Defend_G","Defend_G","Defend_G","Defend_G","Survivor","Neutralize","FairyFestival","Slice","Backstab","Deadly Poison+1","Deflect","QueenOfHatred","Cloak And Dagger"],"relics":["Ring of the Snake","CogitoBucket","LetterFromLob","Chemical X","Incense Burner","Eternal Feather","Bird Faced Urn"],"acts_visited":["Exordium"],"potions_floor_usage":[6,10],"damage_taken":[{"damage":11,"enemies":"Jaw Worm","floor":1,"turns":6},{"damage":0,"enemies":"Cultist","floor":2,"turns":4},{"damage":6,"enemies":"Small Slimes","floor":4,"turns":4},{"damage":50,"enemies":"Gremlin Nob","floor":6,"turns":5},{"damage":20,"enemies":"3 Sentries","floor":8,"turns":11},{"damage":31,"enemies":"Gremlin Nob","floor":10,"turns":3}],"seed_played":"-8048440078784324826","potions_obtained":[{"floor":2,"key":"GamblersBrew"},{"floor":8,"key":"Strength Potion"}],"is_trial":false,"path_per_floor":["M","M","?","M","$","E","R","E","T","E"],"character_chosen":"THE_SILENT","items_purchased":["Chemical X"],"campfire_rested":1,"item_purchase_floors":[5],"current_hp_per_floor":[48,52,52,50,50,4,23,15,15,0,0],"gold":92,"neow_bonus":"","is_daily":false,"chose_seed":false,"campfire_upgraded":0,"win_rate":0.0,"timestamp":1610032411,"path_taken":["M","M","?","M","$","E","R","E","T","E"],"items_purchased_type":["Relic"],"build_version":"2020-12-22","purchased_purges":0,"victory":false,"max_hp_per_floor":[66,66,66,66,66,66,66,66,66,66,66],"relic_stats":{"counters":[6,33],"Bird Faced Urn":[0],"Eternal Feather":0,"Chemical X":[1],"obtain_stats":[{"CogitoBucket":0,"Bird Faced Urn":9,"Eternal Feather":8,"LetterFromLob":1,"Incense Burner":6,"Chemical X":5,"Ring of the Snake":0},{"CogitoBucket":0,"Bird Faced Urn":5,"Eternal Feather":5,"LetterFromLob":1,"Incense Burner":4,"Chemical X":3,"Ring of the Snake":0},{"CogitoBucket":0,"Bird Faced Urn":30,"Eternal Feather":30,"LetterFromLob":6,"Incense Burner":19,"Chemical X":14,"Ring of the Snake":0}],"Ring of the Snake":[12]},"card_choices":[{"not_picked":["ShyLook","PunishingBird"],"picked":"FairyFestival","floor":1},{"not_picked":["Finisher","PiercingWail"],"picked":"Slice","floor":1},{"not_picked":["Concentrate","Escape Plan"],"picked":"Backstab","floor":2},{"not_picked":["Bane+1","Sucker Punch+1"],"picked":"Deadly Poison+1","floor":3},{"not_picked":["Deadly Poison","Sucker Punch"],"picked":"Deflect","floor":4},{"not_picked":["Prepared","Blade Dance","Acrobatics"],"picked":"SKIP","floor":6},{"not_picked":["Scorched","CrumblingArmor"],"picked":"QueenOfHatred","floor":8},{"not_picked":["Slice","Dagger Spray"],"picked":"Cloak And Dagger","floor":8}],"player_experience":867411,"relics_obtained":[{"floor":1,"key":"LetterFromLob"},{"floor":6,"key":"Incense Burner"},{"floor":8,"key":"Eternal Feather"},{"floor":9,"key":"Bird Faced Urn"}],"event_choices":[{"damage_healed":0,"gold_gain":0,"player_choice":"2","damage_taken":0,"max_hp_gain":0,"max_hp_loss":0,"event_name":"betterMatch:BetterMatch","floor":3,"gold_loss":0,"cards_obtained":["betterMatch:CommonCard"]}],"is_beta":false,"boss_relics":[],"items_purged_floors":[],"is_endless":false,"potions_floor_spawned":[2,8],"killed_by":"Gremlin Nob","ascension_level":15}}