{"host":"l3mntlxfatf6lpxm","time":1610032669,"event":{"mods":["2.2 Compatiblity","AchievementEnabler","Arknights The Spire","Aspiration","Bard","BaseMod","Beaked The Cultist","Better Altar","Better Match","Better Note","Better Sensory Stone","Better Skull","Better Third Choice","Challenge The Spire","Colored Powertips","Defuse TimeMaze Blight","Displayed Cursed Tome","Dota2Spire","Downfall","Ekko","Energized Spire","Gold Saver","Hubris","Infinite Spire","Jorbs\u0027s Wanderer Trilogy","Kratos Character Expansion","Luminous","Marisa????????","Minty Spire (QoL Compilation)","Replay The Spire","Retaliation","Shade Mod","Shop Mod","Somnambulant","Spicy Shops","StSLib","The Blue Laboratory","The Caster","The Construct","The Cursed","The Jungle","The Marked","The Runesmith","The Servant 0.9.4","TheVacant","Thieving Mod","Trackpad","Unceasing Turn Reminder","Virulent Crown","Wandering Minibosses"],"gold_per_floor":[864,939,787,787,856,856,887,887,887,887,907,907,918,947,947,947,947],"floor_reached":16,"playtime":626,"items_purged":["caster:strike"],"score":131,"play_id":"f00b8e54-dcf1-4b59-a179-68f527a20920","local_time":"20210107161749","is_ascension_mode":false,"campfire_choices":[{"data":"caster:Susanoo","floor":6,"key":"SMITH"},{"data":"caster:Sandstorm","floor":10,"key":"SMITH"},{"floor":12,"key":"REST"},{"data":"caster:JupitelThunder","floor":15,"key":"SMITH"}],"circlet_count":0,"master_deck":["caster:Meteor","caster:DivertFocus","caster:strike","caster:strike","caster:strike","caster:defend","caster:defend","caster:defend","caster:defend","caster:defend","caster:MagicWeapon","caster:Barbroot","caster:Susanoo+1","caster:Sandstorm+1","caster:Fira+1","caster:JupitelThunder+1","caster:QuickCast","caster:WallOfThorns"],"relics":["caster:MagicBook","NeowsBlessing","Dota2Spire:BattleFury","InkBottle","trackpad:CultistFigurine","Bag of Marbles"],"acts_visited":["Exordium"],"potions_floor_usage":[16],"damage_taken":[{"damage":0,"enemies":"Small Slimes","floor":1,"turns":1},{"damage":0,"enemies":"Replay:BlueRogue","floor":7,"turns":1},{"damage":1,"enemies":"Jaw Worm","floor":11,"turns":2},{"damage":0,"enemies":"infinitespire:Voidling","floor":13,"turns":3},{"damage":12,"enemies":"Gremlin Nob","floor":14,"turns":3},{"damage":61,"enemies":"The Guardian","floor":16,"turns":7}],"seed_played":"-8436442707439362458","potions_obtained":[{"floor":5,"key":"LiquidMemories"},{"floor":5,"key":"ColorlessPotion"},{"floor":5,"key":"Energy Potion"}],"is_trial":false,"path_per_floor":["M","?","$","?","?","R","E","?","T","R","M","R","M","E","R","B"],"character_chosen":"THE_CASTER","items_purchased":["caster:Barbroot"],"campfire_rested":1,"item_purchase_floors":[3],"current_hp_per_floor":[64,64,64,64,48,48,48,48,48,48,47,64,64,56,56,0,0],"gold":947,"neow_bonus":"THREE_ENEMY_KILL","is_daily":false,"chose_seed":false,"campfire_upgraded":3,"win_rate":0.0,"timestamp":1610032669,"path_taken":["M","?","$","?","?","R","E","?","T","R","M","R","M","E","R","BOSS"],"items_purchased_type":["Card"],"build_version":"2020-12-22","purchased_purges":1,"victory":false,"max_hp_per_floor":[64,64,64,64,64,64,64,64,64,64,64,64,64,64,64,64,64],"card_choices":[{"not_picked":["caster:Elementalize","caster:DiablosFlame"],"picked":"caster:MagicWeapon","floor":1},{"not_picked":["caster:FireWall","caster:MagicResonance"],"picked":"caster:Susanoo","floor":5},{"not_picked":["caster:Embers","caster:ShivasGrace"],"picked":"caster:Sandstorm","floor":7},{"not_picked":["caster:Charge","caster:Accumulation"],"picked":"caster:JupitelThunder","floor":11},{"not_picked":["caster:Charge","caster:Fireball"],"picked":"caster:QuickCast","floor":13},{"not_picked":["caster:Cryogenesis","caster:DiablosFlame"],"picked":"caster:WallOfThorns","floor":14}],"player_experience":788069,"relics_obtained":[{"floor":7,"key":"InkBottle"},{"floor":9,"key":"trackpad:CultistFigurine"},{"floor":14,"key":"Bag of Marbles"}],"event_choices":[],"is_beta":false,"boss_relics":[],"items_purged_floors":[3],"is_endless":false,"potions_floor_spawned":[11,13,14],"killed_by":"The Guardian","ascension_level":0}}