{"host":"Kdaddybrian","time":1610054413,"event":{"mods":["AchievementEnabler","BaseMod","Bestiary","Colored Powertips","Minty Spire (QoL Compilation)","Potion Indicator Mod","Quick Restart","Rare Cards Sparkle","Relic Stats","StSLib","Uncapped"],"gold_per_floor":[110,122,137,153,167,184,216,228,276,351,351,383,348,359,359,460,460,471,471,483,483,483],"floor_reached":21,"playtime":840,"items_purged":[],"score":293,"play_id":"f1eedc28-d96f-4c67-bf62-05dbf4939d14","local_time":"20210107162013","is_ascension_mode":true,"campfire_choices":[{"floor":11,"key":"REST"},{"floor":15,"key":"REST"}],"circlet_count":0,"master_deck":["AscendersBane","Bash","Carnage","Shockwave","Spot Weakness","Headbutt","Inflame","Anger","Disarm","Disarm","True Grit","Double Tap","Reaper","Cleave","Entrench","Battle Trance","Dark Embrace","Sever Soul","Warcry","Bloodletting","Headbutt","Rampage","Shrug It Off+1","True Grit"],"relics":["Burning Blood","Nunchaku","StoneCalendar","Red Skull","Paper Frog","Pandora\u0027s Box","Nilry\u0027s Codex"],"acts_visited":["Exordium","TheCity"],"potions_floor_usage":[6,6,21],"damage_taken":[{"damage":4,"enemies":"Small Slimes","floor":1,"turns":4},{"damage":4,"enemies":"Jaw Worm","floor":2,"turns":3},{"damage":2,"enemies":"Cultist","floor":3,"turns":4},{"damage":7,"enemies":"Exordium Wildlife","floor":4,"turns":4},{"damage":11,"enemies":"Red Slaver","floor":5,"turns":3},{"damage":27,"enemies":"Exordium Thugs","floor":6,"turns":5},{"damage":23,"enemies":"Gremlin Nob","floor":7,"turns":4},{"damage":12,"enemies":"Exordium Wildlife","floor":8,"turns":4},{"damage":31,"enemies":"3 Sentries","floor":12,"turns":5},{"damage":18,"enemies":"Lots of Slimes","floor":14,"turns":4},{"damage":43,"enemies":"Slime Boss","floor":16,"turns":7},{"damage":17,"enemies":"3 Byrds","floor":18,"turns":4},{"damage":39,"enemies":"Spheric Guardian","floor":20,"turns":4},{"damage":35,"enemies":"Snecko","floor":21,"turns":4}],"seed_played":"-7735971745478167070","potions_obtained":[{"floor":1,"key":"Energy Potion"},{"floor":2,"key":"BlessingOfTheForge"},{"floor":6,"key":"BlessingOfTheForge"},{"floor":7,"key":"Strength Potion"},{"floor":16,"key":"BlessingOfTheForge"},{"floor":18,"key":"PowerPotion"}],"is_trial":false,"path_per_floor":["M","M","M","M","M","M","E","M","T","?","R","E","?","M","R","B",null,"M","?","M","M"],"character_chosen":"IRONCLAD","items_purchased":[],"campfire_rested":2,"item_purchase_floors":[],"current_hp_per_floor":[74,76,80,79,74,53,36,30,30,19,43,18,38,26,50,13,63,73,57,24,0,0],"gold":483,"neow_bonus":"RANDOM_COMMON_RELIC","is_daily":false,"chose_seed":false,"campfire_upgraded":0,"win_rate":0.0,"timestamp":1610054413,"path_taken":["M","M","M","M","M","M","E","M","T","?","R","E","?","M","R","BOSS","M","?","M","M"],"items_purchased_type":[],"build_version":"2020-12-18","purchased_purges":0,"victory":false,"max_hp_per_floor":[80,80,80,80,80,80,80,80,80,80,80,80,80,80,80,80,80,80,80,80,80,80],"relic_stats":{"Nunchaku":[8],"counters":[14,59],"StoneCalendar":[45],"Pandora\u0027s Box":["Cleave","Entrench","Battle Trance","Dark Embrace","Sever Soul","Warcry","Bloodletting","Headbutt","Rampage"],"obtain_stats":[{"Nunchaku":0,"Nilry\u0027s Codex":19,"StoneCalendar":7,"Pandora\u0027s Box":17,"Burning Blood":0,"Red Skull":9,"Paper Frog":12},{"Nunchaku":0,"Nilry\u0027s Codex":12,"StoneCalendar":7,"Pandora\u0027s Box":11,"Burning Blood":0,"Red Skull":8,"Paper Frog":9},{"Nunchaku":0,"Nilry\u0027s Codex":51,"StoneCalendar":27,"Pandora\u0027s Box":47,"Burning Blood":0,"Red Skull":31,"Paper Frog":36}],"Burning Blood":78},"card_choices":[{"not_picked":["Twin Strike","Iron Wave"],"picked":"Carnage","floor":1},{"not_picked":["Searing Blow","Fire Breathing"],"picked":"Shockwave","floor":2},{"not_picked":["Havoc","Anger"],"picked":"Spot Weakness","floor":3},{"not_picked":["Clothesline","Bloodletting"],"picked":"Headbutt","floor":4},{"not_picked":["Pommel Strike","Ghostly Armor"],"picked":"Inflame","floor":5},{"not_picked":["Armaments","Iron Wave"],"picked":"Anger","floor":6},{"not_picked":["Twin Strike","Thunderclap"],"picked":"Disarm","floor":7},{"not_picked":["Sever Soul","Iron Wave"],"picked":"Disarm","floor":8},{"not_picked":["Wild Strike","Dropkick"],"picked":"True Grit","floor":12},{"not_picked":["Heavy Blade","Iron Wave"],"picked":"Double Tap","floor":14},{"not_picked":["Feed","Corruption"],"picked":"Reaper","floor":16},{"not_picked":["Burning Pact","Armaments"],"picked":"Shrug It Off+1","floor":18},{"not_picked":["Wild Strike","Dropkick"],"picked":"True Grit","floor":20}],"player_experience":2941235,"relics_obtained":[{"floor":7,"key":"StoneCalendar"},{"floor":9,"key":"Red Skull"},{"floor":12,"key":"Paper Frog"},{"floor":19,"key":"Nilry\u0027s Codex"}],"event_choices":[{"damage_healed":0,"gold_gain":75,"player_choice":"Gather Gold","damage_taken":11,"max_hp_gain":0,"max_hp_loss":0,"event_name":"World of Goop","floor":10,"gold_loss":0},{"damage_healed":20,"gold_gain":0,"player_choice":"Healed","damage_taken":0,"max_hp_gain":0,"max_hp_loss":0,"event_name":"The Cleric","floor":13,"gold_loss":35},{"damage_healed":0,"gold_gain":0,"player_choice":"Obtained Book","damage_taken":16,"max_hp_gain":0,"max_hp_loss":0,"event_name":"Cursed Tome","floor":19,"gold_loss":0}],"is_beta":true,"boss_relics":[{"not_picked":["Empty Cage","Runic Dome"],"picked":"Pandora\u0027s Box"}],"items_purged_floors":[],"is_endless":false,"potions_floor_spawned":[1,2,6,7,16,18],"killed_by":"Snecko","ascension_level":10}}