{"host":"o5or1zybx7au40zl","time":1610054232,"event":{"mods":["Act Like it!","BaseMod","Better Third Choice","Conspire","Dota2Spire","Hubris","Minty Spire (QoL Compilation)","Replay The Spire","StSLib"],"gold_per_floor":[14,34,48,61,10,42,42,42,42,42,42,73,73,88,88,189,189,206,206,206,206,220,246,246,246,246],"floor_reached":25,"playtime":681,"items_purged":[],"score":254,"play_id":"06138dcb-a3bf-4f70-8d72-7d377ba0c193","local_time":"20210107221712","is_ascension_mode":false,"campfire_choices":[{"floor":7,"key":"RECALL"},{"floor":13,"key":"REST"},{"floor":24,"key":"REST"}],"circlet_count":0,"master_deck":["Strike_B","Strike_B","Strike_B","Defend_B","Defend_B","Defend_B","Defend_B","Zap","Dualcast","Conserve Battery","BasicCrystalCard","Self Repair","Stack","BasicCrystalCard","Consume","White Noise","Buffer","Crystallizer","Leap","Creative AI","ReplayTheSpireMod:Dual Polarity+1","Burst","Consume","hubris:Ukulele"],"relics":["Cracked Core","Bird Faced Urn","hubris:Icosahedron","Replay:Ringing Soul","Dota2Spire:RefresherOrb","Dota2Spire:BlackKingBar","Shovel"],"acts_visited":["Exordium","TheCity"],"potions_floor_usage":[6,16,23],"damage_taken":[{"damage":1,"enemies":"Cultist","floor":1,"turns":3},{"damage":6,"enemies":"Jaw Worm","floor":2,"turns":2},{"damage":0,"enemies":"2 Louse","floor":3,"turns":2},{"damage":0,"enemies":"Large Slime","floor":4,"turns":3},{"damage":20,"enemies":"3 Sentries","floor":6,"turns":6},{"damage":29,"enemies":"Lagavulin","floor":12,"turns":5},{"damage":1,"enemies":"Looter","floor":14,"turns":4},{"damage":49,"enemies":"The Guardian","floor":16,"turns":10},{"damage":25,"enemies":"Chosen","floor":18,"turns":5},{"damage":42,"enemies":"3 Byrds","floor":22,"turns":7},{"damage":56,"enemies":"Gremlin Leader","floor":23,"turns":10},{"damage":70,"enemies":"Slavers","floor":25,"turns":6}],"seed_played":"4927986270855007829","potions_obtained":[{"floor":1,"key":"Block Potion"},{"floor":3,"key":"LiquidMemories"},{"floor":4,"key":"Strength Potion"}],"is_trial":false,"path_per_floor":["M","M","M","M","$","E","R","?","T","?","?","E","R","M","R","B",null,"M","?","?","?","M","E","R","E"],"character_chosen":"DEFECT","items_purchased":["BasicCrystalCard"],"campfire_rested":2,"item_purchase_floors":[5],"current_hp_per_floor":[74,68,68,75,75,55,55,55,55,55,55,31,54,60,63,35,87,75,75,75,78,58,22,51,0,0],"gold":246,"neow_bonus":"THREE_RARE_CARDS","is_daily":false,"chose_seed":false,"campfire_upgraded":0,"win_rate":0.0,"timestamp":1610054232,"path_taken":["M","M","M","M","$","E","R","?","T","?","?","E","R","M","R","BOSS","M","?","?","?","?","E","R","E"],"items_purchased_type":["Card"],"build_version":"2020-12-22","purchased_purges":0,"victory":false,"max_hp_per_floor":[75,75,75,75,75,75,75,75,75,75,75,78,78,81,84,87,87,90,90,90,93,96,99,99,99,99],"card_choices":[{"not_picked":["Multi-Cast","Thunder Strike"],"picked":"ReplayTheSpireMod:Omega Cannon","floor":0},{"not_picked":["Streamline","ReplayTheSpireMod:Reroute Power"],"picked":"Conserve Battery","floor":1},{"not_picked":["Genetic Algorithm","Streamline"],"picked":"BasicCrystalCard","floor":2},{"not_picked":["Turbo","Gash"],"picked":"Self Repair","floor":3},{"not_picked":["Steam","Turbo"],"picked":"Stack","floor":4},{"not_picked":["Darkness","Panic Button"],"picked":"Consume","floor":6},{"not_picked":["Streamline","Recycle"],"picked":"Buffer","floor":12},{"not_picked":["Compile Driver","Steam"],"picked":"Crystallizer","floor":14},{"not_picked":["Machine Learning","Meteor Strike"],"picked":"Creative AI","floor":16},{"not_picked":["Beam Cell","BasicCrystalCard"],"picked":"ReplayTheSpireMod:Dual Polarity+1","floor":18},{"not_picked":["Steam","Redo+1"],"picked":"Consume","floor":22},{"not_picked":["Leap","Stack"],"picked":"hubris:Ukulele","floor":23}],"player_experience":928470,"relics_obtained":[{"floor":6,"key":"Bird Faced Urn"},{"floor":12,"key":"Replay:Ringing Soul"},{"floor":23,"key":"Shovel"}],"event_choices":[{"damage_healed":0,"gold_gain":0,"player_choice":"Leave","damage_taken":0,"max_hp_gain":0,"max_hp_loss":0,"event_name":"conspire:Investor","floor":8,"gold_loss":0},{"damage_healed":0,"gold_gain":0,"player_choice":"Ignored","damage_taken":0,"max_hp_gain":0,"max_hp_loss":0,"event_name":"Beggar","floor":20,"gold_loss":0},{"cards_removed":["ReplayTheSpireMod:Omega Cannon"],"damage_healed":0,"gold_gain":0,"player_choice":"Took Card","damage_taken":0,"max_hp_gain":0,"max_hp_loss":0,"event_name":"NoteForYourself","floor":21,"gold_loss":0,"cards_obtained":["Burst"]}],"is_beta":false,"boss_relics":[{"not_picked":["Abe\u0027s Treasure","hubris:VirtuousBlindfold"],"picked":"Dota2Spire:RefresherOrb"}],"items_purged_floors":[],"is_endless":false,"potions_floor_spawned":[1,3,4],"killed_by":"Slavers","ascension_level":0}}