{"host":"raaimkojny05jekw","time":1610041022,"event":{"mods":["AchievementEnabler","BaseMod","Colored Map","Colored Powertips","DeckTracker","Minty Spire (QoL Compilation)","Quick Restart","Rare Cards Sparkle","everything is the same but u backflip on backflip"],"gold_per_floor":[361,137,137,155,175,175,194,194,194,194,194,210,237,237,237,335,335,347,262,262,272,15,15,15,15,15,114,39,52,82,93,93,189,189,199,26,0,0,17,50,50,79,160,50,50,62,77,108,108,108],"floor_reached":51,"playtime":1749,"items_purged":["Strike_R","Strike_R","Strike_R"],"score":914,"play_id":"15010b4c-0134-4bbf-86fd-81a557d742cc","local_time":"20210108023702","is_ascension_mode":true,"campfire_choices":[{"data":"Havoc","floor":6,"key":"SMITH"},{"data":"Pommel Strike","floor":11,"key":"SMITH"},{"data":"Corruption","floor":15,"key":"SMITH"},{"data":"Flex","floor":23,"key":"SMITH"},{"data":"Dark Embrace","floor":25,"key":"SMITH"},{"data":"Limit Break","floor":32,"key":"SMITH"},{"data":"Bludgeon","floor":41,"key":"SMITH"},{"data":"Inflame","floor":45,"key":"SMITH"},{"data":"Shockwave","floor":49,"key":"SMITH"}],"circlet_count":0,"master_deck":["Strike_R","Strike_R","Defend_R","Defend_R","Defend_R+1","Bash+1","Clash","Flame Barrier","Havoc+1","Bloodletting+1","Pommel Strike+1","Corruption+1","Flex+1","Limit Break+1","Necronomicurse","Dropkick+1","Shrug It Off","Dark Embrace+1","Burning Pact","Sword Boomerang","Warcry+1","Bludgeon+1","Inflame+1","Intimidate+1","Body Slam+1","Shrug It Off+1","Shockwave+1","Inflame","Dual Wield+1"],"relics":["Burning Blood","ClockworkSouvenir","Kunai","Mummified Hand","Coffee Dripper","Unceasing Top","Necronomicon","Strange Spoon","Letter Opener","Paper Frog","Sozu","Red Mask","Torii","Smiling Mask","Anchor","The Courier","Dead Branch"],"acts_visited":["Exordium","TheCity","TheBeyond"],"potions_floor_usage":[13,16,29,30,33],"damage_taken":[{"damage":2,"enemies":"2 Louse","floor":1,"turns":3},{"damage":0,"enemies":"Jaw Worm","floor":4,"turns":3},{"damage":3,"enemies":"Small Slimes","floor":5,"turns":3},{"damage":4,"enemies":"Exordium Wildlife","floor":7,"turns":3},{"damage":3,"enemies":"2 Fungi Beasts","floor":12,"turns":2},{"damage":12,"enemies":"Lagavulin","floor":13,"turns":6},{"damage":31,"enemies":"The Guardian","floor":16,"turns":7},{"damage":14,"enemies":"Spheric Guardian","floor":18,"turns":3},{"damage":23,"enemies":"Shell Parasite","floor":21,"turns":3},{"damage":4,"enemies":"Cultist and Chosen","floor":29,"turns":3},{"damage":11,"enemies":"Book of Stabbing","floor":30,"turns":4},{"damage":8,"enemies":"3 Cultists","floor":31,"turns":5},{"damage":10,"enemies":"Automaton","floor":33,"turns":6},{"damage":3,"enemies":"Orb Walker","floor":35,"turns":2},{"damage":12,"enemies":"3 Shapes","floor":39,"turns":3},{"damage":10,"enemies":"Nemesis","floor":40,"turns":5},{"damage":68,"enemies":"Reptomancer","floor":42,"turns":6},{"damage":3,"enemies":"3 Darklings","floor":46,"turns":3},{"damage":0,"enemies":"Transient","floor":47,"turns":5},{"damage":0,"enemies":"Nemesis","floor":48,"turns":3},{"damage":24,"enemies":"Awakened One","floor":50,"turns":6}],"seed_played":"-4266188386451945639","potions_obtained":[{"floor":4,"key":"BlessingOfTheForge"},{"floor":13,"key":"Fruit Juice"},{"floor":16,"key":"Ancient Potion"},{"floor":21,"key":"Swift Potion"},{"floor":30,"key":"DistilledChaos"}],"is_trial":false,"path_per_floor":["M","$","?","M","M","R","M","?","T","?","R","M","E","?","R","B",null,"M","?","?","M","$","R","$","R","T","?","$","M","E","M","R","B",null,"M","$","?","T","M","E","R","E","T","$","R","M","M","E","R","B",null],"character_chosen":"IRONCLAD","items_purchased":["ClockworkSouvenir","Flame Barrier","Strange Spoon","Shrug It Off","Dark Embrace","Inflame","Shockwave"],"campfire_rested":0,"item_purchase_floors":[2,2,22,22,22,36,44],"current_hp_per_floor":[60,60,53,59,62,62,64,64,64,48,48,51,50,55,55,30,90,82,82,66,49,49,49,49,49,49,49,49,51,46,44,44,40,90,90,90,90,90,84,80,80,18,18,18,18,21,27,33,33,15],"gold":108,"neow_bonus":"TWO_FIFTY_GOLD","is_daily":false,"chose_seed":false,"campfire_upgraded":9,"win_rate":0.0,"timestamp":1610041022,"path_taken":["M","$","?","M","M","R","M","?","T","?","R","M","E","?","R","BOSS","M","?","?","M","?","R","$","R","T","?","$","M","E","?","R","BOSS","M","$","?","?","?","E","R","E","T","$","R","M","?","E","R","BOSS"],"items_purchased_type":["Relic","Card","Relic","Card","Card","Card","Card"],"build_version":"2020-12-22","purchased_purges":3,"victory":true,"max_hp_per_floor":[80,80,80,80,80,80,80,80,80,80,80,80,85,90,90,90,90,90,90,90,90,90,90,90,90,90,90,90,90,90,90,90,90,90,90,90,90,90,90,90,90,90,90,90,90,90,90,90,90,90],"card_choices":[{"not_picked":["Body Slam","Wild Strike"],"picked":"Clash","floor":1},{"not_picked":["Clash","Warcry"],"picked":"Havoc","floor":4},{"not_picked":["Wild Strike","Heavy Blade"],"picked":"Bloodletting","floor":5},{"not_picked":["Iron Wave","Dark Embrace"],"picked":"Pommel Strike","floor":7},{"not_picked":["Sword Boomerang","Searing Blow"],"picked":"Corruption","floor":12},{"not_picked":["Blood for Blood","Seeing Red"],"picked":"Flex","floor":13},{"not_picked":["Impervious","Offering"],"picked":"Limit Break","floor":16},{"not_picked":["Cleave","Body Slam","Havoc"],"picked":"SKIP","floor":18},{"not_picked":["Iron Wave","Havoc"],"picked":"Dropkick+1","floor":21},{"not_picked":["Evolve","Infernal Blade"],"picked":"Burning Pact","floor":29},{"not_picked":["Armaments+1","Headbutt+1"],"picked":"Sword Boomerang","floor":30},{"not_picked":["Pummel","Shrug It Off"],"picked":"Warcry+1","floor":31},{"not_picked":["Impervious","Immolate"],"picked":"Bludgeon","floor":33},{"not_picked":["Intimidate","Anger","Body Slam"],"picked":"SKIP","floor":35},{"not_picked":["Wild Strike","Dark Embrace"],"picked":"Intimidate+1","floor":39},{"not_picked":["True Grit","Havoc"],"picked":"Body Slam+1","floor":40},{"not_picked":["Spot Weakness","Perfected Strike"],"picked":"Shrug It Off+1","floor":42},{"not_picked":["Havoc","Uppercut"],"picked":"Inflame","floor":46},{"not_picked":["Cleave+1","Twin Strike"],"picked":"Dual Wield+1","floor":47},{"not_picked":["Intimidate+1","Wild Strike","Shrug It Off+1"],"picked":"SKIP","floor":48}],"player_experience":735577,"relics_obtained":[{"floor":9,"key":"Kunai"},{"floor":13,"key":"Mummified Hand"},{"floor":20,"key":"Necronomicon"},{"floor":26,"key":"Letter Opener"},{"floor":30,"key":"Paper Frog"},{"floor":38,"key":"Torii"},{"floor":40,"key":"Smiling Mask"},{"floor":42,"key":"Anchor"},{"floor":43,"key":"The Courier"},{"floor":48,"key":"Dead Branch"}],"event_choices":[{"cards_removed":["Defend_R"],"damage_healed":0,"gold_gain":0,"player_choice":"Card Removal","damage_taken":7,"max_hp_gain":0,"max_hp_loss":0,"event_name":"Golden Wing","floor":3,"gold_loss":0},{"damage_healed":0,"gold_gain":0,"player_choice":"Grow","damage_taken":0,"max_hp_gain":0,"max_hp_loss":0,"event_name":"Living Wall","floor":8,"gold_loss":0,"cards_upgraded":["Bash"]},{"damage_healed":0,"gold_gain":0,"player_choice":"Entered Light","damage_taken":16,"max_hp_gain":0,"max_hp_loss":0,"event_name":"Shining Light","floor":10,"gold_loss":0,"cards_upgraded":["Bloodletting","Defend_R"]},{"damage_healed":0,"gold_gain":0,"player_choice":"Donut","damage_taken":0,"max_hp_gain":5,"max_hp_loss":0,"event_name":"Big Fish","floor":14,"gold_loss":0},{"damage_healed":0,"gold_gain":0,"player_choice":"Obtained Relic","damage_taken":0,"relics_obtained":["Unceasing Top"],"max_hp_gain":0,"max_hp_loss":0,"event_name":"Addict","floor":19,"gold_loss":85},{"damage_healed":0,"gold_gain":0,"player_choice":"Obtained Book","damage_taken":16,"max_hp_gain":0,"max_hp_loss":0,"event_name":"Cursed Tome","floor":20,"gold_loss":0},{"damage_healed":0,"gold_gain":99,"player_choice":"Stole From Cult","damage_taken":0,"max_hp_gain":0,"max_hp_loss":0,"event_name":"Nest","floor":27,"gold_loss":0},{"damage_healed":0,"gold_gain":0,"player_choice":"Paid","damage_taken":0,"relics_obtained":["Red Mask"],"max_hp_gain":0,"max_hp_loss":0,"event_name":"Tomb of Lord Red Mask","floor":37,"gold_loss":26}],"is_beta":false,"boss_relics":[{"not_picked":["Astrolabe","Snecko Eye"],"picked":"Coffee Dripper"},{"not_picked":["Black Star","Empty Cage"],"picked":"Sozu"}],"items_purged_floors":[28,36,44],"is_endless":false,"potions_floor_spawned":[4,13,16,21,30,40,42,48],"ascension_level":3}}