{"host":"kabf61oc9jgfwufg","time":1610055556,"event":{"mods":["AchievementEnabler","Act Like it!","Aspiration","BaseMod","Conspire","GifTheSpireLib","Halation","HexUI Lib","Hubris","Infinite Spire","Melee Mod","Minty Spire (QoL Compilation)","Quick Restart","Rare Cards Sparkle","Replay The Spire","Shop Mod","StSLib","Waifu the Spire"],"gold_per_floor":[113,188,236,251,176,176,202,219,289,316,326,326,326,343,343,445,445,426,341,341,341,352,352,371,406,431,462,488,488,488],"floor_reached":29,"playtime":1023,"items_purged":["Defend_R"],"score":326,"play_id":"270be49f-e8e9-45e0-945a-b3f01f18e74f","local_time":"20210107213916","is_ascension_mode":true,"campfire_choices":[{"data":"Perfected Strike","floor":6,"key":"SMITH"},{"floor":13,"key":"REST"},{"data":"Armaments","floor":15,"key":"SMITH"},{"floor":23,"key":"REST"}],"circlet_count":0,"master_deck":["Strike_R","Strike_R","Strike_R","Strike_R","Strike_R","Defend_R","Defend_R","Defend_R","Bash+1","Armaments+1","Perfected Strike+1","Battle Trance","Brutality","Armaments+1","Reaper","Hemokinesis+1","Sword Boomerang+1","Thunderclap","Rampage"],"relics":["Burning Blood","hubris:SlimyHat","aspiration:TomeofQuesting","aspiration:FetidBarrel","Replay:Wax Seal","hubris:RunicObelisk","Iron Hammer","hubris:Towel","Anchor","Bronze Scales","hubris:ToyBattleship","Smiling Mask"],"acts_visited":["Exordium","TheCity"],"potions_floor_usage":[16,25,29],"damage_taken":[{"damage":0,"enemies":"2 Louse","floor":1,"turns":3},{"damage":2,"enemies":"Jaw Worm","floor":4,"turns":5},{"damage":30,"enemies":"3 Sentries","floor":7,"turns":8},{"damage":0,"enemies":"Cultist","floor":8,"turns":3},{"damage":27,"enemies":"Gremlin Nob","floor":10,"turns":4},{"damage":12,"enemies":"Exordium Wildlife","floor":11,"turns":4},{"damage":8,"enemies":"Exordium Thugs","floor":14,"turns":4},{"damage":13,"enemies":"Slime Boss","floor":16,"turns":8},{"damage":29,"enemies":"2 Thieves","floor":18,"turns":4},{"damage":51,"enemies":"3 Byrds","floor":22,"turns":8},{"damage":24,"enemies":"Snake Plant","floor":24,"turns":3},{"damage":8,"enemies":"Gremlin Leader","floor":25,"turns":4},{"damage":16,"enemies":"Replay:Snechameleon","floor":27,"turns":3},{"damage":30,"enemies":"Sentry and Sphere","floor":29,"turns":3}],"seed_played":"695782611743273604","potions_obtained":[{"floor":8,"key":"Energy Potion"},{"floor":10,"key":"DistilledChaos"},{"floor":14,"key":"BloodPotion"},{"floor":16,"key":"SkillPotion"}],"is_trial":false,"path_per_floor":["M","?","T","M","$","R","E","M","T","E","M","?","R","M","R","B",null,"M","?","?","?","M","R","M","E","T","E","T","M"],"character_chosen":"IRONCLAD","items_purchased":[],"campfire_rested":2,"item_purchase_floors":[],"current_hp_per_floor":[80,69,69,73,73,73,49,55,55,34,28,28,52,50,50,59,80,63,63,63,63,24,48,30,40,40,30,30,0,0],"gold":488,"neow_bonus":"UPGRADE_CARD","is_daily":false,"chose_seed":false,"campfire_upgraded":2,"win_rate":0.0,"timestamp":1610055556,"path_taken":["M","?","?","M","$","R","E","?","T","E","M","?","R","M","R","BOSS","M","?","?","?","?","R","M","E","T","E","?","M"],"items_purchased_type":[],"build_version":"2020-12-22","purchased_purges":1,"victory":false,"max_hp_per_floor":[80,80,80,80,80,80,80,80,80,80,80,80,80,80,80,80,80,80,80,80,80,80,80,80,80,80,80,80,80,80],"card_choices":[{"not_picked":["Warcry","Flex"],"picked":"Armaments","floor":1},{"not_picked":["Inflame","Body Slam"],"picked":"Perfected Strike","floor":4},{"not_picked":["ReplayReversal","Fire Breathing"],"picked":"Battle Trance","floor":7},{"not_picked":["Sword Boomerang","Body Slam","Replay:Undeath\u0027s Touch"],"picked":"SKIP","floor":8},{"not_picked":["Clash","ReplayTheSpireMod:Strike From Hell"],"picked":"Brutality","floor":10},{"not_picked":["Run Through","Cleave"],"picked":"Armaments","floor":11},{"not_picked":["Run Through","Anger","Replay:Undeath\u0027s Touch"],"picked":"SKIP","floor":14},{"not_picked":["Fiend Fire","Impervious"],"picked":"Reaper","floor":16},{"not_picked":["hubris:ReadiedAction","Entrench+1","Power Through"],"picked":"SKIP","floor":18},{"not_picked":["Bloodletting+1","hubris:SharpeningStone+1"],"picked":"Hemokinesis+1","floor":22},{"not_picked":["True Grit","Replay:Undeath\u0027s Touch"],"picked":"Sword Boomerang+1","floor":24},{"not_picked":["Heavy Blade","Warcry"],"picked":"Thunderclap","floor":25},{"not_picked":["Run Through","ReplayTheSpireMod:Limb From Limb"],"picked":"Rampage","floor":27}],"player_experience":79763,"relics_obtained":[{"floor":3,"key":"hubris:SlimyHat"},{"floor":7,"key":"aspiration:TomeofQuesting"},{"floor":9,"key":"aspiration:FetidBarrel"},{"floor":10,"key":"Replay:Wax Seal"},{"floor":25,"key":"Anchor"},{"floor":26,"key":"Bronze Scales"},{"floor":27,"key":"hubris:ToyBattleship"},{"floor":28,"key":"Smiling Mask"}],"event_choices":[{"damage_healed":0,"gold_gain":75,"player_choice":"Gather Gold","damage_taken":11,"max_hp_gain":0,"max_hp_loss":0,"event_name":"World of Goop","floor":2,"gold_loss":0},{"damage_healed":0,"gold_gain":0,"player_choice":"Upgraded","damage_taken":0,"max_hp_gain":0,"max_hp_loss":0,"event_name":"Upgrade Shrine","floor":12,"gold_loss":0,"cards_upgraded":["Armaments"]},{"damage_healed":0,"gold_gain":0,"player_choice":"Obtained Relic","damage_taken":0,"relics_obtained":["Iron Hammer"],"max_hp_gain":0,"max_hp_loss":0,"event_name":"Addict","floor":19,"gold_loss":85}],"is_beta":false,"boss_relics":[{"not_picked":["halation:MonkeysPaw","halation:HeavySnake"],"picked":"hubris:RunicObelisk"}],"items_purged_floors":[5],"is_endless":false,"potions_floor_spawned":[8,10,14,16,24,25],"killed_by":"Sentry and Sphere","ascension_level":2}}