{"host":"u7lm8z2rvb4dg2oo","time":1610055438,"event":{"mods":["AchievementEnabler","BaseMod","Colored Map","Colored Powertips","Curses Come First","Googly Eyes","Highlight Path","Minty Spire (QoL Compilation)","Quick Restart","StSLib"],"gold_per_floor":[110,123,136,152,171,171,198,210,284,312,312,330,330,355,355,355,355],"floor_reached":16,"playtime":672,"items_purged":[],"score":182,"play_id":"1ade7a46-4bad-4a5b-a932-030229bda1e1","local_time":"20210107163718","is_ascension_mode":true,"campfire_choices":[{"data":"Devotion","floor":6.0,"key":"SMITH"},{"floor":11.0,"key":"REST"},{"floor":15,"key":"REST"}],"circlet_count":0,"master_deck":["AscendersBane","Strike_P","Strike_P","Strike_P+1","Strike_P+1","Defend_P","Defend_P","Defend_P","Defend_P","Eruption","Vigilance","Devotion+1","CutThroughFate","Conclude","Fasting2","Tantrum","SpiritShield"],"relics":["PureWater","Turnip","Kunai","Whetstone","Shovel","Akabeko"],"acts_visited":["Exordium"],"potions_floor_usage":[12],"damage_taken":[{"damage":0.0,"enemies":"Cultist","floor":1.0,"turns":4.0},{"damage":7.0,"enemies":"Small Slimes","floor":2.0,"turns":5.0},{"damage":2.0,"enemies":"Jaw Worm","floor":3.0,"turns":4.0},{"damage":4.0,"enemies":"2 Fungi Beasts","floor":4.0,"turns":3.0},{"damage":14.0,"enemies":"Exordium Wildlife","floor":5.0,"turns":3.0},{"damage":10.0,"enemies":"Gremlin Nob","floor":7.0,"turns":3.0},{"damage":1.0,"enemies":"Looter","floor":8.0,"turns":4.0},{"damage":17.0,"enemies":"Lagavulin","floor":10.0,"turns":7.0},{"damage":8,"enemies":"Blue Slaver","floor":12,"turns":4},{"damage":35,"enemies":"The Guardian","floor":16,"turns":5}],"seed_played":"-3936929156782858409","potions_obtained":[{"floor":2.0,"key":"Explosive Potion"},{"floor":5.0,"key":"SneckoOil"},{"floor":7.0,"key":"AttackPotion"},{"floor":10.0,"key":"Ancient Potion"},{"floor":12,"key":"Explosive Potion"}],"is_trial":false,"path_per_floor":["M","M","M","M","M","R","E","M","T","E","R","M","?","T","R","B"],"character_chosen":"WATCHER","items_purchased":[],"campfire_rested":2,"item_purchase_floors":[],"current_hp_per_floor":[65,58,56,52,38,38,28,27,27,10,31,23,5,5,26,0,0],"gold":355,"neow_bonus":"ONE_RANDOM_RARE_CARD","is_daily":false,"chose_seed":false,"campfire_upgraded":1,"win_rate":0.0,"timestamp":1610055438,"path_taken":["M","M","M","?","?","R","E","M","T","E","R","M","?","?","R","BOSS"],"items_purchased_type":[],"build_version":"2020-12-22","purchased_purges":0,"victory":false,"max_hp_per_floor":[72,72,72,72,72,72,72,72,72,72,72,72,72,72,72,72,72],"card_choices":[{"not_picked":["EmptyBody","WreathOfFlame"],"picked":"CutThroughFate","floor":1.0},{"not_picked":["InnerPeace","Consecrate"],"picked":"Conclude","floor":2.0},{"not_picked":["Perseverance","Consecrate"],"picked":"Fasting2","floor":3.0},{"not_picked":["WaveOfTheHand","ForeignInfluence","CrushJoints"],"picked":"SKIP","floor":4.0},{"not_picked":["EmptyBody","WaveOfTheHand"],"picked":"Tantrum","floor":5.0},{"not_picked":["Halt","ClearTheMind"],"picked":"SpiritShield","floor":7.0},{"not_picked":["DeceiveReality","Evaluate","Conclude"],"picked":"SKIP","floor":8.0},{"not_picked":["ClearTheMind","FollowUp","EmptyBody"],"picked":"SKIP","floor":10.0},{"not_picked":["Adaptation","Devotion","Halt"],"picked":"SKIP","floor":12}],"player_experience":1119326,"relics_obtained":[{"floor":7.0,"key":"Turnip"},{"floor":9.0,"key":"Kunai"},{"floor":10.0,"key":"Whetstone"},{"floor":14,"key":"Akabeko"}],"event_choices":[{"damage_healed":0,"gold_gain":0,"player_choice":"Success","damage_taken":18,"relics_obtained":["Shovel"],"max_hp_gain":0,"max_hp_loss":0,"event_name":"Scrap Ooze","floor":13,"gold_loss":0}],"is_beta":false,"boss_relics":[],"items_purged_floors":[],"is_endless":false,"potions_floor_spawned":[2,5,7,10,12],"killed_by":"The Guardian","ascension_level":12}}