{"host":"qa029bqsloh3rj2z","time":1610005777,"event":{"mods":["AchievementEnabler","BaseMod","Colored Powertips","DeckTracker","Minty Spire (QoL Compilation)","Permanent Neow","Waifu the Spire"],"gold_per_floor":[116,134,134,150,150,150,178,189,213,232,232,232,232,249,249,344,344,357,368,283,134,134,134,161,161,161,186,86,86,97,22,22,22,22],"floor_reached":33,"playtime":1791,"items_purged":["Strike_R","Defend_R"],"score":283,"play_id":"04c50e6f-d7c4-468c-a259-35419fbc07e8","local_time":"20210107024937","is_ascension_mode":false,"campfire_choices":[{"data":"Bash","floor":6,"key":"SMITH"},{"floor":12,"key":"REST"},{"floor":15,"key":"REST"},{"floor":23,"key":"REST"},{"floor":25,"key":"REST"},{"floor":32,"key":"REST"}],"circlet_count":0,"master_deck":["Strike_R+1","Strike_R+1","Defend_R","Defend_R+1","Bash+1","Shrug It Off+1","Dropkick"],"relics":["Burning Blood","Happy Flower","Pen Nib","Sozu","Dream Catcher","Boot","Whetstone","Juzu Bracelet","MealTicket"],"acts_visited":["Exordium","TheCity"],"potions_floor_usage":[16,16,16,24],"damage_taken":[{"damage":7,"enemies":"Small Slimes","floor":1,"turns":4},{"damage":1,"enemies":"Jaw Worm","floor":2,"turns":5},{"damage":6,"enemies":"Cultist","floor":4,"turns":3},{"damage":41,"enemies":"Gremlin Nob","floor":7,"turns":5},{"damage":29,"enemies":"3 Louse","floor":8,"turns":5},{"damage":4,"enemies":"Looter","floor":10,"turns":4},{"damage":2,"enemies":"2 Fungi Beasts","floor":14,"turns":4},{"damage":56,"enemies":"Slime Boss","floor":16,"turns":18},{"damage":22,"enemies":"Spheric Guardian","floor":18,"turns":6},{"damage":0,"enemies":"Chosen","floor":19,"turns":4},{"damage":58,"enemies":"Gremlin Leader","floor":24,"turns":5},{"damage":40,"enemies":"Slavers","floor":27,"turns":8},{"damage":9,"enemies":"Centurion and Healer","floor":30,"turns":5},{"damage":50,"enemies":"Champ","floor":33,"turns":9}],"seed_played":"-5516888198693130641","potions_obtained":[{"floor":2,"key":"PowerPotion"},{"floor":8,"key":"AttackPotion"},{"floor":10,"key":"Fruit Juice"},{"floor":16,"key":"Energy Potion"}],"is_trial":false,"path_per_floor":["M","M","$","M","?","R","E","M","T","M","?","R","?","M","R","B",null,"M","M","?","$","?","R","E","R","T","E","$","?","M","?","R","B"],"character_chosen":"IRONCLAD","items_purchased":["Dropkick"],"campfire_rested":5,"item_purchase_floors":[21],"current_hp_per_floor":[79,80,80,80,73,73,38,15,15,17,1,25,25,29,53,8,85,69,75,75,75,75,85,33,58,58,24,24,24,21,21,46,0,0],"gold":22,"neow_bonus":"REMOVE_CARD","is_daily":false,"chose_seed":false,"campfire_upgraded":1,"win_rate":0.0,"timestamp":1610005777,"path_taken":["M","M","$","M","?","R","E","M","T","M","?","R","?","M","R","BOSS","M","M","?","$","?","R","E","R","T","E","$","?","M","?","R","BOSS"],"items_purchased_type":["Card"],"build_version":"2020-12-22","purchased_purges":2,"victory":false,"max_hp_per_floor":[80,80,80,80,80,80,80,80,80,80,80,80,80,80,80,85,85,85,85,85,85,85,85,85,85,85,85,85,85,85,85,85,85,85],"card_choices":[{"not_picked":["Twin Strike","Rampage","Uppercut"],"picked":"SKIP","floor":1},{"not_picked":["Entrench","Anger","Thunderclap"],"picked":"SKIP","floor":2},{"not_picked":["Headbutt","Perfected Strike","Body Slam"],"picked":"SKIP","floor":4},{"not_picked":["Armaments","Clothesline"],"picked":"Shrug It Off","floor":7},{"not_picked":["Reckless Charge","True Grit","Clothesline"],"picked":"SKIP","floor":8},{"not_picked":["Heavy Blade","Thunderclap","Seeing Red"],"picked":"SKIP","floor":10},{"not_picked":["Dual Wield","Warcry","Carnage"],"picked":"SKIP","floor":14},{"not_picked":["Thunderclap+1","Anger","Pommel Strike+1"],"picked":"SKIP","floor":18},{"not_picked":["Inflame","Headbutt","Iron Wave"],"picked":"SKIP","floor":19},{"not_picked":["Shockwave","Immolate","Bloodletting"],"picked":"SKIP","floor":24},{"not_picked":["Flame Barrier","Anger","Headbutt+1"],"picked":"SKIP","floor":27},{"not_picked":["Wild Strike+1","Thunderclap","Cleave+1"],"picked":"SKIP","floor":30}],"player_experience":29687,"relics_obtained":[{"floor":7,"key":"Happy Flower"},{"floor":9,"key":"Pen Nib"},{"floor":24,"key":"Boot"},{"floor":26,"key":"Whetstone"},{"floor":27,"key":"Juzu Bracelet"}],"event_choices":[{"cards_removed":["Strike_R"],"damage_healed":0,"gold_gain":0,"player_choice":"Card Removal","damage_taken":7,"max_hp_gain":0,"max_hp_loss":0,"event_name":"Golden Wing","floor":5,"gold_loss":0},{"damage_healed":0,"gold_gain":0,"player_choice":"Entered Light","damage_taken":16,"max_hp_gain":0,"max_hp_loss":0,"event_name":"Shining Light","floor":11,"gold_loss":0,"cards_upgraded":["Shrug It Off","Defend_R"]},{"cards_removed":["Strike_R"],"damage_healed":0,"gold_gain":0,"player_choice":"Purged","damage_taken":0,"max_hp_gain":0,"max_hp_loss":0,"event_name":"Purifier","floor":13,"gold_loss":0},{"damage_healed":0,"gold_gain":0,"player_choice":"Obtained Relic","damage_taken":0,"relics_obtained":["Dream Catcher"],"max_hp_gain":0,"max_hp_loss":0,"event_name":"Addict","floor":20,"gold_loss":85},{"damage_healed":0,"gold_gain":0,"player_choice":"Ignored","damage_taken":0,"max_hp_gain":0,"max_hp_loss":0,"event_name":"The Mausoleum","floor":22,"gold_loss":0},{"damage_healed":0,"gold_gain":0,"player_choice":"Ignored","damage_taken":0,"max_hp_gain":0,"max_hp_loss":0,"event_name":"Vampires","floor":29,"gold_loss":0},{"damage_healed":0,"gold_gain":0,"player_choice":"Paid Gold","damage_taken":0,"relics_obtained":["MealTicket"],"max_hp_gain":0,"max_hp_loss":0,"event_name":"WeMeetAgain","floor":31,"gold_loss":75}],"is_beta":false,"boss_relics":[{"not_picked":["Runic Pyramid","Coffee Dripper"],"picked":"Sozu"}],"items_purged_floors":[21,28],"is_endless":false,"potions_floor_spawned":[2,8,10,16,24,27],"killed_by":"Champ","ascension_level":0}}