{"host":"5f3w3xqo483bhjcu","time":1610016261,"event":{"mods":["Act Like it!","BaseMod","Koishi","Marisa£®ÏF”Í°°ƒß¿Ì…≥£©","Minty Spire (QoL Compilation)","Reimu£®≤©¿ˆ¡È√Œ£©","Remilia£®¿Ÿ√◊¿Ú—«£©","StSLib","Waifu the Spire","WarShipGirlsR/’ΩΩ¢…Ÿ≈ÆR mod","Yakumo Yukari mod","Youmu£®ªÍ∆«—˝√Œ£©","Yuyuko","°æ“≈ŒÔø®≈∆°øREMEMod"],"gold_per_floor":[110,128,138,41,41,72,83,114,114,145,155,155,155,184,184,262,262,272,172,132,209,220,220,248,248,320,320,235,235,235,252,252,252,252],"floor_reached":33,"playtime":1394,"items_purged":["Defend_R","Strike_R"],"score":464,"play_id":"6fa441fc-d4f0-467b-ae65-871e833f1e33","local_time":"20210107184421","is_ascension_mode":true,"campfire_choices":[{"data":"Flex","floor":12.0,"key":"SMITH"},{"floor":15.0,"key":"REST"},{"data":"ZunPunch:ReiMu","floor":23,"key":"SMITH"},{"data":"Heavy Blade","floor":25,"key":"SMITH"},{"data":"Inflame","floor":27,"key":"SMITH"},{"data":"Twin Strike","floor":29,"key":"SMITH"},{"data":"Pummel","floor":32,"key":"SMITH"}],"circlet_count":0,"master_deck":["AscendersBane","Strike_R","Strike_R","Strike_R","Defend_R","Defend_R","Defend_R","Bash","Headbutt","Ghostly Armor","Twin Strike+1","Disarm","Seeing Red","Flex+1","Inflame+1","Flex","REME_TheLastStrike","CurseOfTheBell","ZunPunch:ReiMu+1","Battle Trance","Heavy Blade+1","Pummel+1","Double Tap"],"relics":["Burning Blood","REME_ComplimentaryCards","NeowsBlessing","Mastiff:ReiMu","REME_IWantAll","CaptainsWheel","Singing Bowl","Odd Mushroom","Calling Bell","MealTicket","Gremlin Horn","Torii","Letter Opener","Ice Cream","Frozen Egg 2","HornCleat"],"acts_visited":["Exordium","TheCity"],"potions_floor_usage":[],"damage_taken":[{"damage":0.0,"enemies":"Cultist","floor":1.0,"turns":1.0},{"damage":0.0,"enemies":"Small Slimes","floor":2.0,"turns":1.0},{"damage":0.0,"enemies":"Jaw Worm","floor":3.0,"turns":1.0},{"damage":24.0,"enemies":"Gremlin Nob","floor":6.0,"turns":5.0},{"damage":2.0,"enemies":"2 Fungi Beasts","floor":7.0,"turns":4.0},{"damage":38.0,"enemies":"3 Sentries","floor":8.0,"turns":8.0},{"damage":15.0,"enemies":"Lagavulin","floor":10.0,"turns":6.0},{"damage":18.0,"enemies":"Exordium Wildlife","floor":11.0,"turns":5.0},{"damage":26.0,"enemies":"The Mushroom Lair","floor":14.0,"turns":5.0},{"damage":21,"enemies":"Slime Boss","floor":16,"turns":12},{"damage":25,"enemies":"3 Byrds","floor":18,"turns":6},{"damage":11,"enemies":"Spheric Guardian","floor":22,"turns":3},{"damage":28,"enemies":"REME_1_Revenger","floor":24,"turns":4},{"damage":0,"enemies":"3 Cultists","floor":31,"turns":4},{"damage":62,"enemies":"Champ","floor":33,"turns":8}],"seed_played":"-3790491419973433434","potions_obtained":[{"floor":2.0,"key":"DuplicationPotion"},{"floor":3.0,"key":"DistilledChaos"},{"floor":10.0,"key":"BloodPotion"},{"floor":11.0,"key":"AttackPotion"}],"is_trial":false,"path_per_floor":["M","M","M","$","?","E","M","E","T","E","M","R","?","?","R","B",null,"M","$","?","T","M","R","E","R","T","R","?","R","?","M","R","B"],"character_chosen":"IRONCLAD","items_purchased":["Twin Strike"],"campfire_rested":1,"item_purchase_floors":[4],"current_hp_per_floor":[78,80,80,80,80,62,66,34,34,25,31,31,31,13,38,23,69,52,67,67,67,62,62,40,40,40,40,40,40,40,46,46,0,0],"gold":252,"neow_bonus":"THREE_ENEMY_KILL","is_daily":false,"chose_seed":false,"campfire_upgraded":6,"win_rate":0.0,"timestamp":1610016261,"path_taken":["M","?","M","$","?","E","M","E","T","E","M","R","?","?","R","BOSS","M","$","?","?","M","R","E","R","T","R","?","R","?","?","R","BOSS"],"items_purchased_type":["Card"],"build_version":"2020-12-22","purchased_purges":2,"victory":false,"max_hp_per_floor":[80,80,80,80,80,80,80,80,80,80,82,82,82,84,84,84,84,86,86,86,86,86,86,86,86,86,86,86,86,86,86,86,86,86],"card_choices":[{"not_picked":["Heavy Blade","Clash"],"picked":"Headbutt","floor":1.0},{"not_picked":["Sentinel","Iron Wave"],"picked":"Ghostly Armor","floor":2.0},{"not_picked":["Clothesline","Clash","Havoc"],"picked":"SKIP","floor":3.0},{"not_picked":["Havoc","Whirlwind"],"picked":"Seeing Red","floor":6.0},{"not_picked":["True Grit","Headbutt"],"picked":"Flex","floor":7.0},{"not_picked":["Perfected Strike","Rupture"],"picked":"Inflame","floor":8.0},{"not_picked":["Flame Barrier","Havoc"],"picked":"Flex","floor":10.0},{"not_picked":["Berserk","Pommel Strike","Clash"],"picked":"Singing Bowl","floor":11.0},{"not_picked":["Flame Barrier","Uppercut","Anger"],"picked":"Singing Bowl","floor":14.0},{"not_picked":["Reaper","Corruption"],"picked":"REME_TheLastStrike","floor":16},{"not_picked":["Clash+1","Ghostly Armor","Shrug It Off"],"picked":"Singing Bowl","floor":18},{"not_picked":["Seeing Red","Rage"],"picked":"Battle Trance","floor":22},{"not_picked":["Fire Breathing","Body Slam"],"picked":"Heavy Blade","floor":24},{"not_picked":["Body Slam","Blood for Blood"],"picked":"Double Tap","floor":31}],"player_experience":373062,"relics_obtained":[{"floor":6.0,"key":"Mastiff:ReiMu"},{"floor":8.0,"key":"REME_IWantAll"},{"floor":9.0,"key":"CaptainsWheel"},{"floor":10.0,"key":"Singing Bowl"},{"floor":14.0,"key":"Odd Mushroom"},{"floor":17,"key":"MealTicket"},{"floor":17,"key":"Gremlin Horn"},{"floor":17,"key":"Torii"},{"floor":21,"key":"Letter Opener"},{"floor":24,"key":"Ice Cream"},{"floor":26,"key":"Frozen Egg 2"}],"event_choices":[{"damage_healed":0.0,"max_hp_gain":0.0,"max_hp_loss":0.0,"gold_gain":0.0,"cards_transformed":["Strike_R"],"event_name":"Living Wall","player_choice":"Change","floor":5.0,"gold_loss":0.0,"damage_taken":0.0,"cards_obtained":["Disarm"]},{"damage_healed":0.0,"max_hp_gain":0.0,"max_hp_loss":0.0,"gold_gain":0.0,"event_name":"Liars Game","player_choice":"Ignored","floor":13.0,"gold_loss":0.0,"damage_taken":0.0},{"damage_healed":0.0,"max_hp_gain":0.0,"max_hp_loss":0.0,"gold_gain":0.0,"event_name":"Mushrooms","player_choice":"Fought Mushrooms","floor":14.0,"gold_loss":0.0,"damage_taken":0.0},{"damage_healed":0,"gold_gain":0,"player_choice":"Ωª≥ˆ…Òæ∆","damage_taken":0,"max_hp_gain":0,"max_hp_loss":0,"event_name":"ZunEvent","floor":20,"relics_lost":["ZunR:ReiMu"],"gold_loss":0,"cards_obtained":["ZunPunch:ReiMu"]},{"damage_healed":0,"gold_gain":0,"player_choice":"Obtained Relic","damage_taken":0,"relics_obtained":["HornCleat"],"max_hp_gain":0,"max_hp_loss":0,"event_name":"Addict","floor":28,"gold_loss":85},{"damage_healed":0,"gold_gain":0,"player_choice":"Read","damage_taken":0,"max_hp_gain":0,"max_hp_loss":0,"event_name":"The Library","floor":30,"gold_loss":0,"cards_obtained":["Pummel"]}],"is_beta":false,"boss_relics":[{"not_picked":["REME_DemonsWealth","Tiny House"],"picked":"Calling Bell"}],"items_purged_floors":[4,19],"is_endless":false,"potions_floor_spawned":[2,3,10,11],"killed_by":"Champ","ascension_level":13}}