{"host":"ig7tc0uedzltt2sr","time":1610058754,"event":{"mods":["BaseMod","Better Twitch Integration","Block Reminder","Colored Map","Colored Powertips","Communication Mod","Current Relic Mod","GifTheSpireLib","HexUI Lib","Minty Spire (QoL Compilation)","Quick Restart","Random Character Button","Rare Cards Sparkle","Relic Sorter","Relic Stats","Slay the Relics Exporter","StSLib","SuperFastMode","Synergy Search","Twitch Decklist","Twitch Utils","everything is the same but u backflip on backflip","slay the spire mod where everything is the same but ironclad has a cowboy hat"],"gold_per_floor":[113,113,113,128,128,128,143,143,167,167,179,197,171,189,189,189,189],"floor_reached":16,"playtime":93,"items_purged":[],"score":94,"play_id":"df4f7016-6c44-4380-b72f-2014d6426930","local_time":"20210107143234","is_ascension_mode":false,"campfire_choices":[{"floor":6,"key":"RECALL"},{"floor":8,"key":"REST"},{"floor":15,"key":"REST"}],"circlet_count":0,"master_deck":["Strike_R","Strike_R","Strike_R","Strike_R","Defend_R","Defend_R","Defend_R","Defend_R","Bash+1","Wild Strike","Rupture","Rampage","Battle Trance","Wild Strike","Sentinel","Headbutt","Carnage"],"relics":["Sozu","Potion Belt"],"acts_visited":["Exordium"],"potions_floor_usage":[],"damage_taken":[{"damage":10,"enemies":"Jaw Worm","floor":1,"turns":4},{"damage":2,"enemies":"Small Slimes","floor":4,"turns":4},{"damage":0,"enemies":"Cultist","floor":7,"turns":4},{"damage":6,"enemies":"2 Fungi Beasts","floor":11,"turns":4},{"damage":0,"enemies":"3 Louse","floor":12,"turns":3},{"damage":17,"enemies":"Exordium Thugs","floor":13,"turns":5},{"damage":48,"enemies":"Lots of Slimes","floor":14,"turns":7},{"damage":43,"enemies":"Slime Boss","floor":16,"turns":5}],"seed_played":"8796914715022273538","potions_obtained":[],"is_trial":false,"path_per_floor":["M","?","?","M","T","R","M","R","T","?","M","M","M","M","R","B"],"character_chosen":"IRONCLAD","items_purchased":[],"campfire_rested":2,"item_purchase_floors":[],"current_hp_per_floor":[70,70,70,68,68,68,68,80,80,80,74,74,57,9,33,0,0],"gold":189,"neow_bonus":"BOSS_RELIC","is_daily":false,"chose_seed":false,"campfire_upgraded":0,"win_rate":0.0,"timestamp":1610058754,"path_taken":["M","?","?","M","?","R","M","R","T","?","M","?","M","M","R","BOSS"],"items_purchased_type":[],"build_version":"2020-12-22","purchased_purges":0,"victory":false,"max_hp_per_floor":[80,80,80,80,80,80,80,80,80,80,80,80,80,80,80,80,80],"relic_stats":{"Sozu":3,"counters":[8,36],"obtain_stats":[{"Sozu":0,"Potion Belt":9,"Burning Blood":0},{"Sozu":0,"Potion Belt":3,"Burning Blood":0},{"Sozu":0,"Potion Belt":12,"Burning Blood":0}]},"card_choices":[{"not_picked":["Entrench","Pommel Strike"],"picked":"Wild Strike","floor":1},{"not_picked":["Perfected Strike","Bloodletting"],"picked":"Rampage","floor":4},{"not_picked":["Armaments","Cleave"],"picked":"Battle Trance","floor":7},{"not_picked":["Havoc","Clash"],"picked":"Wild Strike","floor":11},{"not_picked":["Clash","Shockwave"],"picked":"Sentinel","floor":12},{"not_picked":["Twin Strike","Rage"],"picked":"Headbutt","floor":13},{"not_picked":["Wild Strike","Warcry"],"picked":"Carnage","floor":14}],"player_experience":1458302,"relics_obtained":[{"floor":9,"key":"Potion Belt"}],"event_choices":[{"damage_healed":0,"gold_gain":0,"cards_transformed":["Strike_R"],"player_choice":"Change","damage_taken":0,"max_hp_gain":0,"max_hp_loss":0,"event_name":"Living Wall","floor":2,"gold_loss":0,"cards_obtained":["Rupture"]},{"damage_healed":0,"gold_gain":0,"player_choice":"Fled","damage_taken":0,"max_hp_gain":0,"max_hp_loss":0,"event_name":"Scrap Ooze","floor":3,"gold_loss":0},{"damage_healed":0,"gold_gain":0,"player_choice":"Forge","damage_taken":0,"max_hp_gain":0,"max_hp_loss":0,"event_name":"Accursed Blacksmith","floor":10,"gold_loss":0,"cards_upgraded":["Bash"]}],"is_beta":false,"boss_relics":[],"items_purged_floors":[],"is_endless":false,"potions_floor_spawned":[1,4,12],"killed_by":"Slime Boss","ascension_level":0}}