{"host":"52jmisti11ysmja4","time":1610002679,"event":{"mods":["Aspiration","BaseMod","Minty Spire (QoL Compilation)","Remove Card Discount Mod","StSLib"],"gold_per_floor":[115,9,19,19,33,63,63,91,91,91,123,143,201,233,233,337,337,353,373,388,407,420,445,445,778,778,778,778],"floor_reached":27,"playtime":1434,"items_purged":["Defend_B","Defend_B","Defend_B","Strike_B","Strike_B","Strike_B","Strike_B"],"score":439,"play_id":"89919407-df18-4b64-9e53-f67fece4b3aa","local_time":"20210106225759","is_ascension_mode":true,"campfire_choices":[{"data":"Doom and Gloom","floor":7.0,"key":"SMITH"},{"data":"Beam Cell","floor":10.0,"key":"SMITH"},{"data":"Streamline","floor":15.0,"key":"SMITH"},{"floor":24,"key":"REST"}],"circlet_count":0,"master_deck":["AscendersBane","Defend_B","Zap","Dualcast","Leap","Doom and Gloom+1","Streamline+1","Conserve Battery","Gash","Beam Cell+1","Sweeping Beam","Streamline+1","Seek","Conserve Battery","Leap","Self Repair"],"relics":["Cracked Core","aspiration:Nostalgia","Burning Blood","Singing Bowl","Juzu Bracelet","aspiration:ChemicalBlood","Art of War","aspiration:FaultyCoupler","Pantograph","Busted Crown","Dead Branch","Old Coin","Happy Flower"],"acts_visited":["Exordium","TheCity"],"potions_floor_usage":[23,25,27],"damage_taken":[{"damage":1.0,"enemies":"Cultist","floor":1.0,"turns":3.0},{"damage":0.0,"enemies":"2 Louse","floor":3.0,"turns":1.0},{"damage":3.0,"enemies":"Jaw Worm","floor":5.0,"turns":2.0},{"damage":24.0,"enemies":"Gremlin Nob","floor":6.0,"turns":4.0},{"damage":7.0,"enemies":"Lagavulin","floor":8.0,"turns":4.0},{"damage":6.0,"enemies":"Gremlin Nob","floor":11.0,"turns":3.0},{"damage":9.0,"enemies":"Red Slaver","floor":12.0,"turns":2.0},{"damage":18.0,"enemies":"3 Sentries","floor":13.0,"turns":4.0},{"damage":15.0,"enemies":"Lagavulin","floor":14.0,"turns":3.0},{"damage":42.0,"enemies":"The Guardian","floor":16.0,"turns":6.0},{"damage":0.0,"enemies":"Spheric Guardian","floor":18.0,"turns":2.0},{"damage":12.0,"enemies":"2 Thieves","floor":19.0,"turns":3.0},{"damage":4.0,"enemies":"Sentry and Sphere","floor":20.0,"turns":3.0},{"damage":25.0,"enemies":"Snecko","floor":21.0,"turns":4.0},{"damage":13,"enemies":"Snake Plant","floor":22,"turns":3},{"damage":33,"enemies":"Slavers","floor":23,"turns":4},{"damage":47,"enemies":"Book of Stabbing","floor":25,"turns":5},{"damage":29,"enemies":"Gremlin Leader","floor":27,"turns":3}],"seed_played":"-7625972738304877466","potions_obtained":[{"floor":3.0,"key":"SkillPotion"},{"floor":6.0,"key":"Fire Potion"},{"floor":11.0,"key":"FairyPotion"},{"floor":12.0,"key":"FearPotion"},{"floor":20.0,"key":"Energy Potion"},{"floor":23,"key":"CultistPotion"},{"floor":23,"key":"Explosive Potion"},{"floor":25,"key":"FearPotion"}],"is_trial":false,"path_per_floor":["M","$","M","?","M","E","R","E","T","R","E","M","?","E","R","B",null,"M","M","M","M","M","E","R","E","T","E"],"character_chosen":"DEFECT","items_purchased":["Doom and Gloom","Streamline"],"campfire_rested":1,"item_purchase_floors":[2,2],"current_hp_per_floor":[73,73,75,75,75,57,57,56,56,56,56,53,43,36,36,25,66,72,66,70,53,46,28,53,21,21,26,26],"gold":778,"neow_bonus":"NOSTALGIA","is_daily":false,"chose_seed":false,"campfire_upgraded":3,"win_rate":0.0,"timestamp":1610002679,"path_taken":["M","$","M","?","?","E","R","E","T","R","E","M","?","E","R","BOSS","M","M","M","M","M","E","R","E","T","E"],"items_purchased_type":["Card","Card"],"build_version":"2020-12-22","purchased_purges":7,"victory":false,"max_hp_per_floor":[75,75,75,75,75,75,75,75,75,75,75,75,77,79,79,79,79,79,79,81,83,83,85,85,87,87,87,87],"card_choices":[{"not_picked":["Redo","Stack"],"picked":"Leap","floor":1.0},{"not_picked":["Coolheaded","Rebound","Genetic Algorithm"],"picked":"SKIP","floor":3.0},{"not_picked":["Barrage","Doom and Gloom"],"picked":"Conserve Battery","floor":5.0},{"not_picked":["Rebound","Fusion"],"picked":"Gash","floor":6.0},{"not_picked":["Loop","Genetic Algorithm"],"picked":"Beam Cell","floor":8.0},{"not_picked":["Tempest","Fission"],"picked":"Sweeping Beam","floor":11.0},{"not_picked":["Turbo","Steam"],"picked":"Streamline","floor":12.0},{"not_picked":["Aggregate","Hologram","Recycle"],"picked":"Singing Bowl","floor":13.0},{"not_picked":["Doom and Gloom","Stack","Sweeping Beam"],"picked":"Singing Bowl","floor":14.0},{"not_picked":["Multi-Cast","Rainbow"],"picked":"Seek","floor":16.0},{"not_picked":[],"picked":"Conserve Battery","floor":18.0},{"not_picked":[],"picked":"Leap","floor":19.0},{"not_picked":["Aggregate+1"],"picked":"Singing Bowl","floor":20.0},{"not_picked":["Steam"],"picked":"Singing Bowl","floor":21.0},{"not_picked":[],"picked":"Self Repair","floor":22},{"not_picked":["Turbo+1"],"picked":"Singing Bowl","floor":23},{"not_picked":["Leap"],"picked":"Singing Bowl","floor":25}],"player_experience":456236,"relics_obtained":[{"floor":6.0,"key":"Singing Bowl"},{"floor":8.0,"key":"Juzu Bracelet"},{"floor":9.0,"key":"aspiration:ChemicalBlood"},{"floor":11.0,"key":"Art of War"},{"floor":14.0,"key":"Pantograph"},{"floor":23,"key":"Dead Branch"},{"floor":25,"key":"Old Coin"},{"floor":26,"key":"Happy Flower"}],"event_choices":[{"damage_healed":0.0,"max_hp_gain":0.0,"max_hp_loss":0.0,"gold_gain":0.0,"event_name":"Upgrade Shrine","player_choice":"Upgraded","floor":4.0,"gold_loss":0.0,"damage_taken":0.0,"cards_upgraded":["Streamline"]},{"damage_healed":0.0,"max_hp_gain":0.0,"max_hp_loss":0.0,"gold_gain":30.0,"event_name":"Dead Adventurer","player_choice":"Searched \u00273\u0027 times","floor":13.0,"gold_loss":0.0,"damage_taken":0.0,"relics_obtained":["aspiration:FaultyCoupler"]}],"is_beta":false,"boss_relics":[{"not_picked":["aspiration:SilentSkillbook","aspiration:PoetsPen_weak"],"picked":"Busted Crown"}],"items_purged_floors":[2,2,2,2,2,2,2],"is_endless":false,"potions_floor_spawned":[3,6,11,12,19,20,21,23],"killed_by":"Gremlin Leader","ascension_level":11}}