{"host":"y087t2reloz9bi43","time":1610028021,"event":{"mods":["2.2 Compatiblity","AchievementEnabler","Aspiration","BaseMod","Beaked The Cultist","Bestiary","Better Note","Better Vampires","BetterRewards","ChefMod","Colored Map","Colored Powertips","Conspire","Downfall","Ekko","Fireblade Mod","Friendly Minions","GifTheSpireLib","Halation","Hermit","Hubris","Infinite Spire","Jedi Mod","JesterMod","Jorbs\u0027s Wanderer Trilogy","Mad Scientist","Marisa????????","Mimic Mod","Minty Spire (QoL Compilation)","Permanent Neow","Rare Cards Sparkle","Relic Stats","Replay The Spire","Robot Space Explorer","Shade Mod","Shop Mod","StSLib","The Blackbeard","The Bug Knight","The Construct","The Cursed","The Hierophant","The Jungle","The Marked","The Mystic","The Necromancer","The Runesmith","The Servant 0.9.4","TheHeartMod","TheHero","TheVacant","Uncapped","everything is the same but u backflip on backflip","vexMod"],"gold_per_floor":[118,13,28,47,47,77,77,97,97,112,37,37,54,66,66,169,169,169,169],"floor_reached":18,"playtime":1733,"items_purged":["Writhe"],"score":164,"play_id":"b8a7bae7-ab76-4196-a828-e0663ab47b29","local_time":"20210107140021","is_ascension_mode":false,"campfire_choices":[{"data":"jesterMod:Overthink","floor":7,"key":"SMITH"},{"data":"jesterMod:DaggerRain","floor":15,"key":"SMITH"}],"circlet_count":0,"master_deck":["jesterMod:Strike","jesterMod:Strike","jesterMod:Strike","jesterMod:Sickle","jesterMod:Defend","jesterMod:Defend","jesterMod:Defend","jesterMod:Defend","jesterMod:Dodge","jesterMod:Tinker","jesterMod:Drunkenness","jesterMod:Drunkenness","jesterMod:Frenzy","jesterMod:BouncingKnife","jesterMod:Inspiration","jesterMod:Overthink+1","jesterMod:Feint","jesterMod:Swiftness","jesterMod:DaggerRain+1","jesterMod:Drunkenness"],"relics":["jesterMod:JesterCap","jedi:battlestandard","Incense Burner","infinitespire:Lucky Rock","ReplayTheSpireMod:DimensionalGlitch"],"acts_visited":["Exordium","TheCity"],"potions_floor_usage":[8,16,16,16],"damage_taken":[{"damage":9,"enemies":"2 Louse","floor":1,"turns":3},{"damage":0,"enemies":"Cultist","floor":3,"turns":3},{"damage":11,"enemies":"Jaw Worm","floor":4,"turns":6},{"damage":15,"enemies":"Gremlin Nob","floor":6,"turns":4},{"damage":0,"enemies":"3 Louse","floor":8,"turns":1},{"damage":0,"enemies":"Large Slime","floor":10,"turns":3},{"damage":13,"enemies":"Red Slaver","floor":13,"turns":3},{"damage":0,"enemies":"3 Louse","floor":14,"turns":4},{"damage":2,"enemies":"Hexaghost","floor":16,"turns":8},{"damage":81,"enemies":"Chosen","floor":18,"turns":8}],"seed_played":"2170820543721724601","potions_obtained":[{"floor":1,"key":"Toxic Potion"},{"floor":3,"key":"Reflective Coating"},{"floor":6,"key":"Ancient Potion"},{"floor":8,"key":"sneckomod:MuddlingPotion"}],"is_trial":false,"path_per_floor":["M","$","M","M","?","E","R","M","T","M","$","?","M","M","R","B",null,"M"],"character_chosen":"THE_JESTER","items_purchased":["jesterMod:Drunkenness"],"campfire_rested":0,"item_purchase_floors":[2],"current_hp_per_floor":[61,61,61,50,50,35,35,35,35,35,35,28,15,15,15,13,70,0,0],"gold":169,"neow_bonus":"CURSED_BOSS_RELIC","is_daily":false,"chose_seed":false,"campfire_upgraded":2,"win_rate":0.0,"timestamp":1610028021,"path_taken":["M","$","M","M","?","E","R","M","T","?","?","?","M","M","R","BOSS","M"],"items_purchased_type":["Card"],"build_version":"2020-12-22","purchased_purges":1,"victory":false,"max_hp_per_floor":[70,70,70,70,70,70,70,70,70,70,70,70,70,70,70,70,70,70,70],"relic_stats":{"counters":[10,43],"obtain_stats":[{"jesterMod:JesterCap":0,"Incense Burner":6,"jedi:battlestandard":0,"infinitespire:Lucky Rock":9,"ReplayTheSpireMod:DimensionalGlitch":17},{"jesterMod:JesterCap":0,"Incense Burner":4,"jedi:battlestandard":0,"infinitespire:Lucky Rock":5,"ReplayTheSpireMod:DimensionalGlitch":9},{"jesterMod:JesterCap":0,"Incense Burner":16,"jedi:battlestandard":0,"infinitespire:Lucky Rock":17,"ReplayTheSpireMod:DimensionalGlitch":35}]},"card_choices":[{"not_picked":["jesterMod:DaggerRain","jesterMod:DancingMad"],"picked":"jesterMod:Tinker","floor":1},{"not_picked":["jesterMod:Precipitation","jesterMod:ButterKnife"],"picked":"jesterMod:Frenzy","floor":3},{"not_picked":["jesterMod:Loot","jesterMod:Schizophrenia"],"picked":"jesterMod:BouncingKnife","floor":4},{"not_picked":["jesterMod:Arrythmia","jesterMod:BouncingKnife"],"picked":"jesterMod:Overthink","floor":6},{"not_picked":["jesterMod:Loot","jesterMod:Talion","jesterMod:Anticipation"],"picked":"SKIP","floor":8},{"not_picked":["jesterMod:PerfectDodge","jesterMod:RecklessStrike"],"picked":"jesterMod:Feint","floor":10},{"not_picked":["jesterMod:Tinker","jesterMod:FlameDance"],"picked":"jesterMod:Swiftness","floor":13},{"not_picked":["jesterMod:Pillage","jesterMod:DancingMad"],"picked":"jesterMod:DaggerRain","floor":14},{"not_picked":["jesterMod:Leeches","jesterMod:Placebo"],"picked":"jesterMod:Drunkenness","floor":16}],"player_experience":371465,"relics_obtained":[{"floor":6,"key":"Incense Burner"},{"floor":9,"key":"infinitespire:Lucky Rock"}],"event_choices":[{"damage_healed":0,"gold_gain":0,"player_choice":"1 cards matched","damage_taken":0,"max_hp_gain":0,"max_hp_loss":0,"event_name":"Match and Keep!","floor":5,"gold_loss":0,"cards_obtained":["jesterMod:Inspiration"]},{"cards_removed":["jesterMod:Strike"],"damage_healed":0,"gold_gain":0,"player_choice":"Card Removal","damage_taken":7,"max_hp_gain":0,"max_hp_loss":0,"event_name":"Golden Wing","floor":12,"gold_loss":0}],"is_beta":false,"boss_relics":[{"not_picked":["hubris:TerracottaHorce","SacredBark"],"picked":"ReplayTheSpireMod:DimensionalGlitch"}],"items_purged_floors":[11],"is_endless":false,"potions_floor_spawned":[1,3,6,8,14],"killed_by":"Chosen","ascension_level":0}}