{"host":"6qo42zgaknezulyg","time":1610026172,"event":{"mods":["2.2 Compatiblity","BaseMod","Colored Map","Downfall","Keyboard Shortcuts","Minty Spire (QoL Compilation)","Permanent Neow","Quick Restart","StSLib","SuperFastMode"],"gold_per_floor":[349,368,383,31,31,48,102,102,102,112,140,157,57,75,94,168,168,168,179,192,50,50,65,90,90,84,84,110,110,110,110,126,203,230,230,253,269,367,387,46,69,69,69,69,83,83,109,127,154,154],"floor_reached":51,"playtime":2506,"items_purged":["bronze:Strike","bronze:MaxOutput"],"score":1220,"play_id":"d7e2b49c-fa11-49a1-abd7-ac1e9c59d837","local_time":"20210107222932","is_ascension_mode":true,"campfire_choices":[{"data":"bronze:Replicate","floor":1.0,"key":"SMITH"},{"floor":9.0,"key":"REST"},{"floor":13.0,"key":"REST"},{"data":"bronze:Iterate","floor":18.0,"key":"SMITH"},{"floor":25.0,"key":"REST"},{"floor":30.0,"key":"REST"},{"floor":35.0,"key":"RECALL"}],"circlet_count":0,"master_deck":["AscendersBane","bronze:Defend","bronze:Defend","bronze:Replicate+1","bronze:Goto","bronze:Branch+1","bronze:ChildClass","bronze:DelayedSlice","bronze:Frontload+1","bronze:Iterate+1","bronze:BronzeOrb+1","bronze:ChildClass+1","bronze:Repair+1","bronze:Format+1","bronze:GetLatest+1","bronze:Verify+1","bronze:GetLatest+1","bronze:Frontload+1","bronze:Frontload+1","bronze:SpaghettiCode+1","bronze:Invalidate+1","bronze:Separator+1","bronze:Iterate+1","expansioncontent:ChargeUp+1","expansioncontent:YouAreMine+1","bronze:ChildClass+1"],"relics":["bronze:BronzeCore","Shuriken","Art of War","Vajra","Toxic Egg 2","downfall:HeartBlessingGreen","Sozu","CeramicFish","Juzu Bracelet","Astrolabe","Guardian:GemstoneGun","Whetstone","Meat on the Bone"],"acts_visited":["Exordium","TheCity","TheBeyond"],"potions_floor_usage":[50],"damage_taken":[{"damage":7.0,"enemies":"Jaw Worm","floor":2.0,"turns":3.0},{"damage":14.0,"enemies":"2 Louse","floor":3.0,"turns":4.0},{"damage":0.0,"enemies":"downfall:FleeingMerchant","floor":4.0,"turns":4.0},{"damage":0.0,"enemies":"Cultist","floor":6.0,"turns":3.0},{"damage":0.0,"enemies":"3 Louse","floor":10.0,"turns":3.0},{"damage":16.0,"enemies":"Gremlin Nob","floor":11.0,"turns":4.0},{"damage":0.0,"enemies":"Exordium Wildlife","floor":12.0,"turns":3.0},{"damage":5.0,"enemies":"Exordium Thugs","floor":14.0,"turns":5.0},{"damage":0.0,"enemies":"Blue Slaver","floor":15.0,"turns":4.0},{"damage":14.0,"enemies":"downfall:Watcher","floor":16.0,"turns":5.0},{"damage":15.0,"enemies":"Shell Parasite","floor":19.0,"turns":4.0},{"damage":4.0,"enemies":"Cultist and Chosen","floor":20.0,"turns":7.0},{"damage":0.0,"enemies":"downfall:FleeingMerchant","floor":21.0,"turns":4.0},{"damage":5.0,"enemies":"Shelled Parasite and Fungi","floor":23.0,"turns":3.0},{"damage":0.0,"enemies":"downfall:FleeingMerchant","floor":26.0,"turns":4.0},{"damage":34.0,"enemies":"Gremlin Leader","floor":28.0,"turns":6.0},{"damage":0.0,"enemies":"Snake Plant","floor":32.0,"turns":4.0},{"damage":18.0,"enemies":"downfall:Ironclad","floor":33.0,"turns":8.0},{"damage":0.0,"enemies":"Orb Walker","floor":36.0,"turns":3.0},{"damage":15.0,"enemies":"3 Darklings","floor":37.0,"turns":5.0},{"damage":0.0,"enemies":"downfall:FleeingMerchant","floor":38.0,"turns":4.0},{"damage":0.0,"enemies":"Writhing Mass","floor":39.0,"turns":9.0},{"damage":19.0,"enemies":"4 Shapes","floor":45.0,"turns":7.0},{"damage":0.0,"enemies":"Transient","floor":47.0,"turns":6.0},{"damage":0,"enemies":"Sphere and 2 Shapes","floor":49,"turns":4},{"damage":16,"enemies":"downfall:Defect","floor":50,"turns":9}],"seed_played":"5032925997733438689","potions_obtained":[{"floor":2.0,"key":"SneckoOil"},{"floor":6.0,"key":"EssenceOfSteel"},{"floor":12.0,"key":"FearPotion"},{"floor":16.0,"key":"sneckomod:MuddlingPotion"}],"is_trial":false,"path_per_floor":["R","M","M","$","?","M","T","?","R","M","E","M","R","M","M","B",null,"R","M","M","$","?","M","T","R","$","?","E","?","R","?","M","B",null,"R","M","M","$","M","$","T","?","T","$","M","?","M","?","M","B",null],"character_chosen":"THE_AUTOMATON","items_purchased":["Shuriken","bronze:ChildClass","bronze:ChildClass+1","bronze:SpaghettiCode+1","Guardian:GemstoneGun","bronze:Separator+1"],"campfire_rested":4,"item_purchase_floors":[4,4,21,38,40,40],"current_hp_per_floor":[42,35,21,21,42,42,42,16,34,34,18,18,36,31,31,17,52,52,37,33,33,33,38,38,56,63,63,29,42,60,60,63,45,59,59,63,48,58,63,63,63,63,63,63,54,54,54,49,49,43],"gold":154,"neow_bonus":"TWO_FIFTY_GOLD","is_daily":false,"chose_seed":false,"campfire_upgraded":2,"win_rate":0.0,"timestamp":1610026172,"path_taken":["R","M","M","$","?","M","T","?","R","M","E","M","R","M","M","BOSS","R","M","M","$","?","?","T","R","$","?","E","?","R","?","M","BOSS","R","M","M","$","M","$","T","?","?","?","M","?","M","?","M","BOSS"],"items_purchased_type":["Relic","Card","Card","Card","Relic","Card"],"build_version":"2020-12-22","purchased_purges":2,"victory":true,"max_hp_per_floor":[63,63,63,63,63,63,63,63,63,63,63,63,63,63,63,63,63,63,63,63,63,63,63,63,63,63,63,63,63,63,63,63,63,63,63,63,63,63,63,63,63,63,63,63,63,63,63,63,63,63],"card_choices":[{"not_picked":["bronze:ChosenStrike","bronze:Overheat"],"picked":"bronze:MaxOutput","floor":2.0},{"not_picked":["bronze:Terminator","bronze:Return","bronze:CutThrough"],"picked":"SKIP","floor":3.0},{"not_picked":["bronze:Overheat","bronze:Invalidate"],"picked":"bronze:Branch","floor":4.0},{"not_picked":["bronze:CloningBeam","bronze:Deprecate"],"picked":"bronze:DelayedSlice","floor":6.0},{"not_picked":["bronze:Overheat","bronze:DarkDash","bronze:Shell"],"picked":"SKIP","floor":10.0},{"not_picked":["bronze:SearingBeam","bronze:Hardcode","bronze:ClassDefault"],"picked":"SKIP","floor":11.0},{"not_picked":["bronze:ForLoop+1","bronze:Shield+1"],"picked":"bronze:Frontload+1","floor":12.0},{"not_picked":["bronze:ForceShield+1","bronze:WildBeam"],"picked":"bronze:Iterate","floor":14.0},{"not_picked":["bronze:ChosenStrike","bronze:RecursiveStrike","bronze:Invalidate+1"],"picked":"SKIP","floor":15.0},{"not_picked":["bronze:CutThrough","bronze:Repulsor+1"],"picked":"bronze:BronzeOrb","floor":19.0},{"not_picked":["bronze:Branch","bronze:Iterate","bronze:Constructor+1"],"picked":"SKIP","floor":20.0},{"not_picked":["bronze:Iterate","bronze:BronzeArmor+1","bronze:Deprecate+1"],"picked":"SKIP","floor":21.0},{"not_picked":["bronze:FineTuning+1","bronze:ForceShield+1"],"picked":"bronze:Format+1","floor":23.0},{"not_picked":["bronze:FineTuning+1","bronze:Overheat+1"],"picked":"bronze:GetLatest+1","floor":26.0},{"not_picked":["bronze:FineTuning+1","bronze:HyperBeam","bronze:ForLoop+1"],"picked":"SKIP","floor":28.0},{"not_picked":["bronze:DarkDash","bronze:WildBeam","bronze:ItsAFeature"],"picked":"SKIP","floor":32.0},{"not_picked":["bronze:Deprecate+1","bronze:Iterate"],"picked":"bronze:Frontload+1","floor":36.0},{"not_picked":["bronze:DelayedGuard+1","bronze:Terminator","bronze:CloningBeam+1"],"picked":"SKIP","floor":37.0},{"not_picked":["bronze:BuggyMess+1","bronze:WhirlingStrike"],"picked":"bronze:Frontload+1","floor":38.0},{"not_picked":["bronze:DelayedGuard+1","bronze:DelayedSlice"],"picked":"bronze:Invalidate+1","floor":39.0},{"not_picked":["bronze:Deprecate+1","bronze:Invalidate+1","bronze:BugBarrage"],"picked":"SKIP","floor":45.0},{"not_picked":["bronze:Separator+1","bronze:RecursiveStrike"],"picked":"bronze:Iterate+1","floor":47.0},{"not_picked":["expansioncontent:DarkVoid","expansioncontent:DonusPower+1"],"picked":"expansioncontent:ChargeUp+1","floor":48.0},{"not_picked":["expansioncontent:DecasProtection+1","expansioncontent:GoopSpray+1"],"picked":"expansioncontent:YouAreMine+1","floor":48.0},{"not_picked":["bronze:ForceShield+1","bronze:BugBarrage+1"],"picked":"bronze:ChildClass+1","floor":49}],"player_experience":1141461,"relics_obtained":[{"floor":7.0,"key":"Art of War"},{"floor":11.0,"key":"Toxic Egg 2"},{"floor":24.0,"key":"CeramicFish"},{"floor":28.0,"key":"Juzu Bracelet"},{"floor":41.0,"key":"Whetstone"},{"floor":43.0,"key":"Meat on the Bone"}],"event_choices":[{"damage_healed":21.0,"max_hp_gain":0.0,"max_hp_loss":0.0,"gold_gain":0.0,"event_name":"Big Fish","player_choice":"Banana","floor":5.0,"gold_loss":0.0,"damage_taken":0.0},{"damage_healed":0.0,"max_hp_gain":0.0,"max_hp_loss":0.0,"gold_gain":0.0,"event_name":"Scrap Ooze","player_choice":"Success","floor":8.0,"gold_loss":0.0,"damage_taken":26.0,"relics_obtained":["Vajra"]},{"damage_healed":13.0,"max_hp_gain":0.0,"max_hp_loss":0.0,"gold_gain":0.0,"event_name":"The Library","player_choice":"Heal","floor":29.0,"gold_loss":0.0,"damage_taken":0.0},{"cards_removed":["bronze:MaxOutput"],"damage_healed":0.0,"max_hp_gain":0.0,"max_hp_loss":0.0,"gold_gain":0.0,"event_name":"Falling","player_choice":"Removed Power","floor":46.0,"gold_loss":0.0,"damage_taken":0.0}],"is_beta":false,"boss_relics":[{"not_picked":["Busted Crown","Philosopher\u0027s Stone"],"picked":"Sozu"},{"not_picked":["Cursed Key","bronze:ElectromagneticCoil"],"picked":"Astrolabe"}],"items_purged_floors":[21,38],"is_endless":false,"potions_floor_spawned":[2,6,12,16,19,28,32,33,45,49],"ascension_level":17}}