{"host":"npubv26u89aif4fa","time":1610002484,"event":{"mods":["Astrologer","BaseMod","Better Vampires","Better-Laid Plans","Colored Powertips","GifTheSpireLib","GungeonMod","HornydragonMod","Hubris","Jedi Mod","Minty Spire (QoL Compilation)","Quick Restart","Remilia（蕾米莉亚）","Replay The Spire","StSLib","Td1madao Mod","The Administrix","The Alterego","The Bug Knight","The Cursed","The Runesmith","Yuri Mod","残留之物"],"gold_per_floor":[116,41,59,74,0,64,64,128,128,148,121,121,121,137,137,275,275,295,295,295,101,148,148,212,212,257,269,269,369,389,404,404,539,539,589,589,674,699,699,699,699,709,709,709,3,52,52,87,87,87,87,113,113],"floor_reached":56,"playtime":4053,"items_purged":["Strike_C","Strike_C","Strike_C","Strike_C"],"score":1321,"play_id":"089f6ab6-ff32-4191-a923-3bacc8bf4340","local_time":"20210107145444","is_ascension_mode":false,"campfire_choices":[{"data":"Revenge","floor":7.0,"key":"SMITH"},{"floor":12.0,"key":"RECALL"},{"data":"Recovery Mechanism","floor":15.0,"key":"SMITH"},{"data":"Discovery","floor":23.0,"key":"SMITH"},{"data":"Im Angry","floor":32.0,"key":"SMITH"},{"data":"Backup","floor":40.0,"key":"SMITH"},{"data":"Black Contract","floor":45.0,"key":"SMITH"},{"data":"Transfer Energy","floor":49.0,"key":"SMITH"},{"data":"Twin Teeth","floor":52.0,"key":"SMITH"}],"circlet_count":0,"master_deck":["Defend_C","Defend_C","Defend_C","Defend_C","Knight Kick","Chip","Lore","Black Dance","Trader","Reinforcement Parts","Revenge+1","Gravity Defend","Recovery Mechanism+1","Im Angry+1","Discovery+1","Transfer Energy+1","Moon Tear","Twin Teeth+1","Backup+1","Black Contract+1","Pod Fire+1"],"relics":["Apod","NeowsBlessing","Mercury Hourglass","jedi:cryingmask","PlaceholderMod:SoulofChaos","Runic Pyramid","alterego_mod:SomeoneToFightFor","Nloth\u0027s Gift","Omamori","PlaceholderMod:DeVermisMysteriis","hubris:Teleporter","Blue Candle","Foreshadowing","hubris:Towel","hubris:Spice","DemoMod:Orange","Blue Doll"],"acts_visited":["Exordium","TheCity","TheBeyond","TheEnding"],"potions_floor_usage":[55],"damage_taken":[{"damage":0.0,"enemies":"Cultist","floor":1.0,"turns":1.0},{"damage":0.0,"enemies":"Jaw Worm","floor":3.0,"turns":1.0},{"damage":0.0,"enemies":"Small Slimes","floor":4.0,"turns":1.0},{"damage":46.0,"enemies":"HollowMod:MossKnight","floor":6.0,"turns":14.0},{"damage":16.0,"enemies":"Lagavulin","floor":8.0,"turns":3.0},{"damage":0.0,"enemies":"Exordium Thugs","floor":10.0,"turns":2.0},{"damage":0.0,"enemies":"Exordium Wildlife","floor":14.0,"turns":3.0},{"damage":5.0,"enemies":"Slime Boss","floor":16.0,"turns":6.0},{"damage":18.0,"enemies":"2 Thieves","floor":18.0,"turns":3.0},{"damage":10.0,"enemies":"Chosen and Byrds","floor":22.0,"turns":4.0},{"damage":15.0,"enemies":"HollowMod:Nosk","floor":24.0,"turns":5.0},{"damage":8.0,"enemies":"Shelled Parasite and Fungi","floor":27.0,"turns":3.0},{"damage":0.0,"enemies":"Colosseum Slavers","floor":29.0,"turns":2.0},{"damage":3.0,"enemies":"Colosseum Nobs","floor":29.0,"turns":2.0},{"damage":15.0,"enemies":"Snake Plant","floor":30.0,"turns":3.0},{"damage":3.0,"enemies":"Cultist and Chosen","floor":31.0,"turns":5.0},{"damage":40.0,"enemies":"Automaton","floor":33.0,"turns":9.0},{"damage":10.0,"enemies":"Orb Walker","floor":35.0,"turns":4.0},{"damage":16.0,"enemies":"Mind Bloom Boss Battle","floor":37.0,"turns":6.0},{"damage":1.0,"enemies":"3 Darklings","floor":44.0,"turns":3.0},{"damage":0.0,"enemies":"Spire Growth","floor":48.0,"turns":4.0},{"damage":35.0,"enemies":"Awakened One","floor":50.0,"turns":7.0},{"damage":15.0,"enemies":"Shield and Spear","floor":54.0,"turns":6.0},{"damage":72,"enemies":"The Heart","floor":55,"turns":13}],"seed_played":"4985075572295721916","potions_obtained":[{"floor":3.0,"key":"DistilledChaos"},{"floor":6.0,"key":"Toxic Potion"},{"floor":10.0,"key":"Fire Potion"},{"floor":22.0,"key":"Swift Potion"},{"floor":24.0,"key":"Energy Potion"},{"floor":31.0,"key":"EssenceOfSteel"},{"floor":35.0,"key":"Elixir"},{"floor":44.0,"key":"DistilledChaos"}],"is_trial":false,"path_per_floor":["M","$","M","M","$","E","R","E","T","M","?","R","?","M","R","B",null,"M","?","?","$","M","R","E","?","T","M","T","?","M","M","R","B",null,"M","?","?","T","R","?","T","M","R","T","$","M","R","B",null,"R","$","E","B",null],"character_chosen":"TD1MADAO_CLASS","items_purchased":["Reinforcement Parts","Discovery","Blue Doll","hubris:Spice"],"campfire_rested":0,"item_purchase_floors":[5,21,47,47],"current_hp_per_floor":[70,70,70,70,70,24,24,8,8,8,11,11,14,14,14,9,76,58,61,64,64,57,57,42,28,28,34,37,51,43,40,40,2,99,96,99,94,105,105,108,108,110,110,125,125,128,128,93,132,132,132,117,52],"gold":113,"neow_bonus":"THREE_ENEMY_KILL","is_daily":false,"chose_seed":false,"campfire_upgraded":8,"win_rate":0.0,"timestamp":1610002484,"path_taken":["M","$","M","?","?","E","R","E","T","M","?","R","?","M","R","BOSS","M","?","?","$","?","R","E","?","T","M","?","?","M","M","R","BOSS","M","?","?","?","R","?","T","?","R","?","$","?","R","BOSS","R","$","E","BOSS"],"items_purchased_type":["Card","Card","Relic","Relic"],"build_version":"2020-12-22","purchased_purges":4,"victory":true,"max_hp_per_floor":[70,70,70,70,70,70,70,70,70,70,73,73,76,76,76,76,76,76,79,82,82,85,85,85,93,93,93,96,99,99,99,99,99,99,99,102,113,124,124,127,119,122,122,137,129,132,132,132,132,132,132,124,124],"card_choices":[{"not_picked":["Lunge","Sudden Beat"],"picked":"Lore","floor":1.0},{"not_picked":["Sudden Beat","Resistance"],"picked":"Black Dance","floor":3.0},{"not_picked":["Floating Swing Kick","Bursts"],"picked":"Trader","floor":4.0},{"not_picked":["New Defend Magic","Money Cant Rescue"],"picked":"Revenge","floor":6.0},{"not_picked":["White Contract","Black Shadow"],"picked":"Gravity Defend","floor":8.0},{"not_picked":["Light Attack","Rupture","White Contract"],"picked":"SKIP","floor":10.0},{"not_picked":["Cooling Song","Provocative"],"picked":"Recovery Mechanism","floor":14.0},{"not_picked":["Backup","Pod Laser"],"picked":"Im Angry","floor":16.0},{"not_picked":["Twin Teeth","Weapon Shift","Reinforcement Parts"],"picked":"SKIP","floor":18.0},{"not_picked":["Transfer Energy","Trader","Afterwards+1"],"picked":"SKIP","floor":22.0},{"not_picked":["Trader","Afterwards+1"],"picked":"Transfer Energy","floor":22.0},{"not_picked":["Paralysis","Three Hit"],"picked":"Moon Tear","floor":24.0},{"not_picked":["Floating Swing Kick","Reinforcement Parts"],"picked":"Twin Teeth","floor":27.0},{"not_picked":["Load Balancing","Data Freezing","Lore"],"picked":"SKIP","floor":30.0},{"not_picked":["Three Hit+1","Preloading+1","Shockwave Tdmadao"],"picked":"SKIP","floor":31.0},{"not_picked":["Black Warm Hole","Furious"],"picked":"Backup","floor":33.0},{"not_picked":["Black Dance+1","Transfer Energy+1","Gravity Defend"],"picked":"SKIP","floor":35.0},{"not_picked":["Break Into+1","Paralysis"],"picked":"Black Contract","floor":44.0},{"not_picked":["Lore+1","Floating Even"],"picked":"hubris:SpiceAddiction","floor":48.0},{"not_picked":["hubris:SpiceAddiction","Gravity Defend"],"picked":"Pod Fire+1","floor":54.0}],"player_experience":227087,"relics_obtained":[{"floor":6.0,"key":"Mercury Hourglass"},{"floor":8.0,"key":"jedi:cryingmask"},{"floor":9.0,"key":"PlaceholderMod:SoulofChaos"},{"floor":24.0,"key":"Omamori"},{"floor":28.0,"key":"PlaceholderMod:DeVermisMysteriis"},{"floor":29.0,"key":"hubris:Teleporter"},{"floor":29.0,"key":"Blue Candle"},{"floor":37.0,"key":"hubris:Spice"},{"floor":39.0,"key":"hubris:Spice"},{"floor":43.0,"key":"hubris:Spice"},{"floor":46.0,"key":"DemoMod:Orange"},{"floor":54.0,"key":"hubris:Spice"}],"event_choices":[{"damage_healed":0.0,"max_hp_gain":0.0,"max_hp_loss":0.0,"gold_gain":0.0,"event_name":"World of Goop","player_choice":"Left Gold","floor":11.0,"gold_loss":27.0,"damage_taken":0.0},{"damage_healed":0.0,"max_hp_gain":0.0,"max_hp_loss":0.0,"gold_gain":0.0,"event_name":"Shining Light","player_choice":"Ignored","floor":13.0,"gold_loss":0.0,"damage_taken":0.0},{"damage_healed":0.0,"max_hp_gain":0.0,"max_hp_loss":0.0,"gold_gain":0.0,"event_name":"爱的神圣花园","player_choice":"Choice 2","floor":19.0,"gold_loss":0.0,"damage_taken":0.0,"relics_obtained":["alterego_mod:SomeoneToFightFor"]},{"damage_healed":0.0,"max_hp_gain":0.0,"max_hp_loss":0.0,"gold_gain":0.0,"event_name":"N\u0027loth","player_choice":"Traded Relic","floor":20.0,"relics_lost":["DemoMod:GlassGuonStoneRelic"],"gold_loss":0.0,"damage_taken":0.0,"relics_obtained":["Nloth\u0027s Gift"]},{"damage_healed":0.0,"max_hp_gain":5.0,"max_hp_loss":0.0,"gold_gain":0.0,"event_name":"Forgotten Altar","player_choice":"Shed Blood","floor":25.0,"gold_loss":0.0,"damage_taken":22.0},{"damage_healed":0.0,"max_hp_gain":0.0,"max_hp_loss":0.0,"gold_gain":0.0,"event_name":"Colosseum","player_choice":"Fight","floor":29.0,"gold_loss":0.0,"damage_taken":0.0},{"damage_healed":0.0,"max_hp_gain":0.0,"max_hp_loss":0.0,"gold_gain":0.0,"event_name":"Colosseum","player_choice":"Fought Nobs","floor":29.0,"gold_loss":0.0,"damage_taken":0.0},{"damage_healed":0.0,"max_hp_gain":0.0,"max_hp_loss":0.0,"gold_gain":0.0,"event_name":"MindBloom","player_choice":"Fight","floor":37.0,"gold_loss":0.0,"damage_taken":0.0},{"damage_healed":0.0,"max_hp_gain":0.0,"max_hp_loss":0.0,"gold_gain":0.0,"event_name":"Tomb of Lord Red Mask","player_choice":"Ignored","floor":42.0,"gold_loss":0.0,"damage_taken":0.0}],"is_beta":false,"boss_relics":[{"not_picked":["hubris:CrackedHourglass","hubris:ScarierMask"],"picked":"Runic Pyramid"},{"not_picked":["jedi:paperlyon","Abe\u0027s Treasure"],"picked":"Foreshadowing"}],"items_purged_floors":[2,21,47,47],"is_endless":false,"potions_floor_spawned":[3,6,10,22,24,27,31,35,44,54],"ascension_level":0}}