{"host":"hxmfoq77054plnuw","time":1610044148,"event":{"mods":["BaseMod","Colored Map","Colored Powertips","Downfall","Highlight Path","Minty Spire (QoL Compilation)","Quick Restart","Replay The Spire","Shop Mod","StSLib","SuperFastMode","[功能]功能增强和修复MOD","vexMod","【遗物卡牌】REMEMod","篝火指南"],"gold_per_floor":[109,94,94,110,163,138,138,138,138],"floor_reached":8,"playtime":316,"items_purged":["Slimebound:Strike_Slimebound","Strike_R","Strike_R","ReplayTheSpireMod:Splinters","Injury","Strike_R","Strike_R","Strike_R"],"score":46,"play_id":"9ec21c57-9658-4244-91d6-96e9d6a6a7b8","local_time":"20210107192908","is_ascension_mode":true,"campfire_choices":[],"circlet_count":0,"master_deck":["Defend_R","Defend_R","Defend_R","Defend_R","sneckomod:TailWhip","REME_Fury","Sword Boomerang","ReplayReversal","Disarm"],"relics":["Burning Blood","REME_ComplimentaryCards","Golden Idol","Prayer Wheel","Chameleon Ring"],"acts_visited":["Exordium"],"potions_floor_usage":[],"damage_taken":[{"damage":5,"enemies":"2 Louse","floor":1,"turns":4},{"damage":16,"enemies":"Jaw Worm","floor":4,"turns":6},{"damage":12,"enemies":"3 Sentries","floor":8,"turns":3}],"seed_played":"3775023896247268069","potions_obtained":[],"is_trial":false,"path_per_floor":["M","$","?","M","?","R","?","E"],"character_chosen":"IRONCLAD","items_purchased":[],"campfire_rested":0,"item_purchase_floors":[],"current_hp_per_floor":[80,80,80,70,70,70,70,58,58],"gold":138,"neow_bonus":"THREE_RARE_CARDS","is_daily":false,"chose_seed":false,"campfire_upgraded":0,"win_rate":0.0,"timestamp":1610044148,"path_taken":["M","$","?","M","?","R","?","E"],"items_purchased_type":[],"build_version":"2020-12-22","purchased_purges":8,"victory":false,"max_hp_per_floor":[80,80,80,80,80,80,80,80,80],"card_choices":[{"not_picked":["Limit Break","Juggernaut"],"picked":"REME_Fury","floor":0},{"not_picked":["Run Through","Perfected Strike","Uppercut"],"picked":"SKIP","floor":1},{"not_picked":["REME_FearOfPain","Combust"],"picked":"Sword Boomerang","floor":4},{"not_picked":["Anger","Seeing Red"],"picked":"ReplayReversal","floor":4},{"not_picked":["Twin Strike","Flame Barrier"],"picked":"Disarm","floor":5}],"player_experience":330465,"relics_obtained":[{"floor":5,"key":"Chameleon Ring"}],"event_choices":[{"damage_healed":0,"gold_gain":0,"player_choice":"Take Wound","damage_taken":0,"relics_obtained":["Golden Idol"],"max_hp_gain":0,"max_hp_loss":0,"event_name":"Golden Idol","floor":3,"gold_loss":0,"cards_obtained":["Injury"]},{"cards_removed":["Bash"],"damage_healed":0,"gold_gain":0,"player_choice":"Offered Basic","damage_taken":0,"max_hp_gain":0,"max_hp_loss":0,"event_name":"Bonfire Elementals","floor":7,"gold_loss":0}],"is_beta":false,"boss_relics":[],"items_purged_floors":[2,2,2,6,6,6,6,6],"is_endless":false,"potions_floor_spawned":[],"killed_by":"3 Sentries","ascension_level":1}}