{"host":"wg33yb1rgt3nbe17","time":1610006190,"event":{"mods":["AchievementEnabler","BaseMod","Colored Map","Minty Spire (QoL Compilation)","Permanent Neow","Relic Stats","StSLib"],"gold_per_floor":[113,126,126,139,64,64,36,36,62,74,139,151,183,24,24,96,96,115,127,52,52,52,52,37,50,99,110,21,21,49,65,65,65,65],"floor_reached":33,"playtime":796,"items_purged":["Strike_R"],"score":518,"play_id":"62b583bf-4b60-4441-bcc0-83858b138eeb","local_time":"20210107025630","is_ascension_mode":true,"campfire_choices":[{"data":"Whirlwind","floor":6,"key":"SMITH"},{"data":"True Grit","floor":8,"key":"SMITH"},{"data":"Headbutt","floor":10,"key":"SMITH"},{"data":"Bash","floor":12,"key":"SMITH"},{"data":"Pommel Strike","floor":15,"key":"SMITH"},{"floor":23,"key":"REST"},{"floor":29,"key":"REST"},{"floor":32,"key":"RECALL"}],"circlet_count":0,"master_deck":["AscendersBane","Defend_R","Defend_R","Bash+1","Whirlwind+1","Rage","Headbutt+1","True Grit+1","Pommel Strike+1","Impervious","Body Slam","Shrug It Off+1","Bite","Bite","Bite","Bite","Bite","Warcry","Battle Trance","Anger","Shockwave","Apotheosis","Whirlwind+1","Whirlwind+1"],"relics":["Sozu","Mercury Hourglass","MawBank","Membership Card","Fusion Hammer","Art of War","Molten Egg 2"],"acts_visited":["Exordium","TheCity"],"potions_floor_usage":[],"damage_taken":[{"damage":0.0,"enemies":"Cultist","floor":1.0,"turns":3.0},{"damage":0.0,"enemies":"2 Louse","floor":2.0,"turns":1.0},{"damage":12.0,"enemies":"Jaw Worm","floor":4.0,"turns":3.0},{"damage":0,"enemies":"2 Fungi Beasts","floor":13,"turns":2},{"damage":44,"enemies":"The Guardian","floor":16,"turns":8},{"damage":24,"enemies":"Spheric Guardian","floor":18,"turns":4},{"damage":21,"enemies":"Shell Parasite","floor":19,"turns":4},{"damage":6,"enemies":"Snake Plant","floor":25,"turns":4},{"damage":17,"enemies":"Chosen and Byrds","floor":27,"turns":5},{"damage":1,"enemies":"Book of Stabbing","floor":30,"turns":3},{"damage":0,"enemies":"3 Cultists","floor":31,"turns":2},{"damage":91,"enemies":"Champ","floor":33,"turns":10}],"seed_played":"8991633066969524861","potions_obtained":[],"is_trial":false,"path_per_floor":["M","M","?","M","$","R","$","R","T","R","?","R","M","$","R","B",null,"M","M","?","?","?","R","$","M","T","M","$","R","E","M","R","B"],"character_chosen":"IRONCLAD","items_purchased":["True Grit","Membership Card","Anger","Apotheosis"],"campfire_rested":2,"item_purchase_floors":[7,14,24,28],"current_hp_per_floor":[68,68,57,45,45,45,45,45,45,45,45,45,45,45,45,1,57,33,12,12,12,12,27,27,35,35,26,26,41,52,52,52,0,0],"gold":65,"neow_bonus":"BOSS_RELIC","is_daily":false,"chose_seed":false,"campfire_upgraded":5,"win_rate":0.0,"timestamp":1610006190,"path_taken":["M","M","?","M","$","R","$","R","T","R","?","R","M","?","R","BOSS","M","M","?","?","?","R","$","M","T","M","$","R","E","M","R","BOSS"],"items_purchased_type":["Card","Relic","Card","Card"],"build_version":"2020-12-22","purchased_purges":1,"victory":false,"max_hp_per_floor":[75,75,75,75,75,75,75,75,75,75,75,75,75,75,75,75,75,75,75,75,52,52,52,52,52,52,52,52,52,52,52,52,52,52],"relic_stats":{"Sozu":7,"counters":[12,48],"Art of War":[1],"MawBank":60,"obtain_stats":[{"Sozu":0,"Molten Egg 2":30,"Fusion Hammer":17,"Art of War":26,"Membership Card":14,"MawBank":9,"Burning Blood":0,"Mercury Hourglass":3},{"Sozu":0,"Molten Egg 2":10,"Fusion Hammer":5,"Art of War":8,"Membership Card":4,"MawBank":3,"Burning Blood":0,"Mercury Hourglass":2},{"Sozu":0,"Molten Egg 2":36,"Fusion Hammer":17,"Art of War":29,"Membership Card":9,"MawBank":7,"Burning Blood":0,"Mercury Hourglass":4}],"Mercury Hourglass":[109]},"card_choices":[{"not_picked":["Dark Embrace","Rampage"],"picked":"Whirlwind","floor":1.0},{"not_picked":["Cleave","Reckless Charge"],"picked":"Rage","floor":2.0},{"not_picked":["Power Through","Armaments"],"picked":"Headbutt","floor":4.0},{"not_picked":["Pummel","Body Slam"],"picked":"Pommel Strike","floor":13},{"not_picked":["Corruption","Immolate"],"picked":"Impervious","floor":16},{"not_picked":["Fire Breathing","Shrug It Off"],"picked":"Body Slam","floor":18},{"not_picked":["Twin Strike","True Grit"],"picked":"Shrug It Off+1","floor":19},{"not_picked":["Fire Breathing","Clash+1","Sword Boomerang+1"],"picked":"SKIP","floor":25},{"not_picked":["Rampage+1","Body Slam"],"picked":"Shockwave","floor":27},{"not_picked":["Evolve","Battle Trance"],"picked":"Whirlwind+1","floor":30},{"not_picked":["Disarm","Entrench"],"picked":"Whirlwind+1","floor":31}],"player_experience":556415,"relics_obtained":[{"floor":9,"key":"MawBank"},{"floor":26,"key":"Art of War"},{"floor":30,"key":"Molten Egg 2"}],"event_choices":[{"damage_healed":0.0,"max_hp_gain":0.0,"max_hp_loss":0.0,"gold_gain":0.0,"event_name":"Scrap Ooze","player_choice":"Success","floor":3.0,"gold_loss":0.0,"damage_taken":11.0,"relics_obtained":["Mercury Hourglass"]},{"damage_healed":0,"gold_gain":53,"player_choice":"Gained Gold","damage_taken":0,"max_hp_gain":0,"max_hp_loss":0,"event_name":"Golden Wing","floor":11,"gold_loss":0},{"cards_removed":["Strike_R"],"damage_healed":0,"gold_gain":0,"player_choice":"Gave Gold","damage_taken":0,"max_hp_gain":0,"max_hp_loss":0,"event_name":"Beggar","floor":20,"gold_loss":75},{"damage_healed":0,"gold_gain":0,"player_choice":"Became a vampire","damage_taken":0,"max_hp_gain":0,"max_hp_loss":23,"event_name":"Vampires","floor":21,"gold_loss":0,"cards_obtained":["Bite","Bite","Bite","Bite","Bite"]},{"damage_healed":0,"gold_gain":0,"cards_transformed":["Defend_R","Defend_R"],"player_choice":"Became Test Subject","damage_taken":0,"max_hp_gain":0,"max_hp_loss":0,"event_name":"Drug Dealer","floor":22,"gold_loss":0,"cards_obtained":["Warcry","Battle Trance"]}],"is_beta":false,"boss_relics":[{"not_picked":["Philosopher\u0027s Stone","Busted Crown"],"picked":"Fusion Hammer"}],"items_purged_floors":[5],"is_endless":false,"potions_floor_spawned":[1,2,16,19,25,30,31],"killed_by":"Champ","ascension_level":19}}