{"host":"9itbpxvmuk6em6oe","time":1610039436,"event":{"mods":["AchievementEnabler","BaseMod","Better-Laid Plans","Colored Powertips","Minty Spire (QoL Compilation)","Rare Cards Sparkle","SuperFastMode"],"gold_per_floor":[111,130,142,161,161,161,174,174,222,257,271,314,16,54,54,185,248,264,277,301,317,416,456,456,471,471,509,424,424,424,76,76,200,200,214,214,26,74,95,95,139,139,166,179,60,60,60,73,73,73],"floor_reached":51,"playtime":2350,"items_purged":[],"score":896,"play_id":"213e18a1-6fbc-4830-b303-5be91a7159e0","local_time":"20210107091036","is_ascension_mode":true,"campfire_choices":[{"floor":6,"key":"REST"},{"data":"Armaments","floor":8,"key":"SMITH"},{"floor":15,"key":"REST"},{"floor":24,"key":"REST"},{"floor":29,"key":"REST"},{"data":"Mayhem","floor":32,"key":"SMITH"},{"data":"Combust","floor":40,"key":"SMITH"},{"data":"Heavy Blade","floor":42,"key":"SMITH"},{"data":"Metallicize","floor":49,"key":"SMITH"}],"circlet_count":0,"master_deck":["Bash","Metallicize+1","Armaments+1","Uppercut","Thunderclap","Shockwave","Flame Barrier+1","Inflame","Sword Boomerang","Rage","Juggernaut","Reaper","Cleave","Thunderclap","Heavy Blade+1","Inflame","Flex","Seeing Red+1","Rage+1","Iron Wave","Mayhem+1","Armaments+1","Trip+1","Feed","Combust+1","Flame Barrier+1","Offering+1","Power Through+1","Whirlwind","Inflame","Seeing Red+1","Juggernaut","Armaments+1","Infernal Blade+1","Twin Strike","Pummel+1","Iron Wave+1","Enlightenment+1","Stack+1"],"relics":["Burning Blood","Golden Idol","Nunchaku","Paper Frog","Happy Flower","Membership Card","Bag of Marbles","Omamori","Bronze Scales","Tiny House","Regal Pillow","Toxic Egg 2","InkBottle","Tiny Chest","Smiling Mask","PreservedInsect","Orichalcum","Pandora\u0027s Box","Lantern","Blood Vial","Oddly Smooth Stone","Potion Belt","War Paint","PrismaticShard","Meat on the Bone"],"acts_visited":["Exordium","TheCity","TheBeyond"],"potions_floor_usage":[5,14,16,33,50],"damage_taken":[{"damage":2,"enemies":"Small Slimes","floor":1,"turns":5},{"damage":5,"enemies":"2 Louse","floor":2,"turns":3},{"damage":0,"enemies":"Cultist","floor":3,"turns":3},{"damage":32,"enemies":"Exordium Thugs","floor":4,"turns":6},{"damage":6,"enemies":"Looter","floor":7,"turns":4},{"damage":22,"enemies":"Lagavulin","floor":10,"turns":8},{"damage":1,"enemies":"Exordium Wildlife","floor":11,"turns":4},{"damage":16,"enemies":"3 Sentries","floor":12,"turns":8},{"damage":10,"enemies":"Lagavulin","floor":14,"turns":4},{"damage":1,"enemies":"Slime Boss","floor":16,"turns":8},{"damage":35,"enemies":"2 Thieves","floor":18,"turns":5},{"damage":1,"enemies":"3 Byrds","floor":19,"turns":4},{"damage":24,"enemies":"Sentry and Sphere","floor":20,"turns":5},{"damage":25,"enemies":"3 Cultists","floor":21,"turns":4},{"damage":27,"enemies":"Gremlin Leader","floor":23,"turns":3},{"damage":12,"enemies":"Snake Plant","floor":25,"turns":3},{"damage":42,"enemies":"Book of Stabbing","floor":27,"turns":5},{"damage":35,"enemies":"Champ","floor":33,"turns":9},{"damage":21,"enemies":"Orb Walker","floor":35,"turns":4},{"damage":7,"enemies":"3 Shapes","floor":39,"turns":2},{"damage":10,"enemies":"Giant Head","floor":41,"turns":5},{"damage":23,"enemies":"Writhing Mass","floor":44,"turns":7},{"damage":15,"enemies":"Spire Growth","floor":48,"turns":4},{"damage":65,"enemies":"Donu and Deca","floor":50,"turns":7}],"seed_played":"4816151874789867756","potions_obtained":[{"floor":2,"key":"BloodPotion"},{"floor":4,"key":"Block Potion"},{"floor":7,"key":"DuplicationPotion"},{"floor":12,"key":"SteroidPotion"},{"floor":17,"key":"FairyPotion"},{"floor":18,"key":"ElixirPotion"},{"floor":20,"key":"FearPotion"},{"floor":25,"key":"Block Potion"},{"floor":39,"key":"SteroidPotion"},{"floor":44,"key":"SpeedPotion"},{"floor":48,"key":"LiquidMemories"}],"is_trial":false,"path_per_floor":["M","M","M","M","?","R","M","R","T","E","M","E","$","E","R","B",null,"M","M","M","M","?","E","R","M","T","E","?","R","?","$","R","B",null,"M","?","$","T","M","R","E","R","T","M","$","?","T","M","R","B",null],"character_chosen":"IRONCLAD","items_purchased":["Membership Card","Bag of Marbles","Omamori","PreservedInsect","Orichalcum","Mayhem","Armaments+1","Trip+1","DistilledChaos","Lantern","Blood Vial","Infernal Blade+1","Enlightenment+1","PrismaticShard"],"campfire_rested":4,"item_purchase_floors":[13,13,13,31,31,31,31,31,31,37,37,37,45,45],"current_hp_per_floor":[80,80,80,54,50,74,74,74,74,58,63,53,53,49,73,78,85,62,76,58,39,39,18,58,52,52,16,16,56,56,56,56,37,85,70,70,70,70,71,71,80,80,80,65,65,65,65,68,68,29],"gold":73,"neow_bonus":"THREE_CARDS","is_daily":false,"chose_seed":false,"campfire_upgraded":5,"win_rate":0.0,"timestamp":1610039436,"path_taken":["M","M","M","M","?","R","M","R","T","E","M","E","$","E","R","BOSS","M","M","M","M","?","E","R","M","T","E","?","R","?","$","R","BOSS","M","?","?","?","?","R","E","R","T","M","?","?","?","M","R","BOSS"],"items_purchased_type":["Relic","Relic","Relic","Relic","Relic","Card","Card","Card","Potion","Relic","Relic","Card","Card","Relic"],"build_version":"2020-12-22","purchased_purges":0,"victory":true,"max_hp_per_floor":[80,80,80,80,80,80,80,80,80,80,80,80,80,80,80,80,85,85,85,85,85,85,85,85,85,85,85,85,85,85,85,85,85,85,85,85,85,85,85,85,85,85,85,85,85,85,85,85,85,85],"card_choices":[{"not_picked":["Reckless Charge","Clothesline"],"picked":"Metallicize","floor":0},{"not_picked":["Battle Trance","Shrug It Off"],"picked":"Armaments","floor":1},{"not_picked":["Clothesline","Reckless Charge"],"picked":"Uppercut","floor":2},{"not_picked":["Shrug It Off","True Grit"],"picked":"Thunderclap","floor":3},{"not_picked":["True Grit","Iron Wave"],"picked":"Shockwave","floor":4},{"not_picked":["Warcry","Second Wind"],"picked":"Flame Barrier","floor":7},{"not_picked":["Power Through","Pummel"],"picked":"Inflame","floor":10},{"not_picked":["Spot Weakness","Whirlwind"],"picked":"Sword Boomerang","floor":11},{"not_picked":["Anger","Spot Weakness"],"picked":"Rage","floor":12},{"not_picked":["Perfected Strike","Feed"],"picked":"Juggernaut","floor":14},{"not_picked":["Immolate","Bludgeon"],"picked":"Reaper","floor":16},{"not_picked":["Clothesline","Wild Strike"],"picked":"Cleave","floor":17},{"not_picked":["Pummel","Flame Barrier"],"picked":"Thunderclap","floor":18},{"not_picked":["Twin Strike","Ghostly Armor"],"picked":"Heavy Blade","floor":19},{"not_picked":["Perfected Strike","Evolve"],"picked":"Inflame","floor":20},{"not_picked":["Clothesline+1","Reaper"],"picked":"Flex","floor":21},{"not_picked":["Twin Strike","Clothesline"],"picked":"Seeing Red+1","floor":23},{"not_picked":["Bloodletting","Shrug It Off"],"picked":"Rage","floor":25},{"not_picked":["Pommel Strike","Entrench+1"],"picked":"Iron Wave","floor":27},{"not_picked":["Fiend Fire","Offering+1"],"picked":"Feed","floor":33},{"not_picked":["Wild Strike+1","Uppercut"],"picked":"Armaments+1","floor":35},{"not_picked":["Body Slam+1","True Grit+1"],"picked":"Twin Strike","floor":39},{"not_picked":["Evolve","Combust"],"picked":"Pummel+1","floor":41},{"not_picked":["Sword Boomerang","Warcry+1"],"picked":"Iron Wave+1","floor":44},{"not_picked":["Deep Breath+1","Steam Power+1"],"picked":"Stack+1","floor":48}],"player_experience":59185,"relics_obtained":[{"floor":9,"key":"Nunchaku"},{"floor":10,"key":"Paper Frog"},{"floor":12,"key":"Happy Flower"},{"floor":14,"key":"Bronze Scales"},{"floor":23,"key":"Regal Pillow"},{"floor":26,"key":"Toxic Egg 2"},{"floor":27,"key":"InkBottle"},{"floor":38,"key":"Oddly Smooth Stone"},{"floor":41,"key":"Potion Belt"},{"floor":43,"key":"War Paint"},{"floor":47,"key":"Meat on the Bone"}],"event_choices":[{"damage_healed":0,"gold_gain":0,"player_choice":"Take Damage","damage_taken":20,"relics_obtained":["Golden Idol"],"max_hp_gain":0,"max_hp_loss":0,"event_name":"Golden Idol","floor":5,"gold_loss":0},{"damage_healed":0,"gold_gain":99,"player_choice":"Stole From Cult","damage_taken":0,"max_hp_gain":0,"max_hp_loss":0,"event_name":"Nest","floor":22,"gold_loss":0},{"damage_healed":0,"gold_gain":0,"player_choice":"Obtained Relic","damage_taken":0,"relics_obtained":["Tiny Chest"],"max_hp_gain":0,"max_hp_loss":0,"event_name":"Addict","floor":28,"gold_loss":85},{"damage_healed":0,"gold_gain":0,"player_choice":"Gave Potion","damage_taken":0,"relics_obtained":["Smiling Mask"],"max_hp_gain":0,"max_hp_loss":0,"event_name":"WeMeetAgain","floor":30,"gold_loss":0},{"damage_healed":0,"gold_gain":0,"player_choice":"Bought 0 Potions","damage_taken":0,"max_hp_gain":0,"max_hp_loss":0,"event_name":"The Woman in Blue","floor":36,"gold_loss":0},{"cards_removed":["Clash"],"damage_healed":0,"gold_gain":0,"player_choice":"Removed Attack","damage_taken":0,"max_hp_gain":0,"max_hp_loss":0,"event_name":"Falling","floor":46,"gold_loss":0}],"is_beta":false,"boss_relics":[{"not_picked":["Ectoplasm","Sozu"],"picked":"Tiny House"},{"not_picked":["Empty Cage","Busted Crown"],"picked":"Pandora\u0027s Box"}],"items_purged_floors":[],"is_endless":false,"potions_floor_spawned":[2,4,7,12,18,20,23,25,39,44,48],"ascension_level":1}}