{"host":"wonp23fsqqcu31ie","time":1610063067,"event":{"mods":["2.2 Compatiblity","AchievementEnabler","Aspiration","BaseMod","Bestiary","Better Altar","Better Match","Better Sensory Stone","Better Skull","Better Third Choice","BetterRewards","Block Reminder","Colored Map","Colored Powertips","Conspire","Curses Come First","DeckTracker","Displayed Cursed Tome","Downfall","Evolution","Hermit","Highlight Path","Hubris","Marisa????????","Minty Spire (QoL Compilation)","Permanent Neow","Prisma Mod","Quick Restart","Rare Cards Sparkle","Relic Stats","Replay The Spire","Robot Space Explorer","Shade Mod","Shop Mod","StSLib","SuperFastMode","The Animator","The Bug Knight","The Construct","The Cursed","The Dragon Tamer","The Gatherer","The Marked","The Necromancer","The Runesmith","The Servant 0.9.4"],"gold_per_floor":[116,130,166,166,185,185,0,0,0,26,42,59,59,79,79,174,174,187,187,43,43,3,35,35,69,69,88,88,88,118,133,133,133,133],"floor_reached":33,"playtime":810,"items_purged":[],"score":379,"play_id":"91c573eb-086f-4fb4-b6ca-30734c4f742e","local_time":"20210108104427","is_ascension_mode":true,"campfire_choices":[{"floor":6,"key":"RECALL"},{"data":"Enlightenment","floor":8,"key":"SMITH"},{"data":"Genetic Algorithm","floor":13,"key":"SMITH"},{"floor":15,"key":"REST"},{"data":"Ragnarok","floor":24,"key":"SMITH"},{"floor":28,"key":"REST"},{"floor":32,"key":"REST"}],"circlet_count":0,"master_deck":["Strike_R","Strike_R","Strike_R","Strike_R","Strike_R","Defend_R","Defend_R","Defend_R","Defend_R","Bash","Cleave","Cleave","Wild Strike","Twin Strike","Self Repair+1","Iron Wave","Enlightenment+1","Fire Breathing","Genetic Algorithm+1","Heavy Blade","Electrodynamics+1","Steam","Chill","Intimidate+1","Ragnarok+1","Run Through","BowlingBash","ReplayTheSpireMod:Limb From Limb","Clothesline+1","Ghostly Armor+1","Anger+1","Armaments+1","Lockon"],"relics":["EVO:Axolotl","Vajra","Iron Core","aspiration:FrozenJewel","hubris:DisguiseKit","aspiration:WatcherSkillbook","Orrery","hubris:Icosahedron","The Courier","Snack Pack","construct:FoamFinger","Darkstone Periapt"],"acts_visited":["Exordium","TheCity"],"potions_floor_usage":[10,16,16,16,27,33],"damage_taken":[{"damage":1.0,"enemies":"Cultist","floor":1.0,"turns":3.0},{"damage":1.0,"enemies":"2 Louse","floor":2.0,"turns":2.0},{"damage":25,"enemies":"conspire:MimicChest","floor":3,"turns":5},{"damage":13,"enemies":"Small Slimes","floor":5,"turns":3},{"damage":35,"enemies":"Lagavulin","floor":10,"turns":5},{"damage":9,"enemies":"Looter","floor":11,"turns":2},{"damage":4,"enemies":"3 Louse","floor":12,"turns":3},{"damage":17,"enemies":"Exordium Wildlife","floor":14,"turns":3},{"damage":56,"enemies":"The Guardian","floor":16,"turns":9},{"damage":25,"enemies":"3 Byrds","floor":18,"turns":4},{"damage":17,"enemies":"conspire:Head Lice","floor":23,"turns":6},{"damage":33,"enemies":"Replay:Snechameleon","floor":25,"turns":5},{"damage":21,"enemies":"conspire:FuzzyDice","floor":27,"turns":6},{"damage":14,"enemies":"HollowMod:Nosk","floor":30,"turns":8},{"damage":24,"enemies":"Centurion and Healer","floor":31,"turns":5},{"damage":82,"enemies":"Automaton","floor":33,"turns":6}],"seed_played":"-3313793853775845853","potions_obtained":[{"floor":3,"key":"Venom Potion"},{"floor":5,"key":"Swift Potion"},{"floor":11,"key":"Fire Potion"},{"floor":14,"key":"DuplicationPotion"},{"floor":18,"key":"sneckomod:MuddlingPotion"},{"floor":30,"key":"LiquidBronze"}],"is_trial":false,"path_per_floor":["M","M","?","?","M","R","?","R","T","E","M","M","R","M","R","B",null,"M","?","$","?","$","E","R","E","T","M","R","T","E","M","R","B"],"character_chosen":"IRONCLAD","items_purchased":["Orrery","ReplayTheSpireMod:Limb From Limb"],"campfire_rested":3,"item_purchase_floors":[20,22],"current_hp_per_floor":[80,80,61,61,58,58,64,64,64,39,40,46,46,39,64,18,69,54,54,54,54,54,47,47,24,24,15,40,40,42,30,55,0,0],"gold":133,"neow_bonus":"THREE_CARDS","is_daily":false,"chose_seed":false,"campfire_upgraded":3,"win_rate":0.0,"timestamp":1610063067,"path_taken":["M","?","?","?","M","R","?","R","T","E","M","M","R","M","R","BOSS","M","?","$","?","?","E","R","E","T","M","R","?","E","M","R","BOSS"],"items_purchased_type":["Relic","Card"],"build_version":"2020-12-22","purchased_purges":0,"victory":false,"max_hp_per_floor":[80,80,80,80,80,80,86,86,86,86,86,86,86,86,86,86,86,86,86,86,86,86,86,86,86,86,86,86,86,86,86,86,86,86],"relic_stats":{"Darkstone Periapt":0,"counters":[119,507],"obtain_stats":[{"construct:FoamFinger":29,"hubris:MysteriousPyramids":8,"Sling":0,"Replay:Bronze Core":17,"Kunai":24,"HollowMod:PaleOreRelic":5,"Replay:Wax Seal":0,"MerchantsRug":36,"conspire:TreasureMap":0,"construct:RocketBooster":20,"Pear":43,"Counterbalance":37,"ReplayTheSpireMod:Ring of Addiction":43,"Eternal Feather":30,"Guardian:PocketSentry":48,"Akabeko":30,"aspiration:FrozenJewel":9,"ReplayTheSpireMod:Ring of Collecting":19,"hubris:TenFootPole":31,"Regal Pillow":25,"aspiration:Lifesprig":54,"Painkiller Herb":34,"Cursed Key":17,"Burning Blood":0,"hubris:Backtick":17,"Matryoshka":26,"Ring of Peace":46,"hubris:ScarierMask":34,"Chemical X":0,"Ring of Panic":19,"hubris:ChampionShield":13,"Potion Belt":0,"Lee\u0027s Waffle":0,"construct:WeddingRing":17,"Self Forming Clay":43,"PreservedInsect":3,"The Courier":23,"hubris:Towel":21,"MawBank":6,"hubris:Spice":0,"Ring of Misfortune":26,"Orrery":20,"Durian":0,"Art of War":41,"Champion Belt":0,"Bottled Lightning":19,"Toy Ornithopter":43,"CeramicFish":0,"Vajra":26,"EVO:Axolotl":0,"DollysMirror":11,"Strawberry":36,"Prayer Wheel":28,"Philosopher\u0027s Stone":17,"Girya":30,"hubris:Teleporter":0,"ReplayTheSpireMod:CursedCoin":42,"Replay:Grab Bag":17,"Oddly Smooth Stone":20,"conspire:Boomerang":0,"Letter Opener":9,"aspiration:HiddenCompartment":8,"hubris:Zylophone":0,"ReplayTheSpireMod:Spearhead":29,"ReplayTheSpireMod:Shallot":53,"Bronze Scales":43,"Onion Ring":2,"Simple Rune":9,"hubris:PeanutButter":8,"ReplayTheSpireMod:TigerMarble":46,"hubris:ToyBattleship":14,"CatCart":45,"Darkstone Periapt":17,"Iron Core":4,"SacredBark":34,"Black Blood":34,"hubris:SlimyHat":3,"Incense Burner":42,"aspiration:StickyExplosives_weak":44,"ClockworkSouvenir":20,"Nunchaku":6,"hubris:Icosahedron":39,"aspiration:DefectSkillbook":17,"Gambling Chip":53,"Tiny Chest":8,"Replay:Bottled Snecko":6,"hubris:DisguiseKit":10,"Guide Book":53,"Replay:WaspNest":23,"Orichalcum":25,"White Beast Statue":43,"Peace Pipe":0,"CaptainsWheel":0,"aspiration:WatcherSkillbook":17,"Ring of Fury":46,"Another Sword":11,"Bag of Marbles":23,"Snack Pack":25,"Membership Card":31},{"construct:FoamFinger":116,"hubris:MysteriousPyramids":5,"Sling":39,"Replay:Bronze Core":74,"Kunai":10,"HollowMod:PaleOreRelic":68,"Replay:Wax Seal":94,"MerchantsRug":16,"conspire:TreasureMap":66,"construct:RocketBooster":8,"Pear":18,"Counterbalance":17,"ReplayTheSpireMod:Ring of Addiction":18,"Eternal Feather":81,"Guardian:PocketSentry":91,"Akabeko":34,"aspiration:FrozenJewel":107,"ReplayTheSpireMod:Ring of Collecting":8,"hubris:TenFootPole":14,"Regal Pillow":52,"aspiration:Lifesprig":93,"Painkiller Herb":82,"Cursed Key":48,"Burning Blood":0,"hubris:Backtick":48,"Matryoshka":79,"Ring of Peace":63,"hubris:ScarierMask":56,"Chemical X":94,"Ring of Panic":8,"hubris:ChampionShield":27,"Potion Belt":94,"Lee\u0027s Waffle":22,"construct:WeddingRing":7,"Self Forming Clay":61,"PreservedInsect":96,"The Courier":114,"hubris:Towel":8,"MawBank":25,"hubris:Spice":39,"Ring of Misfortune":10,"Orrery":113,"Durian":0,"Art of War":61,"Champion Belt":66,"Bottled Lightning":75,"Toy Ornithopter":18,"CeramicFish":22,"Vajra":31,"EVO:Axolotl":0,"DollysMirror":5,"Strawberry":83,"Prayer Wheel":33,"Philosopher\u0027s Stone":48,"Girya":81,"hubris:Teleporter":94,"ReplayTheSpireMod:CursedCoin":61,"Replay:Grab Bag":48,"Oddly Smooth Stone":75,"conspire:Boomerang":22,"Letter Opener":27,"aspiration:HiddenCompartment":44,"hubris:Zylophone":94,"ReplayTheSpireMod:Spearhead":81,"ReplayTheSpireMod:Shallot":92,"Bronze Scales":88,"Onion Ring":2,"Simple Rune":5,"hubris:PeanutButter":27,"ReplayTheSpireMod:TigerMarble":20,"hubris:ToyBattleship":73,"CatCart":63,"Darkstone Periapt":48,"Iron Core":106,"SacredBark":15,"Black Blood":35,"hubris:SlimyHat":2,"Incense Burner":61,"aspiration:StickyExplosives_weak":19,"ClockworkSouvenir":75,"Nunchaku":69,"hubris:Icosahedron":17,"aspiration:DefectSkillbook":28,"Gambling Chip":92,"Tiny Chest":70,"Replay:Bottled Snecko":98,"hubris:DisguiseKit":108,"Guide Book":92,"Replay:WaspNest":77,"Orichalcum":52,"White Beast Statue":18,"Peace Pipe":94,"CaptainsWheel":66,"aspiration:WatcherSkillbook":112,"Ring of Fury":63,"Another Sword":72,"Bag of Marbles":31,"Snack Pack":115,"Membership Card":81},{"construct:FoamFinger":488,"hubris:MysteriousPyramids":17,"Sling":158,"Replay:Bronze Core":294,"Kunai":38,"HollowMod:PaleOreRelic":268,"Replay:Wax Seal":397,"MerchantsRug":60,"conspire:TreasureMap":260,"construct:RocketBooster":29,"Pear":63,"Counterbalance":62,"ReplayTheSpireMod:Ring of Addiction":63,"Eternal Feather":332,"Guardian:PocketSentry":380,"Akabeko":126,"aspiration:FrozenJewel":445,"ReplayTheSpireMod:Ring of Collecting":29,"hubris:TenFootPole":49,"Regal Pillow":201,"aspiration:Lifesprig":390,"Painkiller Herb":338,"Cursed Key":187,"Burning Blood":0,"hubris:Backtick":187,"Matryoshka":322,"Ring of Peace":241,"hubris:ScarierMask":215,"Chemical X":397,"Ring of Panic":29,"hubris:ChampionShield":94,"Potion Belt":397,"Lee\u0027s Waffle":79,"construct:WeddingRing":28,"Self Forming Clay":231,"PreservedInsect":406,"The Courier":477,"hubris:Towel":29,"MawBank":88,"hubris:Spice":158,"Ring of Misfortune":38,"Orrery":471,"Durian":0,"Art of War":231,"Champion Belt":260,"Bottled Lightning":298,"Toy Ornithopter":63,"CeramicFish":79,"Vajra":113,"EVO:Axolotl":0,"DollysMirror":17,"Strawberry":343,"Prayer Wheel":123,"Philosopher\u0027s Stone":187,"Girya":332,"hubris:Teleporter":397,"ReplayTheSpireMod:CursedCoin":231,"Replay:Grab Bag":187,"Oddly Smooth Stone":298,"conspire:Boomerang":79,"Letter Opener":94,"aspiration:HiddenCompartment":171,"hubris:Zylophone":397,"ReplayTheSpireMod:Spearhead":332,"ReplayTheSpireMod:Shallot":386,"Bronze Scales":366,"Onion Ring":8,"Simple Rune":17,"hubris:PeanutButter":94,"ReplayTheSpireMod:TigerMarble":72,"hubris:ToyBattleship":291,"CatCart":241,"Darkstone Periapt":187,"Iron Core":442,"SacredBark":57,"Black Blood":137,"hubris:SlimyHat":8,"Incense Burner":231,"aspiration:StickyExplosives_weak":69,"ClockworkSouvenir":298,"Nunchaku":272,"hubris:Icosahedron":62,"aspiration:DefectSkillbook":101,"Gambling Chip":386,"Tiny Chest":280,"Replay:Bottled Snecko":412,"hubris:DisguiseKit":450,"Guide Book":386,"Replay:WaspNest":311,"Orichalcum":201,"White Beast Statue":63,"Peace Pipe":397,"CaptainsWheel":260,"aspiration:WatcherSkillbook":467,"Ring of Fury":241,"Another Sword":289,"Bag of Marbles":113,"Snack Pack":482,"Membership Card":332}]},"card_choices":[{"not_picked":["True Grit","Clothesline"],"picked":"Cleave","floor":0.0},{"not_picked":["Anger","Headbutt"],"picked":"Cleave","floor":1.0},{"not_picked":["Sever Soul","Headbutt"],"picked":"Wild Strike","floor":2.0},{"not_picked":["Bloodletting","Shrug It Off"],"picked":"Twin Strike","floor":3},{"not_picked":["Armaments","Wild Strike"],"picked":"Iron Wave","floor":5},{"not_picked":["Clothesline","Hologram","Demonic Infusion"],"picked":"SKIP","floor":10},{"not_picked":["Sword Boomerang","Shrug It Off","Turbo"],"picked":"Fire Breathing","floor":11},{"not_picked":["Shrug It Off","ReplayTheSpireMod:Repulse","Barrage"],"picked":"Genetic Algorithm","floor":12},{"not_picked":["WeaponsOverheat","Sentinel","Turbo"],"picked":"Heavy Blade","floor":14},{"not_picked":["Bludgeon","Double Tap","Hemogenesis"],"picked":"Electrodynamics","floor":16},{"not_picked":["Shrug It Off","Wild Strike","FlyingSleeves","Replay:AtTheReady"],"picked":"Steam","floor":18},{"not_picked":["Iron Wave","hubris:SharpeningStone+1","Crescendo","FlurryOfBlows"],"picked":"Chill","floor":20},{"not_picked":["Double Tap","Metallicize","Halt","Steam"],"picked":"Intimidate+1","floor":20},{"not_picked":["Protect","hubris:ReadiedAction","ReplayTheSpireMod:Strike From Hell","Hologram"],"picked":"Ragnarok","floor":20},{"not_picked":["Warcry+1","Replay:BluntJabs","Juggernaut","Recycle"],"picked":"Run Through","floor":20},{"not_picked":["EmptyFist","Wild Strike","Armaments","ReplaySort"],"picked":"BowlingBash","floor":20},{"not_picked":["Defy Death","Offering","DeceiveReality","Reinforced Body"],"picked":"Clothesline+1","floor":23},{"not_picked":["Twin Strike","Life Link","Clothesline","Compile Driver"],"picked":"Ghostly Armor+1","floor":25},{"not_picked":["Entrench","Cleave","BowlingBash+1","Compile Driver"],"picked":"Anger+1","floor":27},{"not_picked":["Sword Boomerang","Immolate","Evaluate","BasicCrystalCard"],"picked":"Armaments+1","floor":30},{"not_picked":["Nirvana+1","CrushJoints","Headbutt","ReplayTheSpireMod:Stacked"],"picked":"Lockon","floor":31}],"player_experience":485535,"relics_obtained":[{"floor":3,"key":"Vajra"},{"floor":9,"key":"aspiration:FrozenJewel"},{"floor":10,"key":"hubris:DisguiseKit"},{"floor":23,"key":"The Courier"},{"floor":25,"key":"Snack Pack"},{"floor":29,"key":"construct:FoamFinger"},{"floor":30,"key":"Darkstone Periapt"}],"event_choices":[{"damage_healed":0,"gold_gain":0,"player_choice":"RENOUNCE","damage_taken":185,"max_hp_gain":0,"max_hp_loss":0,"event_name":"betterThird:BetterSerpent","floor":7,"gold_loss":185,"cards_obtained":["Enlightenment"]}],"is_beta":false,"boss_relics":[{"not_picked":["Snecko Eye","conspire:RoyalGoblet"],"picked":"aspiration:WatcherSkillbook"}],"items_purged_floors":[],"is_endless":false,"potions_floor_spawned":[3,5,11,14,18,30],"killed_by":"Automaton","ascension_level":5}}