{"host":"g1wmg2w41xhsnw8g","time":1610000099,"event":{"mods":["2.2 Compatiblity","Act Like it!","BaseMod","Better Altar","Better Match","Better Note","Better Sensory Stone","Better Skull","Better Third Choice","BetterRewards","Booster Modes","CapriCore","Colored Map","Colored Powertips","Curses Come First","Defuse TimeMaze Blight","Displayed Cursed Tome","Evolution","Friendly Minions","GifTheSpireLib","Googly Eyes","Infinite Spire","Minty Spire (QoL Compilation)","Red Circlet Mod","Relic Sorter","Robot Space Explorer","Ruin Mod","SCP261 Mod","Shop Mod","Spicy Shops","Spikes Relics","StSLib","The Sage","Transform Curses","Wandering Minibosses","????"],"gold_per_floor":[116,0,0,16,29,62,75,105,105,135,135,145,145,160,160,263,263,228,278,278,52,56,88,88,127,127,164,177,189,189],"floor_reached":29,"playtime":1733,"items_purged":[],"score":499,"play_id":"837e3a9d-46af-4cab-89bf-709a75704fe5","local_time":"20210107011458","is_ascension_mode":true,"campfire_choices":[{"floor":11.0,"key":"REST"},{"data":"Enlightenment","floor":15.0,"key":"SMITH"},{"floor":24.0,"key":"REST"}],"circlet_count":0,"master_deck":["theRuin:GraveLeap","theRuin:InfectedDagger","theRuin:GraveRobber","theRuin:Revival+1","theRuin:DefensiveDuel","theRuin:MeatShield","theRuin:DefensiveDuel","theRuin:MeatShield","theRuin:Burial+1","theRuin:FromTheGrave","theRuin:SharpenedBones","theRuin:InfectedDagger","Enlightenment+1","theRuin:GraveLeap","theRuin:BoneToss","theRuin:GiftFromBeyond","theRuin:BoneToss","theRuin:DeadPower","theRuin:Endure","theRuin:Patience","theRuin:NecroticBurn","theRuin:ScytheStrike","theRuin:NecroSoul","theRuin:Forethought","theRuin:Endure","CurseOfTheBell","BlessedFruit+1","BlessedFruit","theRuin:QuestionablePotion","theRuin:BigBones","infinitespire:TheBestDefense","theRuin:Rebuilding","theRuin:NecroSoul+1","theRuin:BoneToss+1"],"relics":["theRuin:Coffin","EVO:Axolotl","MerchantsRug","infinitespire:Midas Blood","SpikesRelics:ToyHorsey","Prayer Wheel","theRuin:UndeadAmulet","HornCleat","Du-Vu Doll","Calling Bell","Pen Nib","Blue Candle","HeavenlyBonsai","Bag of Marbles","Frozen Eye","Shuriken","Pocketwatch","Lantern","Smiling Mask","SuspiciousGoo"],"acts_visited":["Exordium","TheCity"],"potions_floor_usage":[29],"damage_taken":[{"damage":0.0,"enemies":"Cultist","floor":1.0,"turns":4.0},{"damage":12.0,"enemies":"2 Louse","floor":4.0,"turns":3.0},{"damage":0.0,"enemies":"Small Slimes","floor":5.0,"turns":2.0},{"damage":28.0,"enemies":"Gremlin Nob","floor":6.0,"turns":5.0},{"damage":10.0,"enemies":"Exordium Thugs","floor":7.0,"turns":3.0},{"damage":13.0,"enemies":"3 Sentries","floor":8.0,"turns":4.0},{"damage":0.0,"enemies":"Gremlin Nob","floor":10.0,"turns":3.0},{"damage":0.0,"enemies":"Looter","floor":12.0,"turns":3.0},{"damage":6.0,"enemies":"2 Fungi Beasts","floor":14.0,"turns":2.0},{"damage":12.0,"enemies":"Hexaghost","floor":16.0,"turns":7.0},{"damage":36.0,"enemies":"Shell Parasite","floor":18.0,"turns":7.0},{"damage":3.0,"enemies":"Book of Stabbing","floor":23.0,"turns":1.0},{"damage":16.0,"enemies":"Gremlin Leader","floor":25.0,"turns":2.0},{"damage":27,"enemies":"Slavers","floor":27,"turns":6},{"damage":0,"enemies":"3 Byrds","floor":28,"turns":5},{"damage":34,"enemies":"Nightmare","floor":29,"turns":5}],"seed_played":"5226753118550633781","potions_obtained":[{"floor":6.0,"key":"PowerPotion"},{"floor":8.0,"key":"DuplicationPotion"},{"floor":12.0,"key":"SpeedPotion"},{"floor":18.0,"key":"EssenceOfSteel"},{"floor":19.0,"key":"AttackPotion"},{"floor":28,"key":"Block Potion"}],"is_trial":false,"path_per_floor":["M","?","?","M","M","E","M","E","T","E","R","M","?","M","R","B",null,"M","AVR","?","$","?","E","R","E","T","E","M","NM"],"character_chosen":"THE_DEFAULT","items_purchased":["MerchantsRug","infinitespire:Midas Blood","SpikesRelics:ToyHorsey","theRuin:SharpenedBones","Frozen Eye","Shuriken"],"campfire_rested":2,"item_purchase_floors":[0,0,0,0,21,21],"current_hp_per_floor":[72,78,78,66,66,38,28,15,15,15,38,38,38,32,32,20,78,44,49,49,49,34,31,56,42,42,26,29,0,0],"gold":189,"neow_bonus":"","is_daily":false,"chose_seed":false,"campfire_upgraded":1,"win_rate":0.0,"timestamp":1610000098,"path_taken":["M","?","?","M","M","E","M","E","T","E","R","M","?","M","R","BOSS","M","AVR","?","?","?","E","R","E","T","E","M","NM"],"items_purchased_type":["Relic","Relic","Relic","Card","Relic","Relic"],"build_version":"2020-12-22","purchased_purges":0,"victory":false,"max_hp_per_floor":[72,78,78,78,78,78,78,78,78,78,78,78,78,78,78,78,78,80,85,85,85,85,85,85,85,85,88,91,94,94],"card_choices":[{"not_picked":["theRuin:GiftFromBeyond","theRuin:NecroticBurn"],"picked":"theRuin:InfectedDagger","floor":1.0},{"not_picked":["theRuin:Patience","theRuin:Forethought"],"picked":"theRuin:BoneToss","floor":4.0},{"not_picked":["theRuin:MassiveOrganFailure","theRuin:CursedBlood"],"picked":"theRuin:GiftFromBeyond","floor":5.0},{"not_picked":["theRuin:MeatShield","theRuin:DraggedDown","theRuin:ShallowGraveStrike"],"picked":"SKIP","floor":6.0},{"not_picked":["theRuin:ShallowGraveStrike","theRuin:SkeletonParty"],"picked":"theRuin:BoneToss","floor":7.0},{"not_picked":["theRuin:GraveLeap","theRuin:DropDead","theRuin:SharedGrave"],"picked":"SKIP","floor":7.0},{"not_picked":["theRuin:SharedGrave","theRuin:RaiseDead"],"picked":"theRuin:DeadPower","floor":8.0},{"not_picked":["theRuin:BoneToss","theRuin:DefensiveDuel"],"picked":"theRuin:Endure","floor":10.0},{"not_picked":["theRuin:BonyShield","theRuin:GiftFromBeyond"],"picked":"theRuin:Patience","floor":12.0},{"not_picked":["theRuin:DefensiveDuel","theRuin:DeadPower"],"picked":"theRuin:NecroticBurn","floor":12.0},{"not_picked":["theRuin:BoneToss","theRuin:SharedGrave"],"picked":"theRuin:NecroSoul","floor":14.0},{"not_picked":["theRuin:GraveLeap","theRuin:AnkleGrab"],"picked":"theRuin:Forethought","floor":14.0},{"not_picked":["theRuin:ScytheStrike","theRuin:DescentToDeath"],"picked":"theRuin:Endure","floor":16.0},{"not_picked":["theRuin:CursedBlood","theRuin:NecroSoul"],"picked":"theRuin:QuestionablePotion","floor":18.0},{"not_picked":["theRuin:BoneToss","theRuin:MeatShield"],"picked":"theRuin:BigBones","floor":18.0},{"not_picked":["theRuin:Revival","theRuin:QuestionablePotion"],"picked":"theRuin:Rebuilding","floor":19.0},{"not_picked":["theRuin:Forethought","theRuin:Patience"],"picked":"theRuin:NecroSoul+1","floor":23.0},{"not_picked":["theRuin:RaiseDead","theRuin:NecroSoul+1","theRuin:SharpenedBones"],"picked":"SKIP","floor":25.0},{"not_picked":["theRuin:MyOwnBones","theRuin:Revival"],"picked":"theRuin:BoneToss+1","floor":27},{"not_picked":["theRuin:SharedGrave+1","theRuin:Forethought","theRuin:Endure"],"picked":"SKIP","floor":28},{"not_picked":["theRuin:BoneFactory","theRuin:CursedBlood","theRuin:GraveRobber"],"picked":"SKIP","floor":28}],"player_experience":1080094,"relics_obtained":[{"floor":6.0,"key":"Prayer Wheel"},{"floor":8.0,"key":"theRuin:UndeadAmulet"},{"floor":9.0,"key":"HornCleat"},{"floor":10.0,"key":"Du-Vu Doll"},{"floor":17.0,"key":"Pen Nib"},{"floor":17.0,"key":"Blue Candle"},{"floor":17.0,"key":"HeavenlyBonsai"},{"floor":23.0,"key":"Pocketwatch"},{"floor":25.0,"key":"Lantern"},{"floor":26.0,"key":"Smiling Mask"},{"floor":27,"key":"SuspiciousGoo"}],"event_choices":[{"damage_healed":0.0,"max_hp_gain":0.0,"max_hp_loss":0.0,"gold_gain":0.0,"event_name":"betterThird:BetterSerpent","player_choice":"RENOUNCE","floor":2.0,"gold_loss":116.0,"damage_taken":116.0,"cards_obtained":["Enlightenment"]},{"damage_healed":0.0,"max_hp_gain":0.0,"max_hp_loss":0.0,"gold_gain":0.0,"cards_transformed":["theRuin:DefensiveDuel"],"event_name":"Living Wall","player_choice":"Change","floor":3.0,"gold_loss":0.0,"damage_taken":0.0,"cards_obtained":["theRuin:GraveLeap"]},{"damage_healed":0.0,"max_hp_gain":0.0,"max_hp_loss":0.0,"gold_gain":0.0,"cards_transformed":["theRuin:ShallowGraveStrike"],"event_name":"Transmorgrifier","player_choice":"Transformed","floor":13.0,"gold_loss":0.0,"damage_taken":0.0,"cards_obtained":["theRuin:ScytheStrike"]},{"damage_healed":0.0,"max_hp_gain":0.0,"max_hp_loss":0.0,"gold_gain":0.0,"event_name":"Accursed Blacksmith","player_choice":"Forge","floor":20.0,"gold_loss":0.0,"damage_taken":0.0,"cards_upgraded":["BlessedFruit"]},{"damage_healed":0.0,"max_hp_gain":0.0,"max_hp_loss":0.0,"gold_gain":0.0,"event_name":"betterSkull:BetterSkull","player_choice":"UP ","floor":22.0,"gold_loss":0.0,"damage_taken":17.0,"cards_upgraded":["theRuin:Burial"],"relics_obtained":[]}],"is_beta":false,"boss_relics":[{"not_picked":["Fusion Hammer","Coffee Dripper"],"picked":"Calling Bell"}],"items_purged_floors":[],"is_endless":false,"potions_floor_spawned":[6,8,12,18,28],"killed_by":"Nightmare","ascension_level":1}}