{"host":"qg7fj05lalo09o61","time":1610025005,"event":{"mods":["Act Like it!","Always Whale","BaseMod","CapriCore","Gensokyo","Minty Spire (QoL Compilation)","Onozuka Komachi Mod","StSLib"],"gold_per_floor":[115,115,115,135,148,166,200,200,225,225,260,275,275,300,300,402,402,419,61,71,88,108,141,141,153,153,153,164,164,164,164,164,139,139],"floor_reached":33,"playtime":2591,"items_purged":[],"score":287,"play_id":"d52067dc-ab97-47ca-b785-c0eb8278688e","local_time":"20210107161005","is_ascension_mode":false,"campfire_choices":[{"data":"Komachi:ChildSpirit","floor":8,"key":"SMITH"},{"floor":10,"key":"REST"},{"data":"Komachi:Bound","floor":15,"key":"SMITH"},{"data":"Komachi:AwaitedRest","floor":24,"key":"SMITH"},{"data":"Komachi:ConfinesAvichi","floor":27,"key":"SMITH"},{"data":"Komachi:EaseRest","floor":29,"key":"SMITH"},{"data":"Komachi:DestroyHope","floor":30,"key":"SMITH"},{"data":"Komachi:EndlessWay","floor":32,"key":"SMITH"}],"circlet_count":0,"master_deck":["Komachi:Defend","Komachi:Defend","Komachi:Defend","Komachi:Defend","Komachi:Bound+1","Komachi:ReaperScythe+1","Komachi:DestroyHope+1","Komachi:EndlessWay+1","Komachi:DoubleCut+1","Komachi:ConfinesAvichi+1","Komachi:PowerSharing","Komachi:VengefulSpirit","Komachi:ChildSpirit+1","Komachi:AwaitedRest+1","Komachi:EaseRest+1","Komachi:EndlessWay+1","Komachi:GreedySpirit","CurseOfTheBell","Komachi:FlowRiver","Komachi:FloatingSpirit+1","Komachi:BoatSanzu+1","Komachi:HumanSpirit+1","Komachi:Behead+1","Komachi:AwaitedRest+1"],"relics":["Komachi:Relic:FerryingBoat","Juzu Bracelet","Tiny Chest","Bag of Preparation","Whetstone","Calling Bell","The Courier","FossilizedHelix","Oddly Smooth Stone","Orichalcum","Strawberry","ClockworkSouvenir","Bottled Flame","WingedGreaves"],"acts_visited":["Exordium","Gensokyo:Gensokyo"],"potions_floor_usage":[14,23,33,33],"damage_taken":[{"damage":7.0,"enemies":"Gensokyo:Python","floor":1.0,"turns":3.0},{"damage":0,"enemies":"Gensokyo:3_Fairies","floor":4,"turns":4},{"damage":1,"enemies":"Gensokyo:Gryphon","floor":5,"turns":2},{"damage":9,"enemies":"Gensokyo:2_Rabbits","floor":6,"turns":6},{"damage":32,"enemies":"Gensokyo:Cirno","floor":7,"turns":7},{"damage":24,"enemies":"Gensokyo:Aya","floor":11,"turns":4},{"damage":11,"enemies":"Gensokyo:Python_and_Kodama","floor":12,"turns":4},{"damage":9,"enemies":"Gensokyo:Cirno","floor":14,"turns":5},{"damage":31,"enemies":"Gensokyo:Kokoro","floor":16,"turns":10},{"damage":39,"enemies":"Gensokyo:3_Dogs","floor":18,"turns":6},{"damage":0,"enemies":"Gensokyo:2_Gloops","floor":20,"turns":4},{"damage":19,"enemies":"Gensokyo:Slime_Group","floor":21,"turns":5},{"damage":14,"enemies":"Gensokyo:Swordslinger","floor":22,"turns":4},{"damage":38,"enemies":"Gensokyo:Reisen","floor":23,"turns":10},{"damage":18,"enemies":"Gensokyo:Wraith","floor":25,"turns":3},{"damage":5,"enemies":"Gensokyo:Monolith_and_Dog","floor":28,"turns":6},{"damage":95,"enemies":"Gensokyo:Eternal_Rivals","floor":33,"turns":9}],"seed_played":"6749745820697112284","potions_obtained":[{"floor":4,"key":"DuplicationPotion"},{"floor":6,"key":"PowerPotion"},{"floor":7,"key":"Swift Potion"},{"floor":14,"key":"GamblersBrew"},{"floor":23,"key":"CultistPotion"}],"is_trial":false,"path_per_floor":["M","?","?","M","M","M","E","R","T","R","E","M","?","E","R","B",null,"M","$","M","M","M","E","R","M","T","R","M","R","R","?","R","B"],"character_chosen":"KOMACHI_CLASS","items_purchased":["Orichalcum","Strawberry","ClockworkSouvenir"],"campfire_rested":1,"item_purchase_floors":[19,19,19],"current_hp_per_floor":[47,47,47,47,46,37,5,5,5,27,11,18,18,25,25,6,75,46,53,75,75,66,44,44,48,48,48,67,67,67,67,67,0,0],"gold":139,"neow_bonus":"TRANSFORM_TWO_CARDS","is_daily":false,"chose_seed":false,"campfire_upgraded":7,"win_rate":0.0,"timestamp":1610025005,"path_taken":["M","?","?","M","?","M","E","R","T","R","E","M","?","E","R","BOSS","M","$","M","M","M","E","R","M","T","R","M","R","R","?","R","BOSS"],"items_purchased_type":["Relic","Relic","Relic"],"build_version":"2020-12-22","purchased_purges":0,"victory":false,"max_hp_per_floor":[75,75,75,75,75,75,75,75,75,75,75,75,75,75,75,75,75,75,82,82,82,82,82,82,82,82,82,82,82,82,82,82,82,82],"card_choices":[{"not_picked":["Komachi:FlowRiver","Komachi:GhostlyBarrier"],"picked":"Komachi:DoubleCut","floor":1.0},{"not_picked":["Komachi:HungrySpirit","Komachi:Fare"],"picked":"Komachi:ConfinesAvichi","floor":4},{"not_picked":["Komachi:DoubleCut","Komachi:Shortcut"],"picked":"Komachi:PowerSharing","floor":5},{"not_picked":["Komachi:FlowRiver","Komachi:RiverMist"],"picked":"Komachi:VengefulSpirit","floor":6},{"not_picked":["Komachi:UnseenSpirit","Komachi:FloatingSpirit"],"picked":"Komachi:ChildSpirit","floor":7},{"not_picked":["Komachi:HumanSpirit","Komachi:RepentantSoul"],"picked":"Komachi:AwaitedRest","floor":11},{"not_picked":["Komachi:FullSwing","Komachi:BoatSanzu"],"picked":"Komachi:EaseRest","floor":12},{"not_picked":["Komachi:PremonitiveStrike","Komachi:FellowTraveler"],"picked":"Komachi:EndlessWay","floor":14},{"not_picked":["Komachi:DestroyHope","Komachi:GhostlySlice"],"picked":"Komachi:GreedySpirit","floor":16},{"not_picked":["Komachi:SpiritBlade","Komachi:PremonitiveStrike"],"picked":"Komachi:FlowRiver","floor":18},{"not_picked":["Komachi:LonelySpirit","Komachi:SinnerSpirit","Komachi:Shortcut"],"picked":"SKIP","floor":20},{"not_picked":["Komachi:YesterdayMoney","Komachi:EndlessWay"],"picked":"Komachi:FloatingSpirit+1","floor":21},{"not_picked":["Komachi:WanderingSpirits","Komachi:Drowning"],"picked":"Komachi:BoatSanzu+1","floor":22},{"not_picked":["Komachi:RiverMist","Komachi:RepentantSoul"],"picked":"Komachi:HumanSpirit+1","floor":23},{"not_picked":["Komachi:HumanSpirit","Komachi:WideSwing"],"picked":"Komachi:Behead+1","floor":25},{"not_picked":["Komachi:UnseenSpirit","Komachi:EaseRest+1"],"picked":"Komachi:AwaitedRest+1","floor":28}],"player_experience":191898,"relics_obtained":[{"floor":7,"key":"Juzu Bracelet"},{"floor":9,"key":"Tiny Chest"},{"floor":11,"key":"Bag of Preparation"},{"floor":14,"key":"Whetstone"},{"floor":17,"key":"The Courier"},{"floor":17,"key":"FossilizedHelix"},{"floor":17,"key":"Oddly Smooth Stone"},{"floor":23,"key":"Bottled Flame"},{"floor":26,"key":"WingedGreaves"}],"event_choices":[],"is_beta":false,"boss_relics":[{"not_picked":["Tiny House","Velvet Choker"],"picked":"Calling Bell"}],"items_purged_floors":[],"is_endless":false,"potions_floor_spawned":[4,6,7,12,14,16,20,23,25],"killed_by":"Gensokyo:Eternal_Rivals","ascension_level":0}}