{"host":"newqdrzxfhh2im9e","time":1610057349,"event":{"mods":["AchievementEnabler","BaseMod","BetterRewards","Block Reminder","Colored Map","Jorbs\u0027s Wanderer Trilogy","Minty Spire (QoL Compilation)","Rare Cards Sparkle","Shop Mod","StSLib"],"gold_per_floor":[119,135,135,149,161,193,193,253,253,281,292,311,311,311,311,311,311],"floor_reached":16,"playtime":550,"items_purged":[],"score":112,"play_id":"47cfa1a5-a0e7-4eb3-9328-6826cc2be5de","local_time":"20210107140909","is_ascension_mode":false,"campfire_choices":[{"floor":7,"key":"REST"},{"floor":15,"key":"REST"}],"circlet_count":0,"master_deck":["Strike_P","Strike_P","Strike_P","Strike_P+1","Defend_P","Defend_P","Defend_P","Defend_P","Eruption","Vigilance+1","SandsOfTime","Prostrate","Omniscience","Perseverance","Swivel","Judgement","Halt"],"relics":["PureWater","NeowsBlessing","Juzu Bracelet","White Beast Statue","Anchor","Pen Nib"],"acts_visited":["Exordium"],"potions_floor_usage":[5,6,8,10,11,12,16],"damage_taken":[{"damage":0,"enemies":"Jaw Worm","floor":1,"turns":1},{"damage":0,"enemies":"Cultist","floor":2,"turns":1},{"damage":0,"enemies":"Small Slimes","floor":4,"turns":1},{"damage":0,"enemies":"Blue Slaver","floor":5,"turns":4},{"damage":36,"enemies":"3 Sentries","floor":6,"turns":8},{"damage":22,"enemies":"Gremlin Nob","floor":8,"turns":4},{"damage":11,"enemies":"Lagavulin","floor":10,"turns":7},{"damage":0,"enemies":"2 Fungi Beasts","floor":11,"turns":3},{"damage":0,"enemies":"Looter","floor":12,"turns":2},{"damage":70,"enemies":"The Guardian","floor":16,"turns":6}],"seed_played":"-4053149127626552186","potions_obtained":[{"floor":2,"key":"DistilledChaos"},{"floor":4,"key":"SpeedPotion"},{"floor":6,"key":"GamblersBrew"},{"floor":8,"key":"LiquidMemories"},{"floor":10,"key":"BottledMiracle"},{"floor":11,"key":"Energy Potion"},{"floor":12,"key":"LiquidMemories"}],"is_trial":false,"path_per_floor":["M","M","?","M","M","E","R","?","T","E","M","M","?","?","R","B"],"character_chosen":"WATCHER","items_purchased":[],"campfire_rested":2,"item_purchase_floors":[],"current_hp_per_floor":[72,72,72,72,72,36,57,35,35,24,24,24,10,10,31,0,0],"gold":311,"neow_bonus":"THREE_ENEMY_KILL","is_daily":false,"chose_seed":false,"campfire_upgraded":0,"win_rate":0.0,"timestamp":1610057349,"path_taken":["M","M","?","M","M","E","R","?","T","E","M","M","?","?","R","BOSS"],"items_purchased_type":[],"build_version":"2020-12-22","purchased_purges":0,"victory":false,"max_hp_per_floor":[72,72,72,72,72,72,72,72,72,72,72,72,72,72,72,72,72],"card_choices":[{"not_picked":["ClearTheMind","PathToVictory"],"picked":"SandsOfTime","floor":1},{"not_picked":["CutThroughFate","BowlingBash"],"picked":"Prostrate","floor":2},{"not_picked":["ThirdEye","Crescendo","EmptyFist"],"picked":"SKIP","floor":4},{"not_picked":["EmptyBody","EmptyFist"],"picked":"Omniscience","floor":5},{"not_picked":["Prostrate","CarveReality"],"picked":"Perseverance","floor":6},{"not_picked":["JustLucky","SignatureMove"],"picked":"Swivel","floor":8},{"not_picked":["ClearTheMind","CutThroughFate"],"picked":"Judgement","floor":10},{"not_picked":["CrushJoints","Evaluate"],"picked":"Halt","floor":11},{"not_picked":["BowlingBash","EmptyBody","CrushJoints"],"picked":"SKIP","floor":12}],"player_experience":703773,"relics_obtained":[{"floor":6,"key":"Juzu Bracelet"},{"floor":8,"key":"White Beast Statue"},{"floor":9,"key":"Anchor"},{"floor":10,"key":"Pen Nib"}],"event_choices":[{"damage_healed":0,"gold_gain":0,"player_choice":"Ignored","damage_taken":0,"max_hp_gain":0,"max_hp_loss":0,"event_name":"Purifier","floor":3,"gold_loss":0},{"damage_healed":0,"gold_gain":30,"player_choice":"Searched \u00272\u0027 times","damage_taken":0,"max_hp_gain":0,"max_hp_loss":0,"event_name":"Dead Adventurer","floor":8,"gold_loss":0},{"damage_healed":0,"gold_gain":0,"player_choice":"Entered Light","damage_taken":14,"max_hp_gain":0,"max_hp_loss":0,"event_name":"Shining Light","floor":13,"gold_loss":0,"cards_upgraded":["Vigilance","Strike_P"]},{"damage_healed":0,"gold_gain":0,"player_choice":"Fled","damage_taken":0,"max_hp_gain":0,"max_hp_loss":0,"event_name":"Scrap Ooze","floor":14,"gold_loss":0}],"is_beta":false,"boss_relics":[],"items_purged_floors":[],"is_endless":false,"potions_floor_spawned":[2,4,6,8,10,11,12],"killed_by":"The Guardian","ascension_level":0}}