{"host":"6gnjg44wf0nz538o","time":1610003057,"event":{"mods":["AchievementEnabler","BaseMod","BetterRewards","Colored Map","Minty Spire (QoL Compilation)","Replay The Spire","Spicy Shops","StSLib","The Servant 0.9.4"],"gold_per_floor":[112,112,112,60,79,113,113,139,139,139,139,104,104,104,104,125,125,248,248,261,261,315,315,333,333,348,348,348,47,47,47,63,106,106,231,231,255,282,340,37,37,61,101,101,128,200,200,65,65,89,89,89],"floor_reached":53,"playtime":11582,"items_purged":["Normality"],"score":1458,"play_id":"44667823-7a88-41d2-8a64-199a8d77791c","local_time":"20210107020417","is_ascension_mode":true,"campfire_choices":[{"floor":7.0,"key":"REST"},{"floor":15.0,"key":"REST"},{"data":"Bane","floor":17.0,"key":"SMITH"},{"floor":25,"key":"REST"},{"data":"Poison Darts","floor":27,"key":"SMITH"},{"floor":34,"key":"REST"},{"floor":47,"key":"DIG"},{"data":"Replay:Hysterical Blindness","floor":49,"key":"PURGE"},{"floor":51,"key":"DIG"}],"circlet_count":0,"master_deck":["AscendersBane","Strike_G","Strike_G","Strike_G","Strike_G","Strike_G+1","Defend_G+1","Defend_G+1","Defend_G+1","Defend_G","Defend_G+1","Survivor","Neutralize+1","Bane+1","All Out Attack+1","Poison Darts+1","Skewer+1","Deadly Poison+1","Catalyst+1","ReplayTheSpireMod:Faulty Equipment","Toxin Wave","Neutralize+1","Footwork","Crippling Poison+1","ReplayTheSpireMod:Necrosis","All Out Attack+1","Slice+1","Toxin Wave","Doubt","ReplayTheSpireMod:Faulty Equipment","Noxious Fumes","Parasite"],"relics":["Ring of the Snake","Meat on the Bone","Pear","Replay:Mystery Machine","HornCleat","Molten Egg 2","Golden Idol","Replay:Grab Bag","Replay:Bronze Core","Cursed Key","SlaversCollar","MutagenicStrength","Potion Belt","Replay:Multitool","The Specimen","Guide Book","Onion Ring","SacredBark","Oddly Smooth Stone","Shovel","Membership Card","Gremlin Food","Boot","Whetstone","Singing Bowl","ReplayTheSpireMod:TigerMarble","War Paint","Tingsha"],"acts_visited":["Exordium","TheCity","TheBeyond"],"potions_floor_usage":[20,35,52,52,52,52,52,52,52],"damage_taken":[{"damage":15.0,"enemies":"Jaw Worm","floor":1.0,"turns":4.0},{"damage":0.0,"enemies":"2 Louse","floor":5.0,"turns":2.0},{"damage":27.0,"enemies":"3 Sentries","floor":6.0,"turns":6.0},{"damage":48.0,"enemies":"Lagavulin","floor":8.0,"turns":7.0},{"damage":0.0,"enemies":"Cultist","floor":16.0,"turns":2.0},{"damage":66,"enemies":"Fading Forest","floor":18,"turns":11},{"damage":19,"enemies":"2 Thieves","floor":20,"turns":4},{"damage":0,"enemies":"3 Byrds","floor":24,"turns":4},{"damage":18,"enemies":"Snake Plant","floor":26,"turns":2},{"damage":0,"enemies":"3 Cultists","floor":32,"turns":3},{"damage":18,"enemies":"Replay:Snechameleon","floor":33,"turns":3},{"damage":73,"enemies":"Champ","floor":35,"turns":9},{"damage":0,"enemies":"3 Shapes","floor":37,"turns":3},{"damage":35,"enemies":"2 Orb Walkers","floor":39,"turns":5},{"damage":12,"enemies":"Orb Walker","floor":42,"turns":2},{"damage":26,"enemies":"R_Hoarder","floor":43,"turns":6},{"damage":4,"enemies":"Writhing Mass","floor":50,"turns":3},{"damage":112,"enemies":"Time Eater","floor":52,"turns":9}],"seed_played":"2273337130399505948","potions_obtained":[{"floor":5.0,"key":"BlessingOfTheForge"},{"floor":6.0,"key":"EntropicBrew"},{"floor":18,"key":"Adrenaline Potion"},{"floor":26,"key":"FairyPotion"},{"floor":35,"key":"SteroidPotion"},{"floor":39,"key":"Elixir"},{"floor":42,"key":"SkillPotion"},{"floor":50,"key":"Strength Potion"}],"is_trial":false,"path_per_floor":["M","?","?","$","M","E","R","E","PTL","PTL","T","?","?","?","R","M","R","B",null,"M","?","T","?","M","R","M","R","T","$","?","R","M","E","R","B",null,"M","T","?","$","?","M","E","?","T","T","R","$","R","M","R_BF","B",null],"character_chosen":"THE_SILENT","items_purchased":["Bane","Meat on the Bone","All Out Attack","The Specimen","Toxin Wave","Guide Book","Membership Card","All Out Attack+1","Slice+1","Gremlin Food","Noxious Fumes","War Paint"],"campfire_rested":4,"item_purchase_floors":[0,0,4,29,29,29,40,40,40,40,48,48],"current_hp_per_floor":[48,53,63,63,63,48,73,37,37,37,37,58,41,41,64,64,64,18,64,45,45,45,45,45,68,50,50,50,50,50,73,73,55,78,17,64,64,64,41,41,41,41,27,75,75,75,75,75,75,73,73,22],"gold":89,"neow_bonus":"","is_daily":false,"chose_seed":false,"campfire_upgraded":2,"win_rate":0.0,"timestamp":1610003057,"path_taken":["M","?","?","$","?","E","R","E","PTL","PTL","T","?","?","?","R","M","R","BOSS","M","?","?","?","M","R","?","R","T","$","?","R","M","E","R","BOSS","M","?","?","$","?","M","E","?","T","?","R","$","R","M","R_BF","BOSS"],"items_purchased_type":["Card","Relic","Card","Relic","Card","Relic","Relic","Card","Card","Relic","Card","Relic"],"build_version":"2020-12-22","purchased_purges":1,"victory":true,"max_hp_per_floor":[70,75,85,85,85,85,85,85,85,85,85,85,85,79,79,79,79,79,79,79,79,79,79,79,79,79,79,79,79,79,79,79,79,79,79,79,79,79,79,79,75,75,75,75,75,75,75,75,75,77,77,77],"card_choices":[{"not_picked":["Dodge and Roll","Deflect","Backflip"],"picked":"SKIP","floor":1.0},{"not_picked":["Skewer","Acrobatics","Dodge and Roll"],"picked":"SKIP","floor":5.0},{"not_picked":["Backflip","Caltrops","Blade Dance"],"picked":"SKIP","floor":6.0},{"not_picked":["Distraction","Doppelganger","Deflect"],"picked":"SKIP","floor":8.0},{"not_picked":["ReplayTheSpireMod:Exploit Weakness","PiercingWail","ReplayTheSpireMod:Speed Training"],"picked":"SKIP","floor":16.0},{"not_picked":["A Thousand Cuts","After Image"],"picked":"Poison Darts","floor":18},{"not_picked":["ReplayTheSpireMod:Exploit Weakness+1","PiercingWail+1"],"picked":"Skewer+1","floor":20},{"not_picked":["Footwork+1","Sucker Punch+1"],"picked":"Deadly Poison","floor":24},{"not_picked":["Choke+1","ReplayTheSpireMod:Scrap Shanks"],"picked":"Catalyst","floor":26},{"not_picked":["Flying Knee+1","Infinite Blades"],"picked":"Crippling Poison+1","floor":32},{"not_picked":["Caltrops","Acrobatics"],"picked":"ReplayTheSpireMod:Necrosis","floor":33},{"not_picked":["Backflip","Dodge and Roll+1","PiercingWail+1"],"picked":"SKIP","floor":37},{"not_picked":["Outmaneuver","Prepared"],"picked":"Toxin Wave","floor":42},{"not_picked":["Fluid Movement","ReplayTheSpireMod:Exploit Weakness+1","Distraction"],"picked":"SKIP","floor":43},{"not_picked":["Backstab+1","Terror","Sucker Punch+1"],"picked":"Singing Bowl","floor":50}],"player_experience":523441,"relics_obtained":[{"floor":3.0,"key":"Pear"},{"floor":6.0,"key":"Replay:Mystery Machine"},{"floor":8.0,"key":"HornCleat"},{"floor":11.0,"key":"Molten Egg 2"},{"floor":22,"key":"Potion Belt"},{"floor":28,"key":"Replay:Multitool"},{"floor":33,"key":"Onion Ring"},{"floor":38,"key":"Oddly Smooth Stone"},{"floor":39,"key":"Shovel"},{"floor":43,"key":"Boot"},{"floor":45,"key":"Whetstone"},{"floor":46,"key":"Singing Bowl"},{"floor":47,"key":"ReplayTheSpireMod:TigerMarble"},{"floor":51,"key":"Tingsha"}],"event_choices":[{"damage_healed":0.0,"max_hp_gain":5.0,"max_hp_loss":0.0,"gold_gain":0.0,"event_name":"Big Fish","player_choice":"Donut","floor":2.0,"gold_loss":0.0,"damage_taken":0.0},{"damage_healed":0.0,"max_hp_gain":0.0,"max_hp_loss":0.0,"gold_gain":0.0,"event_name":"Wheel of Change","player_choice":"Relic","floor":3.0,"gold_loss":0.0,"damage_taken":0.0},{"damage_healed":21.0,"max_hp_gain":0.0,"max_hp_loss":0.0,"gold_gain":0.0,"event_name":"The Cleric","player_choice":"Healed","floor":12.0,"gold_loss":35.0,"damage_taken":0.0},{"damage_healed":0.0,"max_hp_gain":0.0,"max_hp_loss":0.0,"gold_gain":0.0,"event_name":"Shining Light","player_choice":"Entered Light","floor":13.0,"gold_loss":0.0,"damage_taken":17.0,"cards_upgraded":["Defend_G","Defend_G"]},{"damage_healed":0.0,"max_hp_gain":0.0,"max_hp_loss":6.0,"gold_gain":0.0,"event_name":"Golden Idol","player_choice":"Lose Max HP","floor":14.0,"gold_loss":0.0,"damage_taken":0.0,"relics_obtained":["Golden Idol"]},{"damage_healed":0,"gold_gain":0,"player_choice":"Inject Mutagens","damage_taken":0,"relics_obtained":["MutagenicStrength"],"max_hp_gain":0,"max_hp_loss":0,"event_name":"Drug Dealer","floor":21,"gold_loss":0},{"cards_removed":["Replay:Hysterical Blindness"],"damage_healed":0,"gold_gain":0,"player_choice":"Purged","damage_taken":0,"max_hp_gain":0,"max_hp_loss":0,"event_name":"Purifier","floor":23,"gold_loss":0},{"damage_healed":0,"gold_gain":0,"player_choice":"2 cards matched","damage_taken":0,"max_hp_gain":0,"max_hp_loss":0,"event_name":"Match and Keep!","floor":30,"gold_loss":0,"cards_obtained":["Neutralize","Footwork"]},{"damage_healed":0,"gold_gain":0,"player_choice":"Fight","damage_taken":0,"max_hp_gain":0,"max_hp_loss":0,"event_name":"Mysterious Sphere","floor":39,"gold_loss":0},{"damage_healed":0,"gold_gain":0,"player_choice":"Max HP","damage_taken":0,"max_hp_gain":0,"max_hp_loss":4,"event_name":"Winding Halls","floor":41,"gold_loss":0},{"damage_healed":48,"gold_gain":0,"player_choice":"Heal","damage_taken":0,"max_hp_gain":0,"max_hp_loss":0,"event_name":"MindBloom","floor":44,"gold_loss":0,"cards_obtained":["Doubt"]}],"is_beta":false,"boss_relics":[{"not_picked":["ChewingGum","Philosopher\u0027s Stone"],"picked":"Replay:Grab Bag"},{"not_picked":["ReplayTheSpireMod:DimensionalGlitch","Sozu"],"picked":"Replay:Bronze Core"},{"not_picked":["Busted Crown","Velvet Choker"],"picked":"Cursed Key"},{"not_picked":["Empty Cage","Pandora\u0027s Box"],"picked":"SlaversCollar"},{"not_picked":["HoveringKite","WristBlade"],"picked":"SacredBark"}],"items_purged_floors":[48],"is_endless":false,"potions_floor_spawned":[5,6,18,26,35,39,42,50],"ascension_level":10}}