{"host":"p4yrwepmrl4g8pul","time":1610005153,"event":{"mods":["Act Like it!","BaseMod","BetterRewards","Colored Map","Custom Start","Gensokyo","Marisa£®ÏF”Í°°ƒß¿Ì…≥£©","Minty Spire (QoL Compilation)","Quick Restart","Rare Cards Sparkle","Reimu£®≤©¿ˆ¡È√Œ£©","Remilia£®¿Ÿ√◊¿Ú—«£©","Remove Card Discount Mod","Shop Mod","StSLib","The Jungle"],"gold_per_floor":[113,113,123,123,53,87,87,102,148,180,180,218,44,90,90,214,214,269,112,72,125,229,229,229,426,426,676,741,741,805,832,832,1531,1531,1546,1546,1540,1553,1567,1599,1611,1150,1201,1201,1228,1228,1246,1272,1272,1272,1272,1272,375,400,400],"floor_reached":56,"playtime":3382,"items_purged":["Clumsy","Strike_MRS","Strike_MRS","Strike_MRS","Strike_MRS","Defend_MRS","Defend_MRS","MasterSpark","GasGiant","UpSweep","Defend_MRS","Defend_MRS","Robbery"],"score":1639,"play_id":"93643721-9cff-432d-a78c-4b89d7e7f89d","local_time":"20210107153913","daily_mods":["Heirloom","Colorless Cards","Night Terrors"],"is_ascension_mode":true,"campfire_choices":[{"data":"DoubleSpark","floor":7.0,"key":"SMITH"},{"data":"MilkyWay","floor":15.0,"key":"SMITH"},{"data":"Deep Breath","floor":23.0,"key":"SMITH"},{"data":"EscapeVelocity","floor":29.0,"key":"SMITH"},{"floor":32.0,"key":"REST"},{"floor":41.0,"key":"RECALL"},{"floor":49.0,"key":"REST"},{"data":"RefractionSpark","floor":52.0,"key":"SMITH"}],"circlet_count":0,"master_deck":["NonDirectionalLaser+1","DoubleSpark+1","MilkyWay+1","MilkyWay+1","Deep Breath+1","EscapeVelocity+1","RefractionSpark+1","EventHorizon+1","Madness","Thinking Ahead"],"relics":["MiniHakkero","Ginger","Gensokyo:NagashiBinaDoll","HandmadeGrimoire","Happy Flower","Oddly Smooth Stone","Medical Kit","Frozen Egg 2","Pen Nib","Calipers","Sozu","MawBank","MerchantsRug","SimpleLauncher","Art of War","Bag of Preparation","Ancient Tea Set","FossilizedHelix","Akabeko","Lantern","OrangePellets","InkBottle","Pear"],"acts_visited":["Gensokyo:Gensokyo","Gensokyo:Gensokyoer","Gensokyo:Gensokyoest","TheEnding"],"potions_floor_usage":[55,55],"damage_taken":[{"damage":5.0,"enemies":"Gensokyo:Gryphon","floor":1.0,"turns":3.0},{"damage":2.0,"enemies":"Gensokyo:3_Fairies","floor":3.0,"turns":4.0},{"damage":0.0,"enemies":"Gensokyo:Cirno","floor":6.0,"turns":5.0},{"damage":0.0,"enemies":"Gensokyo:Python","floor":8.0,"turns":2.0},{"damage":2.0,"enemies":"Gensokyo:Aya","floor":10.0,"turns":5.0},{"damage":9.0,"enemies":"Gensokyo:Kitsune","floor":12.0,"turns":3.0},{"damage":3.0,"enemies":"Gensokyo:3_Kodama","floor":14.0,"turns":4.0},{"damage":7.0,"enemies":"Gensokyo:Reimu","floor":16.0,"turns":6.0},{"damage":0.0,"enemies":"Gensokyo:2_Gloops","floor":18.0,"turns":2.0},{"damage":5.0,"enemies":"Gensokyo:3_Dogs","floor":21.0,"turns":3.0},{"damage":7.0,"enemies":"Gensokyo:Slime_Group","floor":22.0,"turns":4.0},{"damage":0.0,"enemies":"Gensokyo:Chomper_and_Gloop","floor":25.0,"turns":4.0},{"damage":23.0,"enemies":"Gensokyo:Reisen","floor":28.0,"turns":5.0},{"damage":9.0,"enemies":"Gensokyo:Mirror_and_Dog","floor":30.0,"turns":4.0},{"damage":4.0,"enemies":"Gensokyo:Tenshi","floor":31.0,"turns":3.0},{"damage":0.0,"enemies":"Gensokyo:Eiki","floor":33.0,"turns":2.0},{"damage":0.0,"enemies":"Gensokyo:3_Boulders","floor":35.0,"turns":2.0},{"damage":0.0,"enemies":"Gensokyo:3_Bats","floor":38.0,"turns":3.0},{"damage":0.0,"enemies":"Gensokyo:Dusk_and_Dawn","floor":39.0,"turns":3.0},{"damage":0.0,"enemies":"Gensokyo:Doremy","floor":40.0,"turns":3.0},{"damage":0.0,"enemies":"Gensokyo:Marisa","floor":45.0,"turns":4.0},{"damage":0.0,"enemies":"Gensokyo:Sharpion","floor":47.0,"turns":4.0},{"damage":0.0,"enemies":"Gensokyo:Kasen","floor":48.0,"turns":3.0},{"damage":0.0,"enemies":"Gensokyo:Scarlet_Devils","floor":50.0,"turns":3.0},{"damage":0.0,"enemies":"Shield and Spear","floor":54.0,"turns":2.0},{"damage":49,"enemies":"The Heart","floor":55,"turns":5}],"seed_played":"3361552720352533619","potions_obtained":[{"floor":3.0,"key":"AttackPotion"},{"floor":8.0,"key":"SkillPotion"},{"floor":14.0,"key":"ZuzhouPotion:ReiMu"},{"floor":16.0,"key":"Strength Potion"},{"floor":21.0,"key":"ShroomBrew"},{"floor":30.0,"key":"ColorlessPotion"}],"is_trial":true,"path_per_floor":["M","?","M","?","$","E","R","M","T","E","?","M","$","M","R","B",null,"M","COS","?","M","M","R","?","M","T","?","E","R","M","E","R","B",null,"M","?","$","M","M","E","R","$","T","?","E","?","M","E","R","B",null,"R","$","E","B",null],"character_chosen":"MARISA","items_purchased":["DoubleSpark","Oddly Smooth Stone","PowerUp","MerchantsRug","SimpleLauncher","Art of War","Lantern","EventHorizon+1","OrangePellets","InkBottle","Madness","Thinking Ahead"],"campfire_rested":2,"item_purchase_floors":[5,13,13,42,42,42,53,53,53,53,53,53],"current_hp_per_floor":[70,70,68,68,68,68,68,68,68,66,66,57,57,54,54,47,75,75,75,75,70,63,63,63,63,63,63,40,40,31,27,70,70,70,70,70,70,70,70,70,70,70,70,70,70,42,42,42,65,65,65,65,65,75,26],"gold":400,"neow_bonus":"","is_daily":false,"chose_seed":false,"campfire_upgraded":5,"win_rate":0.0,"timestamp":1610005153,"path_taken":["M","?","M","?","$","E","R","M","T","E","?","?","$","M","R","BOSS","M","COS","?","M","M","R","?","M","T","?","E","R","M","E","R","BOSS","M","?","$","M","M","E","R","$","T","?","E","?","?","E","R","BOSS","R","$","E","BOSS"],"items_purchased_type":["Card","Relic","Card","Relic","Relic","Relic","Relic","Card","Relic","Relic","Card","Card"],"build_version":"2020-12-22","purchased_purges":13,"victory":true,"max_hp_per_floor":[75,75,75,75,75,75,75,75,75,75,75,75,75,75,75,75,75,75,75,75,75,75,75,75,75,75,75,75,75,75,75,70,70,70,70,70,70,70,70,70,70,70,70,70,70,70,70,70,65,65,65,65,65,75,75],"card_choices":[{"not_picked":["EarthLightRay","LuminesStrike"],"picked":"NonDirectionalLaser","floor":1.0},{"not_picked":["DoubleSpark","6A"],"picked":"GasGiant","floor":2.0},{"not_picked":["AsteroidBelt","NonDirectionalLaser"],"picked":"ShootingEcho","floor":2.0},{"not_picked":["SprinkleStarSeal","OneTimeOff","LuminesStrike"],"picked":"SKIP","floor":3.0},{"not_picked":["MysteriousBeam","LuminesStrike","Bandage Up"],"picked":"SKIP","floor":6.0},{"not_picked":["WitchOfGreed","MysteriousBeam","GrandCross"],"picked":"SKIP","floor":8.0},{"not_picked":["WitchLeyline","Orbital"],"picked":"Robbery","floor":10.0},{"not_picked":["GalacticHalo","DragonMeteor"],"picked":"MilkyWay","floor":12.0},{"not_picked":["MeteoricShower","SprinkleStarSeal","NonDirectionalLaser"],"picked":"SKIP","floor":14.0},{"not_picked":["UnstableBomb+1","IllusionStar+1"],"picked":"MilkyWay+1","floor":18.0},{"not_picked":["Bandage Up","OortCloud+1"],"picked":"Deep Breath","floor":21.0},{"not_picked":["Forethought+1","PowerUp+1","Orbital"],"picked":"SKIP","floor":22.0},{"not_picked":["PowerUp","Flash of Steel","GrandCross"],"picked":"SKIP","floor":25.0},{"not_picked":["Dark Shackles","MysteriousBeam","6A+1"],"picked":"SKIP","floor":28.0},{"not_picked":["Dark Shackles","MysteriousBeam","6A+1"],"picked":"SKIP","floor":28.0},{"not_picked":["GravityBeat","DoubleSpark","PulseMagic+1"],"picked":"SKIP","floor":30.0},{"not_picked":["SuperPerseids","ShootTheMoon","Secret Technique"],"picked":"SKIP","floor":31.0},{"not_picked":["MysteriousBeam","MagicChant","RefractionSpark"],"picked":"SKIP","floor":35.0},{"not_picked":["MysteriousBeam","MagicChant"],"picked":"RefractionSpark","floor":35.0},{"not_picked":["MilkyWay","PowerUp","StarlightTyphoon+1"],"picked":"SKIP","floor":38.0},{"not_picked":["ManaConvection+1","GalacticHalo","IllusionStar"],"picked":"SKIP","floor":39.0},{"not_picked":["Chrysalis","LuminesStrike+1","ShootingEcho+1"],"picked":"SKIP","floor":40.0},{"not_picked":["MysteriousBeam","MeteoricShower","EarthLightRay+1"],"picked":"SKIP","floor":45.0},{"not_picked":["DoubleSpark+1","UnstableBomb+1","Forethought"],"picked":"SKIP","floor":47.0},{"not_picked":["DarkSpark+1","NonDirectionalLaser+1","BlazingStar"],"picked":"SKIP","floor":48.0},{"not_picked":["Trip","WitchLeyline+1","DoubleSpark+1"],"picked":"SKIP","floor":54.0}],"player_experience":781539,"relics_obtained":[{"floor":6.0,"key":"Dream Catcher"},{"floor":10.0,"key":"HandmadeGrimoire"},{"floor":26.0,"key":"Frozen Egg 2"},{"floor":28.0,"key":"Pen Nib"},{"floor":31.0,"key":"Calipers"},{"floor":40.0,"key":"MawBank"},{"floor":43.0,"key":"Bag of Preparation"},{"floor":45.0,"key":"Ancient Tea Set"},{"floor":48.0,"key":"Akabeko"},{"floor":54.0,"key":"Pear"}],"event_choices":[],"is_beta":false,"boss_relics":[{"not_picked":["Calling Bell","SlaversCollar"],"picked":"ExperimentalFamiliar"},{"not_picked":["RedLine:ReiMu","Coffee Dripper"],"picked":"Sozu"}],"items_purged_floors":[5,5,5,5,5,5,5,5,13,13,37,37,37],"is_endless":false,"potions_floor_spawned":[3,8,14,16,21,22,30,31,47,48],"ascension_level":2}}