{"host":"unahupgi85cj6bxp","time":1610009482,"event":{"mods":["Act Like it!","Aspiration","BaseMod","Card Forge","Conspire","Downfall","Energized Spire","Hubris","Infinite Spire","Minty Spire (QoL Compilation)","Replay The Spire","StSLib"],"gold_per_floor":[99,116,134,178,190,216,242,242,17,37,37,22,35,20,34,135,135,135,146,139,150,170,195,219,284,284,330,391,466,509,549,588,723,723,723,761,798,845,898,971,1052,1052,1133,503,503,503,549,595,635,671,671,774,13,13,67],"floor_reached":56,"playtime":9241,"items_purged":[],"score":1495,"play_id":"d2a79235-57dc-4949-bba2-0e9dbe5f814d","local_time":"20210107005122","is_ascension_mode":false,"campfire_choices":[{"floor":1,"key":"RECALL"},{"floor":9,"key":"REST"},{"floor":11,"key":"REST"},{"data":"sneckomod:MorePower","floor":18,"key":"SMITH"},{"floor":26,"key":"REST"},{"data":"Pain","floor":35,"key":"PURGE"},{"floor":42,"key":"REST"},{"floor":45,"key":"REST"},{"floor":54,"key":"REST"}],"circlet_count":0,"master_deck":["sneckomod:Strike+1","sneckomod:Strike+1","sneckomod:Strike+1","sneckomod:Defend+1","sneckomod:Defend+1","sneckomod:Defend+1","sneckomod:TailWhip+1","sneckomod:SnekBite+1","sneckomod:Unknown+1","sneckomod:Unknown+1","sneckomod:DiceCrush+1","sneckomod:IronFang+1","ReplayTheSpireMod:Splinters","sneckomod:UnknownStrike+1","sneckomod:ImprovisedGuard+1","sneckomod:UnknownVulnerable+1","sneckomod:UnknownCommonAttack+1","sneckomod:UnknownStrike+1","sneckomod:Unknown1Cost+1","sneckomod:QuickBite+1","sneckomod:MorePower+1","sneckomod:DiceCrush+1","sneckomod:IronFang+1","sneckomod:UnknownRareAttack+1","sneckomod:UnknownCommonAttack+1","Midas Touch+1","sneckomod:UnknownCommonAttack+1","sneckomod:UnknownVulnerable+1","sneckomod:QuickBite+1","sneckomod:WideSting+1","sneckomod:UnknownUncommonAttack+1","sneckomod:SnakeSap+1","sneckomod:UnknownWeak+1","sneckomod:QuickMove+1","sneckomod:UnknownColorless+1","sneckomod:RainOfDice+1","sneckomod:UnknownCommonAttack+1","sneckomod:UnknownStrike+1","sneckomod:SoulRoll+1","sneckomod:UnknownStrike+1","sneckomod:Unknown1Cost+1","sneckomod:QuickBite+1","sneckomod:SnekBeam+1","sneckomod:UnknownStrike+1","sneckomod:WideSting+1","sneckomod:QuickMove+1","sneckomod:UnknownClassGUARDIAN+1","sneckomod:DiceBoulder+4","sneckomod:UnknownCommonAttack+1","sneckomod:IronFang+1","sneckomod:UnknownEthereal+1","sneckomod:UnknownCommonAttack+1","sneckomod:WideSting+1","sneckomod:UnknownColorless+1","sneckomod:WideSting+1","sneckomod:Unknown0Cost+1","sneckomod:UnknownStrike+1","sneckomod:WideSting+1","sneckomod:QuickMove+1"],"relics":["Hammer of Thor","Seething Fire","Anvil of the Gods","aspiration:PoetsPen_weak","hubris:TinFlute","StrikeDummy","WarpedTongs","downfall:HeartBlessingRed","downfall:HeartBlessingGreen","downfall:HeartBlessingBlue","SlaversCollar","Replay:Bandana","aspiration:Lifesprig","InkBottle","Blood Vial","infinitespire:Cupcake","infinitespire:Golems Mask","hubris:MysteriousPyramids","hubris:ToyBattleship","Replay:Rubber Ducky","OrangePellets","infinitespire:Bottled Soul","hubris:Icosahedron","Garlic","Vajra","Guide Book","Centennial Puzzle"],"acts_visited":[],"potions_floor_usage":[12,12,28,33,33,38,40,49,49,50,55],"damage_taken":[{"damage":0,"enemies":"2 Louse","floor":2,"turns":1},{"damage":5,"enemies":"Small Slimes","floor":3,"turns":2},{"damage":0,"enemies":"Cultist","floor":5,"turns":2},{"damage":5,"enemies":"Gremlin Nob","floor":6,"turns":3},{"damage":12,"enemies":"Gremlin Gang","floor":10,"turns":3},{"damage":17,"enemies":"downfall:FleeingMerchant","floor":12,"turns":4},{"damage":5,"enemies":"Exordium Thugs","floor":13,"turns":2},{"damage":5,"enemies":"downfall:FleeingMerchant","floor":14,"turns":4},{"damage":12,"enemies":"Large Slime","floor":15,"turns":2},{"damage":12,"enemies":"downfall:Silent","floor":16,"turns":4},{"damage":5,"enemies":"Spheric Guardian","floor":19,"turns":2},{"damage":11,"enemies":"downfall:FleeingMerchant","floor":20,"turns":2},{"damage":0,"enemies":"Chosen","floor":21,"turns":2},{"damage":10,"enemies":"Centurion and Healer","floor":22,"turns":3},{"damage":10,"enemies":"Book of Stabbing","floor":23,"turns":2},{"damage":24,"enemies":"Gremlin Leader","floor":25,"turns":3},{"damage":0,"enemies":"3 Cultists","floor":27,"turns":2},{"damage":33,"enemies":"Nightmare","floor":28,"turns":4},{"damage":19,"enemies":"Snake Plant","floor":30,"turns":2},{"damage":7,"enemies":"Shelled Parasite and Fungi","floor":31,"turns":2},{"damage":9,"enemies":"Centurion and Healer","floor":32,"turns":2},{"damage":6,"enemies":"downfall:Defect","floor":33,"turns":4},{"damage":16,"enemies":"3 Shapes","floor":36,"turns":2},{"damage":0,"enemies":"Orb Walker","floor":37,"turns":2},{"damage":20,"enemies":"4 Shapes","floor":38,"turns":2},{"damage":0,"enemies":"Maw","floor":39,"turns":3},{"damage":2,"enemies":"2 Orb Walkers","floor":40,"turns":2},{"damage":27,"enemies":"Nemesis","floor":43,"turns":3},{"damage":0,"enemies":"3 Darklings","floor":47,"turns":2},{"damage":11,"enemies":"4 Shapes","floor":48,"turns":3},{"damage":26,"enemies":"Sphere and 2 Shapes","floor":49,"turns":2},{"damage":7,"enemies":"downfall:Ironclad","floor":50,"turns":3},{"damage":59,"enemies":"downfall:CharBossMerchant","floor":52,"turns":5},{"damage":0,"enemies":"downfall:NeowBoss","floor":55,"turns":11}],"seed_played":"-7017782060090847444","potions_obtained":[{"floor":2,"key":"FearPotion"},{"floor":4,"key":"Fire Potion"},{"floor":5,"key":"Explosive Potion"},{"floor":19,"key":"champ:CounterPotion"},{"floor":22,"key":"Energy Potion"},{"floor":29,"key":"downfall:CursedFountainPotion"},{"floor":32,"key":"FearPotion"},{"floor":33,"key":"Reflective Coating"},{"floor":37,"key":"conspire:TimeTravelPotion"},{"floor":39,"key":"hexamod:EctoCoolerPotion"},{"floor":40,"key":"EssenceOfSteel"}],"is_trial":false,"path_per_floor":["R","M","M","?","M","E","T","?","R","M","R","$","M","$","M","B",null,"R","M","$","M","M","E","T","E","R","M","NM","?","M","M","M","B",null,"R","M","M","M","M","?","T","R","E","$","R","?","M","M","M","B",null,"E","$","R","B",null],"character_chosen":"THE_SNECKO","items_purchased":["sneckomod:UnknownRareAttack+1","sneckomod:UnknownCommonAttack","Midas Touch","sneckomod:UnknownCommonAttack","sneckomod:IronFang","Replay:Rubber Ducky","OrangePellets","infinitespire:Bottled Soul","Vajra","Guide Book","Centennial Puzzle","sneckomod:Unknown0Cost","sneckomod:UnknownStrike","sneckomod:WideSting","Block Potion","Strength Potion","sneckomod:QuickMove"],"campfire_rested":6,"item_purchase_floors":[20,20,20,44,44,44,44,44,53,53,53,53,53,53,53,53,53],"current_hp_per_floor":[90,90,85,85,85,80,80,80,100,88,100,83,78,73,79,67,100,100,95,84,84,74,64,64,40,70,70,37,37,20,15,8,4,100,100,86,88,70,72,72,72,102,75,75,102,102,102,91,67,62,102,43,43,73,75],"gold":67,"neow_bonus":"BOSS_RELIC","is_daily":false,"chose_seed":false,"campfire_upgraded":1,"win_rate":0.0,"timestamp":1610009482,"path_taken":["R","M","M","?","M","E","T","?","R","M","R","$","M","$","M","BOSS","R","M","$","M","M","E","T","E","R","M","NM","?","M","M","M","BOSS","R","M","?","M","M","?","T","R","E","$","R","?","M","M","M","BOSS","E","$","R","BOSS"],"items_purchased_type":["Card","Card","Card","Card","Card","Relic","Relic","Relic","Relic","Relic","Relic","Card","Card","Card","Potion","Potion","Card"],"build_version":"2020-12-22","purchased_purges":0,"victory":true,"max_hp_per_floor":[90,90,90,90,90,90,90,90,100,100,100,100,100,100,100,100,100,100,100,100,100,100,100,100,100,100,100,100,100,100,100,100,100,100,100,102,102,102,102,102,102,102,102,102,102,102,102,102,102,102,102,102,102,102,102],"card_choices":[{"not_picked":["sneckomod:DefensiveFlair","sneckomod:RainOfDice"],"picked":"sneckomod:DiceCrush","floor":2},{"not_picked":["sneckomod:UnknownCommonSkill","sneckomod:UnknownBlock"],"picked":"sneckomod:IronFang","floor":3},{"not_picked":["sneckomod:CheapStock","sneckomod:ImprovisedAttack"],"picked":"sneckomod:UnknownStrike","floor":4},{"not_picked":["sneckomod:UnknownBlock","sneckomod:TrashToTreasure"],"picked":"sneckomod:ImprovisedGuard","floor":5},{"not_picked":["sneckomod:QuickBite","sneckomod:WideSting"],"picked":"sneckomod:UnknownVulnerable","floor":6},{"not_picked":["sneckomod:Unknown1Cost","sneckomod:Unknown3Cost"],"picked":"sneckomod:UnknownCommonAttack","floor":10},{"not_picked":["sneckomod:UnknownX","sneckomod:UnknownClassBLUE"],"picked":"sneckomod:UnknownStrike","floor":12},{"not_picked":["sneckomod:DiceBlock","sneckomod:SoulDraw"],"picked":"sneckomod:Unknown1Cost","floor":13},{"not_picked":["sneckomod:UnknownBlock","sneckomod:Mudshield","sneckomod:Restock"],"picked":"SKIP","floor":14},{"not_picked":["sneckomod:UnknownClassHEXA_GHOST_PURPLE","sneckomod:WideSting"],"picked":"sneckomod:QuickBite","floor":15},{"not_picked":["sneckomod:UnknownRarePower","sneckomod:SerpentMind"],"picked":"sneckomod:MorePower","floor":16},{"not_picked":["sneckomod:RainOfDice","sneckomod:UnknownBlock"],"picked":"sneckomod:DiceCrush+1","floor":19},{"not_picked":["sneckomod:QuickMove+1","sneckomod:UnknownUncommonPower"],"picked":"sneckomod:IronFang","floor":20},{"not_picked":["sneckomod:Unknown2Cost","sneckomod:SoulDraw"],"picked":"sneckomod:UnknownCommonAttack","floor":21},{"not_picked":["sneckomod:UnknownStrength+1","sneckomod:UnknownRarePower+1"],"picked":"sneckomod:UnknownVulnerable+1","floor":22},{"not_picked":["sneckomod:UnknownX","sneckomod:TrashToTreasure"],"picked":"sneckomod:QuickBite","floor":22},{"not_picked":["sneckomod:DangerNoodle","sneckomod:RainOfDice"],"picked":"sneckomod:WideSting","floor":23},{"not_picked":["Replay:UnknownCurse","sneckomod:UnknownEthereal+1"],"picked":"sneckomod:UnknownUncommonAttack+1","floor":25},{"not_picked":["sneckomod:Unknown1Cost","sneckomod:DiceBlock"],"picked":"sneckomod:SnakeSap","floor":25},{"not_picked":["sneckomod:UnknownVulnerable+1","sneckomod:Unknown2Cost+1"],"picked":"sneckomod:UnknownWeak+1","floor":27},{"not_picked":["sneckomod:Unknown2Cost","sneckomod:UnknownWeak"],"picked":"sneckomod:QuickMove","floor":27},{"not_picked":["sneckomod:UnknownRareSkill+1","sneckomod:UnknownBlock+1"],"picked":"sneckomod:UnknownColorless+1","floor":28},{"not_picked":["sneckomod:SoulCleanse+1","sneckomod:UnknownWeak+1"],"picked":"sneckomod:RainOfDice","floor":28},{"not_picked":["sneckomod:DiceCrush","sneckomod:UnknownWeak"],"picked":"sneckomod:UnknownCommonAttack+1","floor":30},{"not_picked":["sneckomod:QuickBite+1","sneckomod:Cheat"],"picked":"sneckomod:UnknownStrike","floor":31},{"not_picked":["Replay:UnknownCurse","sneckomod:UnknownUncommonSkill+1","sneckomod:UnknownDexterity+1"],"picked":"SKIP","floor":31},{"not_picked":["sneckomod:WideSting","sneckomod:SlitherStrike"],"picked":"sneckomod:SoulRoll","floor":32},{"not_picked":["sneckomod:QuickMove+1","sneckomod:UnknownBlock+1"],"picked":"sneckomod:UnknownStrike","floor":36},{"not_picked":["sneckomod:UnknownBlock+1","sneckomod:UnknownCommonSkill+1"],"picked":"sneckomod:Unknown1Cost+1","floor":37},{"not_picked":["sneckomod:SoulRoll","sneckomod:Restock"],"picked":"sneckomod:QuickBite+1","floor":37},{"not_picked":["sneckomod:UnknownClassINFINITE_BLACK+1","sneckomod:UnknownVulnerable+1"],"picked":"sneckomod:SnekBeam","floor":38},{"not_picked":["sneckomod:UnknownVulnerable+1","sneckomod:UnknownBlock+1"],"picked":"sneckomod:UnknownStrike+1","floor":39},{"not_picked":["sneckomod:UnknownStrike+1","sneckomod:UnknownX"],"picked":"sneckomod:WideSting","floor":39},{"not_picked":["sneckomod:SlitherStrike+1","sneckomod:UnknownBlock"],"picked":"sneckomod:QuickMove+1","floor":40},{"not_picked":["sneckomod:UnknownRarePower+1","sneckomod:UnknownDexterity+1"],"picked":"sneckomod:UnknownClassGUARDIAN+1","floor":43},{"not_picked":["sneckomod:PureSnecko","sneckomod:UnknownClassGREEN"],"picked":"sneckomod:DiceBoulder","floor":43},{"not_picked":["sneckomod:SoulDraw+1","sneckomod:UnknownUncommonSkill+1"],"picked":"sneckomod:UnknownEthereal+1","floor":47},{"not_picked":["sneckomod:UnknownClassPURPLE+1","sneckomod:UnknownWeak+1"],"picked":"sneckomod:UnknownCommonAttack","floor":48},{"not_picked":["sneckomod:UnknownBlock+1","sneckomod:Unknown1Cost"],"picked":"sneckomod:WideSting+1","floor":49},{"not_picked":["sneckomod:UnknownDexterity+1","sneckomod:UnknownUncommonPower+1"],"picked":"sneckomod:UnknownColorless+1","floor":52},{"not_picked":["sneckomod:Unknown1Cost+1","sneckomod:MasterEye"],"picked":"sneckomod:WideSting+1","floor":52}],"player_experience":833087,"relics_obtained":[{"floor":4,"key":"hubris:TinFlute"},{"floor":6,"key":"StrikeDummy"},{"floor":23,"key":"Replay:Bandana"},{"floor":24,"key":"aspiration:Lifesprig"},{"floor":25,"key":"InkBottle"},{"floor":28,"key":"Blood Vial"},{"floor":40,"key":"infinitespire:Golems Mask"},{"floor":41,"key":"hubris:MysteriousPyramids"},{"floor":43,"key":"hubris:ToyBattleship"},{"floor":52,"key":"Garlic"}],"event_choices":[{"damage_healed":0,"gold_gain":0,"player_choice":"Rummage","damage_taken":0,"relics_obtained":["WarpedTongs"],"max_hp_gain":0,"max_hp_loss":0,"event_name":"Accursed Blacksmith","floor":8,"gold_loss":0,"cards_obtained":["Pain"]},{"damage_healed":0,"gold_gain":0,"player_choice":"Fight","damage_taken":0,"max_hp_gain":0,"max_hp_loss":0,"event_name":"Mysterious Sphere","floor":40,"gold_loss":0}],"is_beta":false,"boss_relics":[{"not_picked":["aspiration:SecretTechniqueScroll","hubris:Backtick"],"picked":"SlaversCollar"},{"not_picked":["Runic Dome","Snecko Eye"],"picked":"infinitespire:Cupcake"}],"items_purged_floors":[],"is_endless":false,"potions_floor_spawned":[2,5,10,19,22,23,25,27,32,33,37,39,40,47],"ascension_level":0}}