{"host":"ufl0k2so27eic2iy","time":1610040771,"event":{"mods":["BaseMod","Minty Spire (QoL Compilation)","StSLib","The Animator"],"gold_per_floor":[119,119,119,129,143,143,23,69,69,69,101,26,26,56,56,145,145,163,113,125,25,44,75,75,109,121,133,171,183,195,218,230,319,331,360,372,180,205,205,246,246,272,349,366,366,366],"floor_reached":45,"playtime":3048,"items_purged":["animator:Strike","animator:Strike+1","animator:Strike+1"],"score":949,"play_id":"0d9bed31-6616-4e75-8e27-2a2609c8b250","local_time":"20210107173251","is_ascension_mode":true,"campfire_choices":[{"data":"animator:HidekiHinata","floor":6.0,"key":"SMITH"},{"floor":10.0,"key":"REST"},{"data":"animator:Shinoa","floor":15.0,"key":"SMITH"},{"floor":24,"key":"REST"},{"data":"animator:HiiragiShinya","floor":27,"key":"SMITH"},{"data":"animator:EriShiina","floor":29,"key":"SMITH"},{"data":"animator:Chaa","floor":32,"key":"SMITH"},{"floor":41,"key":"RECALL"}],"circlet_count":0,"master_deck":["AscendersBane","animator:Strike_AngelBeats+1","animator:Defend_AngelBeats","animator:Defend+1","animator:Defend+1","animator:HidekiHinata+1","animator:MasamiIwasawa+1","animator:CrowleyEusford","animator:Mikaela","animator:Yuuichirou","animator:Kaijin","animator:Shinoa+1","animator:Chaa+1","animator:Vesta+1","animator:DolaRiku","animator:Envy","animator:YoshinoHimekawa","animator:HiiragiShinya+1","animator:Shinoa+1","animator:IzunaHatsuse","animator:Yusa","animator:EriShiina+1","animator:Mitsuba","animator:Rimuru","animator:Mikaela","animator:OrigamiTobiichi","animator:DolaCouronne+1","animator:OrigamiTobiichi+1"],"relics":["animator:VividPicture","animator:TheMissingPiece","Centennial Puzzle","Whetstone","Singing Bowl","Bottled Tornado","Sozu","Potion Belt","MawBank","Nunchaku","Turnip","White Beast Statue","War Paint"],"acts_visited":["Exordium","TheCity","TheBeyond"],"potions_floor_usage":[],"damage_taken":[{"damage":0.0,"enemies":"Small Slimes","floor":1.0,"turns":3.0},{"damage":0.0,"enemies":"2 Louse","floor":4.0,"turns":2.0},{"damage":0.0,"enemies":"Jaw Worm","floor":5.0,"turns":3.0},{"damage":18.0,"enemies":"Gremlin Nob","floor":8.0,"turns":4.0},{"damage":11.0,"enemies":"3 Sentries","floor":11.0,"turns":9.0},{"damage":13.0,"enemies":"Large Slime","floor":14.0,"turns":4.0},{"damage":5.0,"enemies":"Hexaghost","floor":16.0,"turns":12.0},{"damage":3.0,"enemies":"3 Byrds","floor":18.0,"turns":4.0},{"damage":1.0,"enemies":"Shell Parasite","floor":20.0,"turns":6.0},{"damage":11,"enemies":"Shelled Parasite and Fungi","floor":22,"turns":7},{"damage":17,"enemies":"Book of Stabbing","floor":23,"turns":8},{"damage":0,"enemies":"animator:HornedBat","floor":25,"turns":11},{"damage":5,"enemies":"Chosen and Byrds","floor":28,"turns":11},{"damage":0,"enemies":"Sentry and Sphere","floor":31,"turns":8},{"damage":15,"enemies":"Champ","floor":33,"turns":14},{"damage":0,"enemies":"Orb Walker","floor":35,"turns":4},{"damage":0,"enemies":"Mind Bloom Boss Battle","floor":38,"turns":8},{"damage":17,"enemies":"Nemesis","floor":40,"turns":11},{"damage":3,"enemies":"Giant Head","floor":42,"turns":11},{"damage":9,"enemies":"3 Shapes","floor":44,"turns":6},{"damage":0,"enemies":"Writhing Mass","floor":45,"turns":3}],"seed_played":"-2828365379398501826","potions_obtained":[{"floor":1.0,"key":"Block Potion"},{"floor":5.0,"key":"PowerPotion"}],"is_trial":false,"path_per_floor":["M","?","?","M","M","R","$","E","T","R","E","$","?","M","R","B",null,"M","?","M","$","M","E","R","E","T","R","M","R","?","M","R","B",null,"M","?","$","?","?","E","R","E","T","M","M"],"character_chosen":"THE_ANIMATOR","items_purchased":["animator:Kaijin","animator:Shinoa","animator:OrigamiTobiichi"],"campfire_rested":2,"item_purchase_floors":[7,7,37],"current_hp_per_floor":[54,54,36,36,36,36,36,18,18,36,25,25,25,12,12,7,47,44,44,43,43,32,16,34,35,35,35,30,30,30,30,30,19,51,51,51,51,53,53,36,36,35,35,26,26,26],"gold":366,"neow_bonus":"RANDOM_COMMON_RELIC","is_daily":false,"chose_seed":true,"campfire_upgraded":5,"win_rate":0.0,"timestamp":1610040771,"path_taken":["M","?","?","M","M","R","?","E","T","R","E","$","?","?","R","BOSS","M","?","M","$","?","E","R","E","T","R","M","R","?","M","R","BOSS","M","?","$","?","?","E","R","E","T","M","M"],"items_purchased_type":["Card","Card","Card"],"build_version":"2020-12-22","purchased_purges":3,"victory":false,"max_hp_per_floor":[60,60,60,60,60,60,60,60,60,60,60,60,60,60,60,60,60,60,60,60,60,60,61,61,62,62,62,62,62,62,62,62,62,62,62,62,62,64,64,64,64,66,66,66,66,66],"card_choices":[{"not_picked":["animator:Tet","animator:LizardPriest"],"picked":"animator:CrowleyEusford","floor":1.0},{"not_picked":["animator:Benimaru","animator:Natsumi"],"picked":"animator:Mikaela","floor":4.0},{"not_picked":["animator:Priestess","animator:ShidoItsuka"],"picked":"animator:Yuuichirou","floor":5.0},{"not_picked":["animator:HidekiHinata","animator:MasamiIwasawa"],"picked":"animator:Chaa","floor":8.0},{"not_picked":["animator:OrigamiTobiichi","animator:Hakurou"],"picked":"animator:Vesta","floor":11.0},{"not_picked":["animator:MasamiIwasawa","animator:ElricEdward"],"picked":"animator:DolaRiku","floor":14.0},{"not_picked":["animator:Rimuru","animator:Father"],"picked":"animator:Envy","floor":16.0},{"not_picked":["animator:GazelDwargon+1","animator:Scar"],"picked":"animator:YoshinoHimekawa","floor":18.0},{"not_picked":["animator:Yuuichirou","animator:Mikaela"],"picked":"animator:HiiragiShinya","floor":20},{"not_picked":["animator:ShidoItsuka","animator:Tet"],"picked":"animator:Shinoa","floor":22},{"not_picked":["animator:Shizu","animator:RoyMustang"],"picked":"animator:IzunaHatsuse","floor":23},{"not_picked":["animator:Millim","animator:Priestess"],"picked":"animator:Yusa","floor":25},{"not_picked":["animator:YuzuruOtonashi","animator:Yui"],"picked":"animator:EriShiina","floor":28},{"not_picked":["animator:YamaiSisters","animator:MaesHughes"],"picked":"animator:Mitsuba","floor":31},{"not_picked":["animator:MukuroHoshimiya","animator:Envy"],"picked":"animator:Rimuru","floor":33},{"not_picked":["animator:Scar","animator:GuildGirl"],"picked":"animator:Mikaela","floor":35},{"not_picked":["animator:ElricEdward","animator:Jibril+1","animator:Millim"],"picked":"Singing Bowl","floor":38},{"not_picked":["animator:Gluttony","animator:Kaijin"],"picked":"animator:DolaCouronne","floor":40},{"not_picked":["animator:Mitsuba","animator:KrulTepes","animator:Yoichi"],"picked":"Singing Bowl","floor":42},{"not_picked":["animator:Mitsuba","animator:KrulTepes+1"],"picked":"animator:OrigamiTobiichi+1","floor":44}],"player_experience":2413943,"relics_obtained":[{"floor":8.0,"key":"Whetstone"},{"floor":9.0,"key":"Singing Bowl"},{"floor":11.0,"key":"Bottled Tornado"},{"floor":23,"key":"Potion Belt"},{"floor":25,"key":"MawBank"},{"floor":26,"key":"Nunchaku"},{"floor":38,"key":"Turnip"},{"floor":40,"key":"White Beast Statue"},{"floor":42,"key":"War Paint"}],"event_choices":[{"damage_healed":0.0,"max_hp_gain":0.0,"max_hp_loss":0.0,"gold_gain":0.0,"event_name":"Liars Game","player_choice":"Ignored","floor":2.0,"gold_loss":0.0,"damage_taken":0.0},{"damage_healed":0.0,"max_hp_gain":0.0,"max_hp_loss":0.0,"gold_gain":0.0,"event_name":"Shining Light","player_choice":"Entered Light","floor":3.0,"gold_loss":0.0,"damage_taken":18.0,"cards_upgraded":["animator:Strike","animator:Defend"]},{"damage_healed":0.0,"max_hp_gain":0.0,"max_hp_loss":0.0,"gold_gain":0.0,"event_name":"Accursed Blacksmith","player_choice":"Forge","floor":13.0,"gold_loss":0.0,"damage_taken":0.0,"cards_upgraded":["animator:Vesta"]},{"damage_healed":0.0,"max_hp_gain":0.0,"max_hp_loss":0.0,"gold_gain":0.0,"event_name":"Designer","player_choice":"Upgrade","floor":19.0,"gold_loss":50.0,"damage_taken":0.0,"cards_upgraded":["animator:MasamiIwasawa"]},{"damage_healed":0,"gold_gain":0,"player_choice":"Ignored","damage_taken":0,"max_hp_gain":0,"max_hp_loss":0,"event_name":"Vampires","floor":30,"gold_loss":0},{"damage_healed":0,"gold_gain":0,"player_choice":"Ignored","damage_taken":0,"max_hp_gain":0,"max_hp_loss":0,"event_name":"Tomb of Lord Red Mask","floor":36,"gold_loss":0},{"damage_healed":0,"gold_gain":0,"player_choice":"Fight","damage_taken":0,"max_hp_gain":0,"max_hp_loss":0,"event_name":"MindBloom","floor":38,"gold_loss":0},{"cards_removed":["animator:Defend"],"damage_healed":0,"gold_gain":0,"player_choice":"Purged","damage_taken":0,"max_hp_gain":0,"max_hp_loss":0,"event_name":"Purifier","floor":39,"gold_loss":0}],"is_beta":false,"boss_relics":[{"not_picked":["Tiny House","Black Star"],"picked":"Sozu"},{"not_picked":["Runic Dome","animator:RacePiece"],"picked":"animator:VividPicture"}],"items_purged_floors":[12,21,37],"is_endless":false,"potions_floor_spawned":[1,5,18,20,31,38,42,44],"killed_by":"Writhing Mass","ascension_level":15}}