{"host":"0nndazl0keusavit","time":1610029270,"event":{"mods":["AchievementEnabler","BaseMod","Colored Map","Curses Come First","Highlight Path","Minty Spire (QoL Compilation)","Relic Stats","StSLib"],"gold_per_floor":[116,132,147,160,175,208,208,236,259,259,287,303,106,106,106,180,180,195,208,219,134,134,134,159,159,159],"floor_reached":25,"playtime":956,"items_purged":["Strike_G"],"score":446,"play_id":"420e174b-9edc-488c-9e73-aaccefffc254","local_time":"20210107092110","is_ascension_mode":true,"campfire_choices":[{"floor":7,"key":"REST"},{"floor":10,"key":"REST"},{"floor":15,"key":"REST"},{"data":"Envenom","floor":23,"key":"SMITH"}],"circlet_count":0,"master_deck":["AscendersBane","Strike_G","Strike_G","Strike_G","Strike_G","Defend_G","Defend_G","Defend_G","Defend_G","Defend_G","Survivor","Neutralize","Caltrops","Deadly Poison","Poisoned Stab","Finisher","Noxious Fumes","A Thousand Cuts","Dash","Cloak And Dagger","Envenom+1","Noxious Fumes"],"relics":["Sozu","Smiling Mask","Bronze Scales","Pen Nib","Oddly Smooth Stone","Runic Pyramid","Boot","Juzu Bracelet"],"acts_visited":["Exordium","TheCity"],"potions_floor_usage":[],"damage_taken":[{"damage":3.0,"enemies":"Small Slimes","floor":1.0,"turns":4.0},{"damage":1.0,"enemies":"Cultist","floor":2.0,"turns":5.0},{"damage":0,"enemies":"2 Louse","floor":3,"turns":3},{"damage":9,"enemies":"Blue Slaver","floor":4,"turns":4},{"damage":17,"enemies":"Exordium Thugs","floor":5,"turns":6},{"damage":15,"enemies":"Lagavulin","floor":6,"turns":8},{"damage":22,"enemies":"Gremlin Nob","floor":8,"turns":4},{"damage":17,"enemies":"Lagavulin","floor":11,"turns":5},{"damage":10,"enemies":"Lots of Slimes","floor":12,"turns":3},{"damage":20,"enemies":"The Guardian","floor":16,"turns":9},{"damage":10,"enemies":"Spheric Guardian","floor":18,"turns":5},{"damage":0,"enemies":"3 Byrds","floor":19,"turns":2},{"damage":15,"enemies":"3 Cultists","floor":20,"turns":4},{"damage":44,"enemies":"Slavers","floor":25,"turns":4}],"seed_played":"3585721139154580343","potions_obtained":[],"is_trial":false,"path_per_floor":["M","M","M","M","M","E","R","E","T","R","E","M","$","?","R","B",null,"M","M","M","?","?","R","T","E"],"character_chosen":"THE_SILENT","items_purchased":["Dash","Cloak And Dagger"],"campfire_rested":3,"item_purchase_floors":[13,13],"current_hp_per_floor":[56,55,55,46,29,14,33,11,11,30,13,3,3,3,22,2,50,40,40,25,25,38,38,38,0,0],"gold":159,"neow_bonus":"BOSS_RELIC","is_daily":false,"chose_seed":false,"campfire_upgraded":1,"win_rate":0.0,"timestamp":1610029270,"path_taken":["M","M","M","M","M","E","R","E","T","R","E","M","$","?","R","BOSS","M","?","M","?","?","R","?","E"],"items_purchased_type":["Card","Card"],"build_version":"2020-12-22","purchased_purges":1,"victory":false,"max_hp_per_floor":[66,66,66,66,66,66,66,66,66,66,66,66,66,66,66,66,66,66,66,66,66,66,66,66,66,66],"relic_stats":{"Sozu":7,"counters":[14,66],"Bronze Scales":[130],"Pen Nib":[5],"Juzu Bracelet":0,"Smiling Mask":25,"Boot":[6],"obtain_stats":[{"Sozu":0,"Bronze Scales":8,"Oddly Smooth Stone":11,"Pen Nib":9,"Juzu Bracelet":24,"Smiling Mask":6,"Boot":21,"Ring of the Snake":0,"Runic Pyramid":17},{"Sozu":0,"Bronze Scales":7,"Oddly Smooth Stone":8,"Pen Nib":7,"Juzu Bracelet":13,"Smiling Mask":6,"Boot":13,"Ring of the Snake":0,"Runic Pyramid":10},{"Sozu":0,"Bronze Scales":34,"Oddly Smooth Stone":39,"Pen Nib":34,"Juzu Bracelet":62,"Smiling Mask":30,"Boot":62,"Ring of the Snake":0,"Runic Pyramid":51}]},"card_choices":[{"not_picked":["Finisher","Setup"],"picked":"Caltrops","floor":1.0},{"not_picked":["PiercingWail","Sucker Punch","Prepared"],"picked":"SKIP","floor":2.0},{"not_picked":["Dagger Throw","Outmaneuver"],"picked":"Deadly Poison","floor":3},{"not_picked":["Dagger Spray","Blade Dance"],"picked":"Poisoned Stab","floor":4},{"not_picked":["Setup","Blade Dance"],"picked":"Finisher","floor":5},{"not_picked":["Flechettes","Heel Hook","Acrobatics"],"picked":"SKIP","floor":6},{"not_picked":["Blade Dance","Outmaneuver"],"picked":"Noxious Fumes","floor":8},{"not_picked":["Deflect","Sucker Punch","Slice"],"picked":"SKIP","floor":11},{"not_picked":["Deflect","Underhanded Strike"],"picked":"A Thousand Cuts","floor":12},{"not_picked":["Die Die Die","After Image"],"picked":"Envenom","floor":16},{"not_picked":["Slice+1","Underhanded Strike"],"picked":"Noxious Fumes","floor":18},{"not_picked":["Sucker Punch","Flying Knee","Acrobatics+1"],"picked":"SKIP","floor":19},{"not_picked":["Expertise","Slice","Blade Dance"],"picked":"SKIP","floor":20}],"player_experience":888491,"relics_obtained":[{"floor":6,"key":"Smiling Mask"},{"floor":8,"key":"Bronze Scales"},{"floor":9,"key":"Pen Nib"},{"floor":11,"key":"Oddly Smooth Stone"},{"floor":24,"key":"Juzu Bracelet"}],"event_choices":[{"damage_healed":0,"gold_gain":0,"player_choice":"Got Potions","damage_taken":0,"max_hp_gain":0,"max_hp_loss":0,"event_name":"Lab","floor":14,"gold_loss":0},{"damage_healed":0,"gold_gain":0,"player_choice":"Obtained Relic","damage_taken":0,"relics_obtained":["Boot"],"max_hp_gain":0,"max_hp_loss":0,"event_name":"Addict","floor":21,"gold_loss":85},{"damage_healed":13,"gold_gain":0,"player_choice":"Heal","damage_taken":0,"max_hp_gain":0,"max_hp_loss":0,"event_name":"The Library","floor":22,"gold_loss":0}],"is_beta":false,"boss_relics":[{"not_picked":["Empty Cage","Fusion Hammer"],"picked":"Runic Pyramid"}],"items_purged_floors":[13],"is_endless":false,"potions_floor_spawned":[1,2,4,6,19,20],"killed_by":"Slavers","ascension_level":20}}