{"host":"qg7fj05lalo09o61","time":1610047862,"event":{"mods":["Act Like it!","Always Whale","BaseMod","CapriCore","Gensokyo","Minty Spire (QoL Compilation)","StSLib","The Administrix"],"gold_per_floor":[121,121,135,135,135,135,170,170,170,208,220,1,344,360,360,459,459,473,473,484,484,84,117,117,143,189,222,574,604,10,10,10,112,112,132,132,150,169,169,198,198,233,259,259,292,305,305,305,305,305],"floor_reached":51,"playtime":4813,"items_purged":["Injury"],"score":1065,"play_id":"85d5a04c-b8a5-4acd-a606-3dc976be14cf","local_time":"20210107223102","is_ascension_mode":true,"campfire_choices":[{"data":"AdministrixMod:ShadowPlay","floor":6.0,"key":"SMITH"},{"data":"AdministrixMod:SyncreticSurge","floor":11.0,"key":"SMITH"},{"data":"AdministrixMod:ExtolVirtue","floor":15.0,"key":"SMITH"},{"data":"AdministrixMod:AmassedMasks","floor":24.0,"key":"SMITH"},{"data":"AdministrixMod:RisingSunPrince","floor":32,"key":"SMITH"},{"data":"AdministrixMod:LifeforceNet","floor":41,"key":"SMITH"},{"data":"AdministrixMod:GuanyinBlessing","floor":44,"key":"SMITH"},{"data":"AdministrixMod:GuanyinBlessing","floor":49,"key":"SMITH"}],"circlet_count":0,"master_deck":["AdministrixMod:RedCloak","AdministrixMod:BlueCloak","AdministrixMod:ShadowPlay+1","AdministrixMod:ExtolVirtue+1","AdministrixMod:GuanyinBlessing+1","AdministrixMod:SyncreticSurge+1","AdministrixMod:NewWardrobe","AdministrixMod:AmassedMasks+1","AdministrixMod:RebukeDesires+1","AdministrixMod:ChooseYourEnd","AdministrixMod:RisingSunPrince+1","AdministrixMod:RisingSunPrince+1","AdministrixMod:BishamonBlessing","AdministrixMod:LifeforceNet+1","AdministrixMod:FiendishCrimson","AdministrixMod:FiendishCrimson","AdministrixMod:FiendishCrimson","AdministrixMod:BloodlessSapphire","AdministrixMod:BloodlessSapphire","AdministrixMod:BloodlessSapphire+1","Gensokyo:PrivateSquare+1","AdministrixMod:NoblePath+1","AdministrixMod:FuneraryRites+1","AdministrixMod:GuanyinBlessing+1","AdministrixMod:UnstableVigor+1","AdministrixMod:FuneraryRites+1"],"relics":["AdministrixMod:ConductorRitualBaton","Strawberry","Pocketwatch","Gensokyo:OccultBall","Ice Cream","Pen Nib","MawBank","MealTicket","PreservedInsect","Coffee Dripper","Lantern","Bottled Lightning","StoneCalendar","Meat on the Bone","Centennial Puzzle","Bronze Scales","Strawberry","Mummified Hand","White Beast Statue","Blue Candle","AdministrixMod:BloodSoakedVeil","Ancient Tea Set","War Paint","Juzu Bracelet","Thread and Needle"],"acts_visited":["Exordium","Gensokyo:Gensokyo","Gensokyo:Gensokyoer"],"potions_floor_usage":[29,35,37,42],"damage_taken":[{"damage":0.0,"enemies":"Gensokyo:2_Kodama","floor":1.0,"turns":3.0},{"damage":0.0,"enemies":"Gensokyo:Python","floor":3.0,"turns":2.0},{"damage":0.0,"enemies":"Gensokyo:Cirno","floor":7.0,"turns":4.0},{"damage":10.0,"enemies":"Gensokyo:Aya","floor":10.0,"turns":5.0},{"damage":33.0,"enemies":"Gensokyo:3_Fairies","floor":13.0,"turns":2.0},{"damage":0.0,"enemies":"Gensokyo:VengefulSpirit","floor":14.0,"turns":2.0},{"damage":18.0,"enemies":"Gensokyo:Kokoro","floor":16.0,"turns":10.0},{"damage":0.0,"enemies":"Gensokyo:CosmicMonolith","floor":18.0,"turns":1.0},{"damage":2.0,"enemies":"Gensokyo:2_Gloops","floor":20.0,"turns":3.0},{"damage":0.0,"enemies":"Gensokyo:Tenshi","floor":23.0,"turns":2.0},{"damage":0.0,"enemies":"Gensokyo:Reisen","floor":25.0,"turns":3.0},{"damage":3.0,"enemies":"Gensokyo:Koishi","floor":27.0,"turns":4.0},{"damage":39.0,"enemies":"Gensokyo:Monolith_and_Dog","floor":28.0,"turns":2.0},{"damage":0.0,"enemies":"Gensokyo:Reisen","floor":29.0,"turns":3.0},{"damage":14,"enemies":"Gensokyo:Eiki","floor":33,"turns":7},{"damage":0,"enemies":"Gensokyo:3_Bats","floor":35,"turns":2},{"damage":3,"enemies":"Gensokyo:AncientGuardian","floor":37,"turns":3},{"damage":1,"enemies":"Gensokyo:Dusk_and_Dawn","floor":38,"turns":3},{"damage":11,"enemies":"Gensokyo:Marisa","floor":40,"turns":3},{"damage":1,"enemies":"Gensokyo:Doremy","floor":42,"turns":3},{"damage":0,"enemies":"Gensokyo:Marisa","floor":45,"turns":4},{"damage":1,"enemies":"Gensokyo:Sharpion","floor":46,"turns":4},{"damage":36,"enemies":"Gensokyo:Scarlet_Devils","floor":50,"turns":7}],"seed_played":"7928109971296758999","potions_obtained":[{"floor":3.0,"key":"Explosive Potion"},{"floor":10.0,"key":"Weak Potion"},{"floor":13.0,"key":"DistilledChaos"},{"floor":16.0,"key":"ColorlessPotion"},{"floor":20.0,"key":"SpeedPotion"},{"floor":29,"key":"Fruit Juice"},{"floor":33,"key":"Fire Potion"},{"floor":35,"key":"Energy Potion"},{"floor":37,"key":"Swift Potion"}],"is_trial":false,"path_per_floor":["M","?","M","T","?","R","E","?","T","E","R","$","M","M","R","B",null,"M","?","M","?","$","E","R","E","T","E","M","E","$","?","R","B",null,"M","?","M","M","?","E","R","E","T","R","E","M","?","?","R","B",null],"character_chosen":"TheAdministrix","items_purchased":["PreservedInsect","Lantern","Bottled Lightning","Mummified Hand","AdministrixMod:BishamonBlessing","White Beast Statue"],"campfire_rested":0,"item_purchase_floors":[12,22,22,30,30,30],"current_hp_per_floor":[65,62,62,62,62,62,62,62,62,52,52,67,34,34,34,16,72,72,72,70,70,72,72,72,72,72,69,42,54,69,69,69,55,78,78,78,76,78,67,68,68,78,78,78,78,78,78,78,78,54],"gold":305,"neow_bonus":"THREE_CARDS","is_daily":false,"chose_seed":false,"campfire_upgraded":8,"win_rate":0.0,"timestamp":1610047862,"path_taken":["M","?","M","?","?","R","E","?","T","E","R","$","M","M","R","BOSS","M","?","M","?","?","E","R","E","T","E","M","E","?","?","R","BOSS","M","?","M","M","?","E","R","E","T","R","E","M","?","?","R","BOSS"],"items_purchased_type":["Relic","Relic","Relic","Relic","Card","Relic"],"build_version":"2020-12-22","purchased_purges":1,"victory":true,"max_hp_per_floor":[65,72,72,72,72,72,72,72,72,72,72,72,72,72,72,72,72,72,72,72,72,72,72,72,72,72,72,72,84,84,78,78,78,78,78,78,78,78,78,78,78,78,78,78,78,78,78,78,78,78],"card_choices":[{"not_picked":["AdministrixMod:DiversionaryTactic","AdministrixMod:PlateOfAntiquity"],"picked":"AdministrixMod:ShadowPlay","floor":0.0},{"not_picked":["AdministrixMod:LightOfYourLife","AdministrixMod:RebukeDesires"],"picked":"AdministrixMod:ExtolVirtue","floor":1.0},{"not_picked":["AdministrixMod:BloodlessSapphire","AdministrixMod:HarmonicReverence"],"picked":"AdministrixMod:WickedPunishment","floor":3.0},{"not_picked":["AdministrixMod:ImmortalPurity","AdministrixMod:RegentEdict"],"picked":"AdministrixMod:GuanyinBlessing","floor":7.0},{"not_picked":["AdministrixMod:Transcension","AdministrixMod:ImmortalClarity"],"picked":"AdministrixMod:SyncreticSurge","floor":10.0},{"not_picked":["AdministrixMod:LightOfYourLife","AdministrixMod:TrickOfTheLight","AdministrixMod:ImmortalGrace"],"picked":"SKIP","floor":13.0},{"not_picked":["AdministrixMod:JustRewards","AdministrixMod:FuneraryRites"],"picked":"AdministrixMod:NewWardrobe","floor":14.0},{"not_picked":["AdministrixMod:ImmortalClarity","AdministrixMod:NewbornDivinity"],"picked":"AdministrixMod:AmassedMasks","floor":16.0},{"not_picked":["AdministrixMod:SealAway","AdministrixMod:Transcension"],"picked":"AdministrixMod:RebukeDesires+1","floor":18.0},{"not_picked":["AdministrixMod:SealAway","AdministrixMod:ArmillarySphere","AdministrixMod:DiversionaryTactic"],"picked":"SKIP","floor":20.0},{"not_picked":["AdministrixMod:XianArts","AdministrixMod:ImmortalClarity","AdministrixMod:ReachToHeaven"],"picked":"SKIP","floor":23.0},{"not_picked":["AdministrixMod:TrickOfTheLight+1","AdministrixMod:PassageOfAges"],"picked":"AdministrixMod:RisingSunPrince","floor":25.0},{"not_picked":["AdministrixMod:RegentEdict","AdministrixMod:ImmortalGrace","AdministrixMod:SealAway"],"picked":"SKIP","floor":27.0},{"not_picked":["AdministrixMod:CastOffRegrets","AdministrixMod:TouchOfCinnabar","AdministrixMod:HarmonicReverence"],"picked":"SKIP","floor":28.0},{"not_picked":["AdministrixMod:CrackingPangu","AdministrixMod:SealAway+1"],"picked":"AdministrixMod:RisingSunPrince+1","floor":29},{"not_picked":["AdministrixMod:FaithfulFlames","AdministrixMod:Mastermind"],"picked":"AdministrixMod:LifeforceNet","floor":33},{"not_picked":["AdministrixMod:Wuji+1","AdministrixMod:SealAway","AdministrixMod:RisingSunPrince"],"picked":"SKIP","floor":35},{"not_picked":["AdministrixMod:ImmortalPurity+1","AdministrixMod:FiendishCrimson+1"],"picked":"AdministrixMod:NoblePath+1","floor":37},{"not_picked":["AdministrixMod:QuietConspiracy","AdministrixMod:Wuji+1"],"picked":"AdministrixMod:FuneraryRites+1","floor":38},{"not_picked":["AdministrixMod:ImmortalPurity","AdministrixMod:HarmonicReverence","AdministrixMod:FiendishCrimson"],"picked":"SKIP","floor":40},{"not_picked":["AdministrixMod:Untouchable","AdministrixMod:NewbornDivinity"],"picked":"AdministrixMod:GuanyinBlessing","floor":42},{"not_picked":["AdministrixMod:RebukeDesires","AdministrixMod:TouchOfCinnabar+1"],"picked":"AdministrixMod:UnstableVigor+1","floor":45},{"not_picked":["AdministrixMod:CrackingPangu+1","AdministrixMod:Transition"],"picked":"AdministrixMod:FuneraryRites+1","floor":46}],"player_experience":203047,"relics_obtained":[{"floor":4.0,"key":"Pocketwatch"},{"floor":7.0,"key":"Ice Cream"},{"floor":9.0,"key":"MawBank"},{"floor":10.0,"key":"MealTicket"},{"floor":16.0,"key":"Gensokyo:OccultBall"},{"floor":23.0,"key":"StoneCalendar"},{"floor":25.0,"key":"Gensokyo:OccultBall"},{"floor":25.0,"key":"Meat on the Bone"},{"floor":26.0,"key":"Centennial Puzzle"},{"floor":27.0,"key":"Bronze Scales"},{"floor":29,"key":"Strawberry"},{"floor":33,"key":"Gensokyo:OccultBall"},{"floor":40,"key":"Gensokyo:OccultBall"},{"floor":40,"key":"Ancient Tea Set"},{"floor":42,"key":"War Paint"},{"floor":43,"key":"Juzu Bracelet"},{"floor":45,"key":"Thread and Needle"}],"event_choices":[],"is_beta":false,"boss_relics":[{"not_picked":["Snecko Eye","Cursed Key"],"picked":"Coffee Dripper"},{"not_picked":["Pandora\u0027s Box","Fusion Hammer"],"picked":"AdministrixMod:BloodSoakedVeil"}],"items_purged_floors":[12],"is_endless":false,"potions_floor_spawned":[3,10,13,16,20,28,29,33,35,37,38,40,42,45,46],"ascension_level":2}}