{"host":"5m2js577gj4e7pak","time":1610044107,"event":{"mods":["AchievementEnabler","BaseMod","Better Match","BetterRewards","Colored Map","Colored Powertips","Googly Eyes","Highlight Path","Lobotomy","LobotomyExtend","Minty Spire (QoL Compilation)","Quick Restart","Relic Filter","StSLib"],"gold_per_floor":[116,116,136,311,329,329,344,344,371,321,321,321,321,338,338,440,440,440,440,35,35,45,73,73,83,108,18,34,34,67,21,21,117,117,133,133,133,133,148,148,0,0,0,0,0,10,29,39,39,39],"floor_reached":51,"playtime":1989,"items_purged":[],"score":746,"play_id":"15b13e9c-4d18-4b63-a596-660a6eb3521a","local_time":"20210107192827","is_ascension_mode":false,"campfire_choices":[],"circlet_count":0,"master_deck":["SpecialBullet","SpecialBullet","SpecialBullet","SpecialBullet","SpecialBullet","SpecialBullet","SpecialBullet","SpecialBullet","InformationCode","SecurityCode","ExtractionCode","Gaze+1","Wingbeat+1","Noise","InTheNameOfLoveAndHate","Beak","RedEyes","FeatherOfHonor","CrimsonScar","ShyLook","Justitia+1","BigBird","GoldRush+1","Penitence+1","CENSORED","Penitence","ParadiseLost","BeautyBeast","TodaysExpression","FeatherOfHonor","FieryBird","ControlCode","Justitia","Madness","Noise","Rudolta","FrostShard","TT2Protocol","TodaysExpression","SomewhereSpear","DisciplinaryCode","GoldRush","QueenBee","Justitia","Madness","BlueStar"],"relics":["CogitoBucket","FossilizedHelix","LetterFromLob","Strawberry","Black Star","Happy Flower","Strange Spoon","SkinProphecy","Omamori","MealTicket","Anchor","Oddly Smooth Stone","Torii","Busted Crown","FleshIdol","Red Mask","Toxic Egg 2"],"acts_visited":["Exordium","TheCity","TheBeyond"],"potions_floor_usage":[16,16,16,23,28,51],"damage_taken":[{"damage":0,"enemies":"Cultist","floor":1,"turns":3},{"damage":0,"enemies":"2 Louse","floor":3,"turns":3},{"damage":10,"enemies":"Small Slimes","floor":5,"turns":3},{"damage":0,"enemies":"3 Louse","floor":7,"turns":4},{"damage":0,"enemies":"Exordium Wildlife","floor":14,"turns":4},{"damage":31,"enemies":"Slime Boss","floor":16,"turns":8},{"damage":6,"enemies":"Spheric Guardian","floor":22,"turns":4},{"damage":40,"enemies":"Slavers","floor":23,"turns":6},{"damage":3,"enemies":"Shell Parasite","floor":25,"turns":6},{"damage":33,"enemies":"Centurion and Healer","floor":28,"turns":8},{"damage":122,"enemies":"Gremlin Leader","floor":30,"turns":9},{"damage":66,"enemies":"Automaton","floor":33,"turns":11},{"damage":0,"enemies":"3 Darklings","floor":35,"turns":5},{"damage":0,"enemies":"Orb Walker","floor":39,"turns":2},{"damage":7,"enemies":"Sphere and 2 Shapes","floor":46,"turns":3},{"damage":34,"enemies":"4 Shapes","floor":47,"turns":4},{"damage":24,"enemies":"Spire Growth","floor":48,"turns":4},{"damage":86,"enemies":"Donu and Deca","floor":50,"turns":7},{"damage":145,"enemies":"Malkuth","floor":51,"turns":11},{"damage":251,"enemies":"Netzach","floor":51,"turns":14}],"seed_played":"-4488542859841104479","potions_obtained":[{"floor":1,"key":"FearPotion"},{"floor":5,"key":"PowerPotion"},{"floor":7,"key":"ColorlessPotion"},{"floor":22,"key":"Fire Potion"},{"floor":28,"key":"Fruit Juice"},{"floor":35,"key":"Weak Potion"}],"is_trial":false,"path_per_floor":["M","?","M","?","M","R","M","?","T","?","R","?","R","M","R","B",null,"M","?","$","?","M","E","R","M","T","$","M","R","E","$","R","B",null,"M","?","?","?","M","R","?","$","T","R","$","M","M","M","R","B",null],"character_chosen":"Angela","items_purchased":["Happy Flower","Strange Spoon","FairyPotion","Madness","FourthMatchFlame"],"campfire_rested":0,"item_purchase_floors":[20,20,20,27,31],"current_hp_per_floor":[70,56,64,64,62,62,70,75,82,82,82,75,75,82,82,69,82,82,82,82,66,60,60,60,91,91,91,98,98,34,49,49,37,102,106,93,93,105,108,108,108,108,108,108,108,110,101,105,105,61],"gold":39,"neow_bonus":"ONE_RARE_RELIC","is_daily":false,"chose_seed":false,"campfire_upgraded":0,"win_rate":0.0,"timestamp":1610044107,"path_taken":["M","?","M","?","M","R","M","?","T","?","R","?","R","?","R","BOSS","M","?","$","?","M","E","R","M","T","$","M","R","E","$","R","BOSS","M","?","?","?","M","R","?","?","T","R","$","?","M","M","R","BOSS"],"items_purchased_type":["Relic","Relic","Potion","Card","Card"],"build_version":"2020-12-22","purchased_purges":0,"victory":true,"max_hp_per_floor":[70,70,70,70,70,70,70,75,82,82,82,82,82,82,82,82,82,82,82,82,87,87,89,89,91,91,91,98,98,100,100,100,102,102,106,106,106,106,108,108,108,108,108,108,108,110,112,114,114,116],"card_choices":[{"not_picked":["CherryBlossom"],"picked":"Gaze","floor":1},{"not_picked":["WristCuter"],"picked":"Wingbeat","floor":1},{"not_picked":["UniverseFragment","Variant"],"picked":"SpiderBud","floor":3},{"not_picked":["TodaysExpression"],"picked":"Noise","floor":3},{"not_picked":["TodaysExpression"],"picked":"InTheNameOfLoveAndHate","floor":5},{"not_picked":["Soda"],"picked":"Beak","floor":5},{"not_picked":["MagicBullet"],"picked":"RedEyes","floor":7},{"not_picked":["RapturousDream"],"picked":"FeatherOfHonor","floor":7},{"not_picked":["Noise"],"picked":"CrimsonScar","floor":14},{"not_picked":["Scarecrow","MeltingLove"],"picked":"ShyLook","floor":14},{"not_picked":["CUTE","TodaysExpression"],"picked":"SKIP","floor":14},{"not_picked":["DaCapo"],"picked":"Justitia","floor":16},{"not_picked":["Murderer","BigBadWolf"],"picked":"BigBird","floor":16},{"not_picked":["SoundOfStar"],"picked":"GoldRush","floor":16},{"not_picked":["Tough+1"],"picked":"Penitence+1","floor":22},{"not_picked":["Laetitia","LaLuna"],"picked":"CENSORED","floor":22},{"not_picked":["WristCuter"],"picked":"Penitence","floor":22},{"not_picked":["Noise"],"picked":"ParadiseLost","floor":23},{"not_picked":["Funeral","Mercenary"],"picked":"BeautyBeast","floor":23},{"not_picked":["Noise"],"picked":"TodaysExpression","floor":23},{"not_picked":["WristCuter"],"picked":"FeatherOfHonor","floor":25},{"not_picked":["LongBird","DespairKnight"],"picked":"FieryBird","floor":25},{"not_picked":["SomewhereSpear"],"picked":"Justitia","floor":25},{"not_picked":["CrimsonScar"],"picked":"Noise","floor":28},{"not_picked":["OldLady","CrumblingArmor"],"picked":"Rudolta","floor":28},{"not_picked":["Beak"],"picked":"FrostShard","floor":28},{"not_picked":["Discord"],"picked":"TodaysExpression","floor":30},{"not_picked":["WristCuter"],"picked":"SomewhereSpear","floor":30},{"not_picked":["SoundOfStar"],"picked":"GoldRush","floor":33},{"not_picked":["Wellcheers","NakedNest"],"picked":"QueenBee","floor":33},{"not_picked":["DaCapo"],"picked":"Justitia","floor":33},{"not_picked":["SilentOrchestra","Freischutz"],"picked":"BlueStar","floor":48}],"player_experience":32083,"relics_obtained":[{"floor":1,"key":"LetterFromLob"},{"floor":9,"key":"Strawberry"},{"floor":23,"key":"Omamori"},{"floor":23,"key":"MealTicket"},{"floor":26,"key":"Anchor"},{"floor":30,"key":"Oddly Smooth Stone"},{"floor":30,"key":"Torii"},{"floor":43,"key":"Toxic Egg 2"}],"event_choices":[{"damage_healed":0,"gold_gain":0,"player_choice":"Entered Light","damage_taken":14,"max_hp_gain":0,"max_hp_loss":0,"event_name":"Shining Light","floor":2,"gold_loss":0,"cards_upgraded":["Wingbeat","Gaze"]},{"damage_healed":0,"gold_gain":175,"player_choice":"AGREE","damage_taken":0,"max_hp_gain":0,"max_hp_loss":0,"event_name":"Liars Game","floor":4,"gold_loss":0,"cards_obtained":["Doubt"]},{"damage_healed":0,"gold_gain":0,"player_choice":"Donut","damage_taken":0,"max_hp_gain":5,"max_hp_loss":0,"event_name":"Big Fish","floor":8,"gold_loss":0},{"cards_removed":["SpiderBud"],"damage_healed":0,"gold_gain":0,"player_choice":"Card Removal","damage_taken":0,"max_hp_gain":0,"max_hp_loss":0,"event_name":"The Cleric","floor":10,"gold_loss":50},{"cards_removed":["Doubt"],"damage_healed":0,"gold_gain":0,"player_choice":"Card Removal","damage_taken":7,"max_hp_gain":0,"max_hp_loss":0,"event_name":"Golden Wing","floor":12,"gold_loss":0},{"damage_healed":0,"gold_gain":0,"player_choice":"Ignored","damage_taken":0,"max_hp_gain":0,"max_hp_loss":0,"event_name":"Vampires","floor":19,"gold_loss":0},{"damage_healed":0,"gold_gain":0,"player_choice":"Shed Blood","damage_taken":21,"max_hp_gain":5,"max_hp_loss":0,"event_name":"Forgotten Altar","floor":21,"gold_loss":0},{"damage_healed":0,"gold_gain":0,"player_choice":"Embrace Madness","damage_taken":13,"max_hp_gain":0,"max_hp_loss":0,"event_name":"Winding Halls","floor":36,"gold_loss":0,"cards_obtained":["Madness","Madness"]},{"cards_removed":["Madness"],"damage_healed":0,"gold_gain":0,"player_choice":"Removed Skill","damage_taken":0,"max_hp_gain":0,"max_hp_loss":0,"event_name":"Falling","floor":37,"gold_loss":0},{"damage_healed":0,"gold_gain":0,"player_choice":"Paid","damage_taken":0,"relics_obtained":["Red Mask"],"max_hp_gain":0,"max_hp_loss":0,"event_name":"Tomb of Lord Red Mask","floor":41,"gold_loss":148}],"is_beta":false,"boss_relics":[{"not_picked":["Velvet Choker","Tiny House"],"picked":"Black Star"},{"not_picked":["Fusion Hammer","SacredBark"],"picked":"Busted Crown"}],"items_purged_floors":[],"is_endless":false,"potions_floor_spawned":[1,5,7,14,22,28,35],"ascension_level":0}}