{"host":"tw8gm4p1o2j6gfl4","time":1610009404,"event":{"mods":["Act Like it!","Aspiration","BaseMod","BetterRewards","Colored Map","Colored Powertips","Curses Come First","Decade(???)","Downfall","Gensokyo","Googly Eyes","Hallownest","Hermit","Highlight Path","Hubris","Infinite Spire","Jorbs\u0027s Wanderer Trilogy","Koishi","Lobotomy","Luminous","Minty Spire (QoL Compilation)","Quick Restart","Replay The Spire","StSLib","SuperFastMode","The Bug Knight","The Cursed","The Hierophant","The Jungle","The Marked","The Necromancer","The Poker Player","Trackpad","[IsaacMod]????"],"gold_per_floor":[111,128,199,199,199,224,44,57,57,72,32,66,66,78,78,176,176,190,209,209,209,209],"floor_reached":21,"playtime":1842,"items_purged":[],"score":214,"play_id":"38673ae1-5b24-42ab-9f08-1856801502fa","local_time":"20210107005004","is_ascension_mode":false,"campfire_choices":[{"floor":15.0,"key":"REST"}],"circlet_count":0,"master_deck":["Luminous:Light_Flash_Shower","Luminous:Light_Flash_Shower","Luminous:Light_Flash_Shower","Luminous:Dark_Abyssal_Drop","Luminous:Dark_Abyssal_Drop","Luminous:Defend_Luminous","Luminous:Defend_Luminous","Luminous:Defend_Luminous","Luminous:Defend_Luminous","Luminous:Switch_Luminous","CrumblingArmor","Luminous:Light_Sylvan_Lance","PunishingBird","Luminous:Concentrate_Luminous","Luminous:Mirror_Force_Luminous+1","OSAHOGD","Luminous:Lunar_Tide_Luminous","Luminous:Freud_Wisdom1_Luminous","Luminous:Light_Sylvan_Lance","Luminous:Mirror_Force_Luminous","Luminous:Darks_Surge_Luminous","QueenBee","Luminous:Light_Ray_of_Redemption","Luminous:Concentrate_Luminous","SnowQueen","Luminous:Mirror_Force_Luminous","GalaxyChild","Freischutz","Luminous:Light_Disperse","CENSORED","Luminous:Light_Sylvan_Lance"],"relics":["Luminous:MirrorRelic","HushsDoor","SteamSale","CogitoBucket","hubris:DeckOfHolding","aspiration:HiddenCompartment","trackpad:PocketGalaxy","Replay:Ringing Soul","Replay:Wax Seal","PreservedInsect","Ancient Tea Set","HellTrain","Ring of Chaos"],"acts_visited":["Exordium","TheCity"],"potions_floor_usage":[21,21],"damage_taken":[{"damage":1.0,"enemies":"Cultist","floor":1.0,"turns":3.0},{"damage":6.0,"enemies":"2 Louse","floor":2.0,"turns":2.0},{"damage":7.0,"enemies":"3 Sentries","floor":6.0,"turns":8.0},{"damage":5.0,"enemies":"Small Slimes","floor":8.0,"turns":3.0},{"damage":5.0,"enemies":"Blue Slaver","floor":10.0,"turns":3.0},{"damage":16.0,"enemies":"Gremlin Nob","floor":12.0,"turns":3.0},{"damage":17.0,"enemies":"3 Louse","floor":14.0,"turns":6.0},{"damage":2.0,"enemies":"Hexaghost","floor":16.0,"turns":10.0},{"damage":19,"enemies":"3 Byrds","floor":18,"turns":4},{"damage":60,"enemies":"Shell Parasite","floor":19,"turns":6},{"damage":32,"enemies":"Chosen and Byrds","floor":21,"turns":4}],"seed_played":"1721844656079067449","potions_obtained":[{"floor":5.0,"key":"Dexterity Potion"},{"floor":5.0,"key":"BlessingOfTheForge"},{"floor":5.0,"key":"GamblersBrew"},{"floor":6.0,"key":"Flashbang"},{"floor":8.0,"key":"Adrenaline Potion"},{"floor":10.0,"key":"Block Potion"},{"floor":18,"key":"Energy Potion"},{"floor":19,"key":"SpeedPotion"}],"is_trial":false,"path_per_floor":["M","M","T","?","?","E","$","M","T","M","$","E","?","M","R","B",null,"M","M","?","M"],"character_chosen":"LuminousClass","items_purchased":["trackpad:PocketGalaxy","Luminous:Freud_Wisdom1_Luminous","Luminous:Light_Sylvan_Lance","Replay:Wax Seal"],"campfire_rested":1,"item_purchase_floors":[7,7,7,11],"current_hp_per_floor":[74,68,68,68,68,61,61,56,56,54,54,42,24,20,45,61,87,75,18,18,0,0],"gold":209,"neow_bonus":"","is_daily":false,"chose_seed":false,"campfire_upgraded":0,"win_rate":0.0,"timestamp":1610009404,"path_taken":["M","M","?","?","?","E","$","?","T","M","?","E","?","M","R","BOSS","M","M","?","M"],"items_purchased_type":["Relic","Card","Card","Relic"],"build_version":"2020-12-22","purchased_purges":0,"victory":false,"max_hp_per_floor":[75,75,75,75,75,75,75,75,75,78,78,81,81,84,84,87,87,90,93,93,93,93],"card_choices":[{"not_picked":["VoidDream","LittlePrince"],"picked":"CrumblingArmor","floor":1.0},{"not_picked":["Bomb","Luminous:Light_Ray_of_Redemption"],"picked":"Luminous:Light_Sylvan_Lance","floor":1.0},{"not_picked":["MHz","ShyLook"],"picked":"PunishingBird","floor":2.0},{"not_picked":["Luminous:Dark_Raid","Luminous:Balance_Aether_Conduit"],"picked":"Luminous:Concentrate_Luminous","floor":2.0},{"not_picked":["FairyFestival","MeatLantern"],"picked":"OSAHOGD","floor":6.0},{"not_picked":["Luminous:Concentrate_Luminous","Luminous:Dark_Pressure_Void"],"picked":"Luminous:Lunar_Tide_Luminous","floor":6.0},{"not_picked":["Murderer","UniverseFragment"],"picked":"Yin","floor":8.0},{"not_picked":["Luminous:Dark_Pressure_Void","Luminous:Concentrate_Luminous"],"picked":"Luminous:Mirror_Force_Luminous","floor":8.0},{"not_picked":["Luminous:Concentrate_Luminous","Luminous:Dark_Pressure_Void"],"picked":"Luminous:Darks_Surge_Luminous","floor":10.0},{"not_picked":["Laetitia","MHz"],"picked":"QueenBee","floor":12.0},{"not_picked":["Luminous:Light_Gather","Luminous:Dark_Arcane_Pitch"],"picked":"Luminous:Light_Ray_of_Redemption","floor":12.0},{"not_picked":["Luminous:Blinding_Pillar_Luminous","Luminous:Light_Gather"],"picked":"Luminous:Concentrate_Luminous","floor":14.0},{"not_picked":["LittlePrince","ShyLook"],"picked":"SnowQueen","floor":14.0},{"not_picked":["Luminous:Arcane_Rage_Luminous","Luminous:Balance_Baptism"],"picked":"Luminous:Mirror_Force_Luminous","floor":16.0},{"not_picked":["RedShoes","Wellcheers"],"picked":"GalaxyChild","floor":16.0},{"not_picked":["Woodsman","FairyFestival"],"picked":"Freischutz","floor":18},{"not_picked":["Luminous:Concentrate_Luminous+1","Luminous:Dark_Dim_Erosion"],"picked":"Luminous:Light_Disperse","floor":18},{"not_picked":["BeautyBeast","Bloodbath"],"picked":"CENSORED","floor":19},{"not_picked":["Luminous:Light_Reflection","Luminous:Light_Glare"],"picked":"Luminous:Light_Sylvan_Lance","floor":19}],"player_experience":190135,"relics_obtained":[{"floor":3.0,"key":"hubris:DeckOfHolding"},{"floor":6.0,"key":"aspiration:HiddenCompartment"},{"floor":9.0,"key":"Replay:Ringing Soul"},{"floor":12.0,"key":"PreservedInsect"}],"event_choices":[{"damage_healed":0.0,"max_hp_gain":0.0,"max_hp_loss":0.0,"gold_gain":0.0,"event_name":"Lab","player_choice":"Got Potions","floor":5.0,"gold_loss":0.0,"damage_taken":0.0},{"damage_healed":0.0,"max_hp_gain":0.0,"max_hp_loss":0.0,"gold_gain":0.0,"event_name":"Scrap Ooze","player_choice":"Success","floor":13.0,"gold_loss":0.0,"damage_taken":18.0,"relics_obtained":["Ancient Tea Set"]},{"damage_healed":0,"gold_gain":0,"player_choice":"Ignored","damage_taken":0,"max_hp_gain":0,"max_hp_loss":0,"event_name":"Ghosts","floor":20,"gold_loss":0}],"is_beta":false,"boss_relics":[{"not_picked":["Replay:Grab Bag","Replay:Ancient Bell"],"picked":"Ring of Chaos"},{"not_picked":[]}],"items_purged_floors":[],"is_endless":false,"potions_floor_spawned":[6,8,10,18,19],"killed_by":"Chosen and Byrds","ascension_level":0}}