{"host":"sav7uxregyirlf69","time":1610030946,"event":{"mods":["AchievementEnabler","BaseMod","Colored Map","DeckTracker","Keyboard Shortcuts","Minty Spire (QoL Compilation)","READ ME - Guardian Mod","StSLib","SuperFastMode"],"gold_per_floor":[115,40,40,51,65,65,79,91,91,91,91,102,102,118,118,118,118],"floor_reached":16,"playtime":262,"items_purged":[],"score":188,"play_id":"8fd9db9a-f360-4c08-a808-0474f5a33a2b","local_time":"20210107234906","is_ascension_mode":true,"campfire_choices":[{"data":"Neutralize","floor":6,"key":"SMITH"},{"data":"Blade Dance","floor":10,"key":"SMITH"},{"data":"Tactician","floor":15,"key":"SMITH"}],"circlet_count":0,"master_deck":["AscendersBane","Strike_G","Strike_G","Strike_G+1","Strike_G+1","Defend_G","Defend_G","Defend_G","Defend_G","Survivor","Neutralize+1","Terror+1","Blade Dance+1","Flying Knee","Backstab","Tactician+1","After Image"],"relics":["Ring of the Snake","HornCleat","Torii"],"acts_visited":["Exordium"],"potions_floor_usage":[12,16],"damage_taken":[{"damage":0,"enemies":"Jaw Worm","floor":1,"turns":7},{"damage":0,"enemies":"Small Slimes","floor":4,"turns":4},{"damage":0,"enemies":"Cultist","floor":5,"turns":3},{"damage":7,"enemies":"Exordium Thugs","floor":7,"turns":5},{"damage":0,"enemies":"Gremlin Gang","floor":8,"turns":5},{"damage":0,"enemies":"2 Fungi Beasts","floor":12,"turns":3},{"damage":1,"enemies":"3 Louse","floor":14,"turns":3},{"damage":37,"enemies":"Hexaghost","floor":16,"turns":9}],"seed_played":"-4847216476582783840","potions_obtained":[{"floor":4,"key":"SkillPotion"},{"floor":5,"key":"Fruit Juice"},{"floor":12,"key":"Energy Potion"}],"is_trial":false,"path_per_floor":["M","?","?","M","M","R","M","M","T","R","T","M","?","M","R","B"],"character_chosen":"THE_SILENT","items_purchased":[],"campfire_rested":0,"item_purchase_floors":[],"current_hp_per_floor":[59,59,59,59,59,59,52,52,52,52,52,57,36,35,35,0,0],"gold":118,"neow_bonus":"TRANSFORM_CARD","is_daily":false,"chose_seed":false,"campfire_upgraded":3,"win_rate":0.0,"timestamp":1610030946,"path_taken":["M","?","?","?","M","R","M","M","T","R","?","?","?","M","R","BOSS"],"items_purchased_type":[],"build_version":"2020-12-22","purchased_purges":0,"victory":false,"max_hp_per_floor":[66,66,66,66,66,66,66,66,66,66,66,71,71,71,71,71,71],"card_choices":[{"not_picked":["Quick Slash","Flechettes","Slice"],"picked":"SKIP","floor":1},{"not_picked":["Underhanded Strike","Deadly Poison"],"picked":"Blade Dance","floor":4},{"not_picked":["Bane","Endless Agony"],"picked":"Flying Knee","floor":5},{"not_picked":["Flying Knee","Acrobatics"],"picked":"Backstab","floor":7},{"not_picked":["Underhanded Strike","Infinite Blades","Prepared"],"picked":"SKIP","floor":8},{"not_picked":["Finisher","Backstab"],"picked":"Tactician","floor":12},{"not_picked":["Acrobatics","Underhanded Strike"],"picked":"After Image","floor":14}],"player_experience":1185467,"relics_obtained":[{"floor":9,"key":"HornCleat"},{"floor":11,"key":"Torii"}],"event_choices":[{"cards_removed":["Defend_G"],"damage_healed":0,"gold_gain":0,"player_choice":"Card Removal","damage_taken":0,"max_hp_gain":0,"max_hp_loss":0,"event_name":"The Cleric","floor":2,"gold_loss":75},{"damage_healed":0,"gold_gain":0,"player_choice":"Upgraded","damage_taken":0,"max_hp_gain":0,"max_hp_loss":0,"event_name":"Upgrade Shrine","floor":3,"gold_loss":0,"cards_upgraded":["Terror"]},{"damage_healed":0,"gold_gain":0,"player_choice":"Entered Light","damage_taken":21,"max_hp_gain":0,"max_hp_loss":0,"event_name":"Shining Light","floor":13,"gold_loss":0,"cards_upgraded":["Strike_G","Strike_G"]}],"is_beta":false,"boss_relics":[],"items_purged_floors":[],"is_endless":false,"potions_floor_spawned":[4,5,12],"killed_by":"Hexaghost","ascension_level":20}}