{"host":"u0qetpmu4y58k1tf","time":1610031202,"event":{"mods":["AchievementEnabler","BaseMod","Colored Map","Colored Powertips","Hermit","Marisa£¨Ùöéë¡¡Øª×âÞÞ£©","Minty Spire (QoL Compilation)","Replay The Spire","StSLib","SuperFastMode","The Bug Knight","The Cursed","The Hierophant","The Runesmith"],"gold_per_floor":[116,116,41,41,41,75,88,123,123,139,150,168,197,217,217,313,313,332,423,115,115,40,40,65,65,89,89,99,110,140,191,191,191,191,295,295,307,307,307,326,336,366,366,379,428,438,438,438,452,480,480,480,480,480,6,6,6],"floor_reached":56,"playtime":2463,"items_purged":["Amnesia","Defend_R","Pain"],"score":827,"play_id":"e82b4041-c9d9-4587-b4cb-66d7ab8635ea","local_time":"20210107235322","is_ascension_mode":true,"campfire_choices":[{"floor":15,"key":"RECALL"},{"data":"Armaments","floor":23,"key":"SMITH"},{"floor":25,"key":"REST"},{"data":"Madness","floor":27,"key":"SMITH"},{"data":"Limit Break","floor":34,"key":"SMITH"},{"data":"ReplayTheSpireMod:Muscle Training","floor":43,"key":"SMITH"},{"data":"Juggernaut","floor":48,"key":"SMITH"},{"floor":51,"key":"DIG"},{"data":"Replay:Many Hands","floor":54,"key":"SMITH"}],"circlet_count":0,"master_deck":["Defend_R+1","Defend_R+1","Bash","ReplayReversal","Madness+1","Limit Break+1","Bash","Spot Weakness","Inflame","Armaments+1","Juggernaut+1","Metallicize","ReplayTheSpireMod:Muscle Training+1","Replay:Many Hands+1","Feel No Pain","Bloodletting","Shrug It Off","Rupture","Rupture","Bite","Bite","Bite","Bite","Bite","Iron Wave","Battle Trance+1","Metallicize","Reaper","Warcry+1","Madness+1","Madness+1","Replay:Undeath\u0027s Touch+1","Clash","Heavy Blade+1","Flame Barrier+1","Master of Strategy+1","Metallicize"],"relics":["Burning Blood","NeowsBlessing","ReplayTheSpireMod:Ring of Addiction","White Beast Statue","Toy Ornithopter","Ring of Panic","Replay:Kaleidoscope","Pondfish Scales","ReplayTheSpireMod:TigerMarble","Oddly Smooth Stone","Philosopher\u0027s Stone","Tiny Chest","Toxic Egg 2","ReplayFunnel","Unceasing Top","MealTicket","Coffee Dripper","WarpedTongs","HollowMod:PaleOreRelic","Blue Doll","Replay:Towering Pillar of Hats","Replay:Bottled Steam","Replay:Baseball","Simple Rune"],"acts_visited":["Exordium","TheCity","TheBeyond","TheEnding"],"potions_floor_usage":[6,8,8,10,11,11,12,13,14,16,18,24,28,29,30,35,40,42,44,46,49,50,50,52,52],"damage_taken":[{"damage":0,"enemies":"Small Slimes","floor":1,"turns":1},{"damage":0,"enemies":"HollowMod:MossKnight","floor":6,"turns":1},{"damage":0,"enemies":"2 Louse","floor":7,"turns":1},{"damage":0,"enemies":"Replay:BlueRogue","floor":8,"turns":2},{"damage":0,"enemies":"Cultist","floor":10,"turns":2},{"damage":0,"enemies":"Red Slaver","floor":11,"turns":2},{"damage":0,"enemies":"Looter","floor":12,"turns":1},{"damage":15,"enemies":"Lagavulin","floor":13,"turns":6},{"damage":4,"enemies":"Exordium Thugs","floor":14,"turns":5},{"damage":37,"enemies":"Fading Forest","floor":16,"turns":11},{"damage":18,"enemies":"Shell Parasite","floor":18,"turns":5},{"damage":65,"enemies":"Book of Stabbing","floor":24,"turns":6},{"damage":9,"enemies":"2 Thieves","floor":28,"turns":3},{"damage":14,"enemies":"Shelled Parasite and Fungi","floor":29,"turns":3},{"damage":0,"enemies":"HollowMod:Nosk","floor":30,"turns":6},{"damage":37,"enemies":"Automaton","floor":35,"turns":9},{"damage":3,"enemies":"3 Shapes","floor":37,"turns":3},{"damage":19,"enemies":"3 Darklings","floor":40,"turns":6},{"damage":10,"enemies":"Sphere and 2 Shapes","floor":41,"turns":3},{"damage":7,"enemies":"Giant Head","floor":42,"turns":6},{"damage":5,"enemies":"Maw","floor":44,"turns":4},{"damage":7,"enemies":"Transient","floor":46,"turns":5},{"damage":0,"enemies":"Jaw Worm Horde","floor":49,"turns":3},{"damage":40,"enemies":"Nemesis","floor":50,"turns":5},{"damage":60,"enemies":"Replay:Hell Engine","floor":52,"turns":9},{"damage":60,"enemies":"Shield and Spear","floor":56,"turns":3}],"seed_played":"6652763580376933013","potions_obtained":[{"floor":2,"key":"Languid Potion"},{"floor":2,"key":"LiquidBronze"},{"floor":2,"key":"Swift Potion"},{"floor":6,"key":"LifebloodPotion"},{"floor":8,"key":"Reflective Coating"},{"floor":10,"key":"Dexterity Potion"},{"floor":11,"key":"SneckoOil"},{"floor":12,"key":"Weak Potion"},{"floor":13,"key":"Venom Potion"},{"floor":14,"key":"Fire Potion"},{"floor":16,"key":"FearPotion"},{"floor":18,"key":"Regen Potion"},{"floor":24,"key":"LiquidBronze"},{"floor":28,"key":"LiquidBronze"},{"floor":29,"key":"LifebloodPotion"},{"floor":30,"key":"Reflective Coating"},{"floor":35,"key":"Flashbang"},{"floor":37,"key":"Death Potion"},{"floor":40,"key":"DistilledChaos"},{"floor":41,"key":"BlessingOfTheForge"},{"floor":42,"key":"SpeedPotion"},{"floor":44,"key":"SteroidPotion"},{"floor":46,"key":"LifebloodPotion"},{"floor":49,"key":"FearPotion"},{"floor":50,"key":"PowerPotion"}],"is_trial":false,"path_per_floor":["M","?","$","?","?","E","M","E","T","M","M","M","E","M","R","B",null,"M","?","$","?","?","R","E","R","T","R","M","M","E","T","R_BF","PTL","R","B",null,"M","?","?","M","M","E","R","M","T","M","T","R","M","E","R_BF","B",null,"R","$","E"],"character_chosen":"IRONCLAD","items_purchased":["Rupture","Tiny Chest","Master of Strategy+1","Metallicize","Simple Rune"],"campfire_rested":1,"item_purchase_floors":[20,20,55,55,55],"current_hp_per_floor":[80,80,80,77,77,78,78,78,78,78,78,78,69,76,76,48,78,66,47,47,47,47,47,9,24,24,24,32,36,50,50,50,50,48,32,48,48,42,42,46,42,46,46,46,46,46,46,46,46,40,40,25,46,46,46,0,0],"gold":6,"neow_bonus":"THREE_ENEMY_KILL","is_daily":false,"chose_seed":false,"campfire_upgraded":6,"win_rate":0.0,"timestamp":1610031202,"path_taken":["M","?","$","?","?","E","M","E","T","?","M","M","E","M","R","BOSS","M","?","$","?","?","R","E","R","T","R","M","?","E","?","R_BF","PTL","R","BOSS","M","?","?","?","M","E","R","M","T","M","?","R","M","E","R_BF","BOSS","R","$","E"],"items_purchased_type":["Card","Relic","Card","Card","Relic"],"build_version":"2020-12-22","purchased_purges":3,"victory":false,"max_hp_per_floor":[80,80,80,80,80,78,78,78,78,78,78,78,78,78,78,78,78,78,78,78,54,52,52,52,52,52,52,50,50,50,50,50,50,48,48,48,48,48,46,46,46,46,46,46,46,46,46,46,46,46,46,46,46,46,46,44,44],"card_choices":[{"not_picked":["True Grit","Pommel Strike"],"picked":"ReplayReversal","floor":1},{"not_picked":["Pummel","Entrench"],"picked":"Spot Weakness","floor":6},{"not_picked":["Sword Boomerang","ReplayReversal"],"picked":"Inflame","floor":7},{"not_picked":["Twin Strike","Combust"],"picked":"Armaments","floor":8},{"not_picked":["Iron Wave","Thunderclap"],"picked":"Juggernaut","floor":10},{"not_picked":["True Grit","Iron Wave"],"picked":"Metallicize","floor":11},{"not_picked":["Shrug It Off","Body Slam","Carnage"],"picked":"SKIP","floor":12},{"not_picked":["Burning Pact","Clothesline","Pummel"],"picked":"SKIP","floor":13},{"not_picked":["Clash","Massacre"],"picked":"ReplayTheSpireMod:Muscle Training","floor":14},{"not_picked":["Demonic Infusion","Fiend Fire"],"picked":"Replay:Many Hands","floor":16},{"not_picked":["Anger","Carnage"],"picked":"Feel No Pain","floor":18},{"not_picked":["Armaments","Whirlwind+1"],"picked":"Bloodletting","floor":19},{"not_picked":["Bludgeon","Thunderclap"],"picked":"Shrug It Off","floor":19},{"not_picked":["Sword Boomerang","Run Through+1"],"picked":"Iron Wave","floor":24},{"not_picked":["Clothesline","Thunderclap+1"],"picked":"Battle Trance+1","floor":28},{"not_picked":["Ghostly Armor+1","Blood for Blood+1"],"picked":"Metallicize","floor":29},{"not_picked":["Burning Pact+1","Headbutt","Thunderclap"],"picked":"SKIP","floor":30},{"not_picked":["Corruption","Barricade"],"picked":"Reaper","floor":35},{"not_picked":["Abandon+1","Perfected Strike"],"picked":"Warcry+1","floor":37},{"not_picked":["ReplayTheSpireMod:Strike From Hell","ReplayTheSpireMod:LeadingStrike"],"picked":"Replay:Undeath\u0027s Touch+1","floor":40},{"not_picked":["Carnage","Pummel+1"],"picked":"Clash","floor":41},{"not_picked":["Headbutt","Anger"],"picked":"Heavy Blade+1","floor":42},{"not_picked":["Dropkick+1","Clothesline","Armaments+1"],"picked":"SKIP","floor":44},{"not_picked":["ReplayTheSpireMod:Strike From Hell+1","Flame Barrier+1","Fiend Fire"],"picked":"SKIP","floor":46},{"not_picked":["ReplayTheSpireMod:Strike From Hell+1","Heavy Blade","True Grit+1"],"picked":"SKIP","floor":49},{"not_picked":["Iron Wave","Cleave"],"picked":"Flame Barrier+1","floor":50}],"player_experience":26476,"relics_obtained":[{"floor":2,"key":"ReplayTheSpireMod:Ring of Addiction"},{"floor":2,"key":"White Beast Statue"},{"floor":2,"key":"Toy Ornithopter"},{"floor":2,"key":"Ring of Panic"},{"floor":6,"key":"Pondfish Scales"},{"floor":8,"key":"ReplayTheSpireMod:TigerMarble"},{"floor":13,"key":"Oddly Smooth Stone"},{"floor":24,"key":"Toxic Egg 2"},{"floor":26,"key":"ReplayFunnel"},{"floor":30,"key":"Unceasing Top"},{"floor":31,"key":"MealTicket"},{"floor":42,"key":"HollowMod:PaleOreRelic"},{"floor":45,"key":"Blue Doll"},{"floor":47,"key":"Replay:Towering Pillar of Hats"},{"floor":50,"key":"Replay:Bottled Steam"},{"floor":51,"key":"Replay:Baseball"}],"event_choices":[{"damage_healed":0,"gold_gain":0,"player_choice":"Success","damage_taken":3,"relics_obtained":["Replay:Kaleidoscope"],"max_hp_gain":0,"max_hp_loss":0,"event_name":"Scrap Ooze","floor":4,"gold_loss":0},{"damage_healed":0,"gold_gain":0,"player_choice":"3 cards matched","damage_taken":0,"max_hp_gain":0,"max_hp_loss":0,"event_name":"Match and Keep!","floor":5,"gold_loss":0,"cards_obtained":["Madness","Limit Break","Bash"]},{"damage_healed":0,"gold_gain":0,"player_choice":"Became a vampire","damage_taken":0,"max_hp_gain":0,"max_hp_loss":24,"event_name":"Vampires","floor":21,"gold_loss":0,"cards_obtained":["Bite","Bite","Bite","Bite","Bite"]},{"cards_removed":["Defend_R"],"damage_healed":0,"gold_gain":0,"player_choice":"Gave Gold","damage_taken":0,"max_hp_gain":0,"max_hp_loss":0,"event_name":"Beggar","floor":22,"gold_loss":75},{"damage_healed":0,"gold_gain":0,"player_choice":"Embrace Madness","damage_taken":6,"max_hp_gain":0,"max_hp_loss":0,"event_name":"Winding Halls","floor":38,"gold_loss":0,"cards_obtained":["Madness","Madness"]},{"damage_healed":0,"gold_gain":0,"player_choice":"Rummage","damage_taken":0,"relics_obtained":["WarpedTongs"],"max_hp_gain":0,"max_hp_loss":0,"event_name":"Accursed Blacksmith","floor":39,"gold_loss":0,"cards_obtained":["Pain"]}],"is_beta":false,"boss_relics":[{"not_picked":["Electric Blood","Fusion Hammer"],"picked":"Philosopher\u0027s Stone"},{"not_picked":["Busted Crown","Runic Dome"],"picked":"Coffee Dripper"}],"items_purged_floors":[3,20,55],"is_endless":false,"potions_floor_spawned":[6,7,8,10,11,12,13,14,16,18,24,28,29,30,35,37,40,41,42,44,46,49,50],"killed_by":"Shield and Spear","ascension_level":1}}