{"host":"49c2zf0lajbcs427","time":1610063113,"event":{"mods":["AchievementEnabler","BaseMod","Colored Map","Colored Powertips","Highlight Path","Key Reminder","Minty Spire (QoL Compilation)","Relic Stats","StSLib"],"gold_per_floor":[114,114,74,88,108,108,134,144,144,144,160,9,41,41,41,41,41],"floor_reached":16,"playtime":982,"items_purged":[],"score":174,"play_id":"a5bfcb75-5ebc-4556-8245-2584824ee8ba","local_time":"20210108124513","is_ascension_mode":true,"campfire_choices":[{"data":"Neutralize","floor":6,"key":"SMITH"},{"data":"Dash","floor":15,"key":"SMITH"}],"circlet_count":0,"master_deck":["Strike_G","Strike_G","Strike_G","Strike_G","Strike_G","Defend_G","Defend_G","Defend_G","Defend_G","Defend_G","Survivor","Neutralize+1","Dodge and Roll","Dash+1","Dagger Spray","PiercingWail","Backflip","Poisoned Stab","Footwork+1"],"relics":["SacredBark","Eternal Feather","Blood Vial","HornCleat","PreservedInsect","Thread and Needle"],"acts_visited":["Exordium"],"potions_floor_usage":[7,7,16,16,16],"damage_taken":[{"damage":10,"enemies":"Jaw Worm","floor":1,"turns":7},{"damage":2,"enemies":"2 Louse","floor":4,"turns":3},{"damage":0,"enemies":"Cultist","floor":5,"turns":5},{"damage":12,"enemies":"Gremlin Nob","floor":7,"turns":6},{"damage":24,"enemies":"Exordium Wildlife","floor":8,"turns":8},{"damage":0,"enemies":"3 Louse","floor":11,"turns":3},{"damage":21,"enemies":"Lagavulin","floor":13,"turns":8},{"damage":23,"enemies":"Hexaghost","floor":16,"turns":16}],"seed_played":"3298550296802331381","potions_obtained":[{"floor":3,"key":"Dexterity Potion"},{"floor":3,"key":"Weak Potion"},{"floor":3,"key":"EssenceOfSteel"},{"floor":7,"key":"Fruit Juice"},{"floor":8,"key":"GamblersBrew"},{"floor":11,"key":"DuplicationPotion"}],"is_trial":false,"path_per_floor":["M","?","?","M","M","R","E","M","T","?","M","$","E","?","R","B"],"character_chosen":"THE_SILENT","items_purchased":["PreservedInsect"],"campfire_rested":0,"item_purchase_floors":[12],"current_hp_per_floor":[53,41,41,39,39,48,46,24,24,29,31,31,12,12,21,0,0],"gold":41,"neow_bonus":"BOSS_RELIC","is_daily":false,"chose_seed":false,"campfire_upgraded":2,"win_rate":0.0,"timestamp":1610063113,"path_taken":["M","?","?","M","?","R","E","M","T","?","M","$","E","?","R","BOSS"],"items_purchased_type":["Relic"],"build_version":"2020-12-22","purchased_purges":0,"victory":false,"max_hp_per_floor":[70,70,70,70,70,70,80,80,80,85,85,85,85,85,85,85,85],"relic_stats":{"Blood Vial":8,"counters":[8,56],"Eternal Feather":18,"PreservedInsect":28,"obtain_stats":[{"Blood Vial":7,"HornCleat":9,"SacredBark":0,"Eternal Feather":2,"Thread and Needle":13,"PreservedInsect":12,"Ring of the Snake":0},{"Blood Vial":4,"HornCleat":5,"SacredBark":0,"Eternal Feather":1,"Thread and Needle":7,"PreservedInsect":6,"Ring of the Snake":0},{"Blood Vial":21,"HornCleat":29,"SacredBark":0,"Eternal Feather":7,"Thread and Needle":40,"PreservedInsect":32,"Ring of the Snake":0}]},"card_choices":[{"not_picked":["Deflect","Prepared"],"picked":"Dodge and Roll","floor":1},{"not_picked":["Bane","Dodge and Roll"],"picked":"Dash","floor":4},{"not_picked":["Blur","Bouncing Flask"],"picked":"Dagger Spray","floor":5},{"not_picked":["Flying Knee","Dagger Spray"],"picked":"PiercingWail","floor":7},{"not_picked":["PiercingWail","Deflect"],"picked":"Backflip","floor":8},{"not_picked":["Quick Slash","All Out Attack"],"picked":"Poisoned Stab","floor":11},{"not_picked":["All Out Attack","Poisoned Stab"],"picked":"Footwork","floor":13}],"player_experience":2257592,"relics_obtained":[{"floor":7,"key":"Blood Vial"},{"floor":9,"key":"HornCleat"},{"floor":13,"key":"Thread and Needle"}],"event_choices":[{"damage_healed":0,"gold_gain":0,"player_choice":"Success","damage_taken":12,"relics_obtained":["Eternal Feather"],"max_hp_gain":0,"max_hp_loss":0,"event_name":"Scrap Ooze","floor":2,"gold_loss":0},{"damage_healed":0,"gold_gain":0,"player_choice":"Bought 3 Potions","damage_taken":0,"max_hp_gain":0,"max_hp_loss":0,"event_name":"The Woman in Blue","floor":3,"gold_loss":0},{"damage_healed":0,"gold_gain":0,"player_choice":"Donut","damage_taken":0,"max_hp_gain":5,"max_hp_loss":0,"event_name":"Big Fish","floor":10,"gold_loss":0},{"damage_healed":0,"gold_gain":0,"player_choice":"Grow","damage_taken":0,"max_hp_gain":0,"max_hp_loss":0,"event_name":"Living Wall","floor":14,"gold_loss":0,"cards_upgraded":["Footwork"]}],"is_beta":false,"boss_relics":[],"items_purged_floors":[],"is_endless":false,"potions_floor_spawned":[7,8,11],"killed_by":"Hexaghost","ascension_level":7}}