{"host":"sc0o2qwpf9j16a4i","time":1610017017,"event":{"mods":["AchievementEnabler","BaseMod","BetterRewards","Block Reminder","Colored Map","Colored Powertips","Custom Start","Highlight Path","Minty Spire (QoL Compilation)","Relic Stats"],"gold_per_floor":[113,78,78,94,114,114,148,164,164,164,198,198,212,48,48,123,123,78,3,3,3],"floor_reached":20,"playtime":625,"items_purged":["Strike_R"],"score":564,"play_id":"18cd4127-8c13-467a-aa48-c0178c3c2f2e","local_time":"20210107125657","is_ascension_mode":true,"campfire_choices":[{"floor":6,"key":"REST"},{"data":"Uppercut","floor":10,"key":"SMITH"},{"data":"Metallicize","floor":12,"key":"SMITH"},{"data":"Inflame","floor":15,"key":"SMITH"}],"circlet_count":0,"master_deck":["AscendersBane","Strike_R","Strike_R","Strike_R","Defend_R","Defend_R","Defend_R","Defend_R","Bash","Inflame+1","Dropkick","Feel No Pain","Metallicize+1","Uppercut+1","Brutality","Havoc","Inflame+1","Ghostly Armor","Reaper","Sentinel"],"relics":["Burning Blood","Dead Branch","OrangePellets","Omamori","MealTicket","Eternal Feather","InkBottle","Bag of Marbles","Black Star"],"acts_visited":["Exordium","TheCity"],"potions_floor_usage":[7,11,16],"damage_taken":[{"damage":7,"enemies":"Jaw Worm","floor":1,"turns":3},{"damage":9,"enemies":"Cultist","floor":4,"turns":4},{"damage":8,"enemies":"Small Slimes","floor":5,"turns":4},{"damage":3,"enemies":"Lagavulin","floor":7,"turns":8},{"damage":3,"enemies":"2 Fungi Beasts","floor":8,"turns":4},{"damage":37,"enemies":"3 Sentries","floor":11,"turns":6},{"damage":26,"enemies":"Large Slime","floor":13,"turns":5},{"damage":37,"enemies":"Hexaghost","floor":16,"turns":10},{"damage":39,"enemies":"2 Thieves","floor":18,"turns":5},{"damage":38,"enemies":"3 Byrds","floor":20,"turns":3}],"seed_played":"-2825392813148863198","potions_obtained":[{"floor":5,"key":"SneckoOil"},{"floor":13,"key":"Swift Potion"}],"is_trial":false,"path_per_floor":["M","?","?","M","M","R","E","M","T","R","E","R","M","$","R","B",null,"M","?","M"],"character_chosen":"IRONCLAD","items_purchased":["Dead Branch","Inflame","OrangePellets","Omamori","MealTicket","SteroidPotion","Dropkick","Ghostly Armor"],"campfire_rested":1,"item_purchase_floors":[0,0,0,0,0,0,0,14],"current_hp_per_floor":[23,41,41,38,36,58,61,64,64,73,42,51,31,46,55,24,62,29,29,0,0],"gold":3,"neow_bonus":"","is_daily":false,"chose_seed":false,"campfire_upgraded":3,"win_rate":0.0,"timestamp":1610017017,"path_taken":["M","?","?","M","M","R","E","?","T","R","E","R","M","$","R","BOSS","M","?","M"],"items_purchased_type":["Relic","Card","Relic","Relic","Relic","Potion","Card","Card"],"build_version":"2020-12-22","purchased_purges":1,"victory":false,"max_hp_per_floor":[75,75,75,75,75,75,75,75,75,75,75,75,75,75,75,75,75,75,75,75,75],"relic_stats":{"OrangePellets":[4],"counters":[43,207],"Dead Branch":[28],"MealTicket":90,"Eternal Feather":27,"Black Star":0,"obtain_stats":[{"Mango":11,"Bag of Preparation":6,"Sling":14,"Smiling Mask":24,"Empty Cage":34,"Burning Blood":0,"Nunchaku":9,"Dream Catcher":8,"Mummified Hand":46,"Toolbox":42,"MealTicket":7,"InkBottle":9,"Dead Branch":0,"Eternal Feather":47,"PreservedInsect":11,"Omamori":0,"Frozen Egg 2":9,"Orichalcum":22,"Medical Kit":47,"Mercury Hourglass":26,"OrangePellets":0,"CaptainsWheel":37,"Snecko Eye":17,"Black Star":17,"Art of War":19,"Bag of Marbles":42,"StrikeDummy":29},{"Mango":19,"Bag of Preparation":17,"Sling":7,"Smiling Mask":23,"Empty Cage":26,"Burning Blood":0,"Nunchaku":5,"Dream Catcher":18,"Mummified Hand":32,"Toolbox":30,"MealTicket":4,"InkBottle":38,"Dead Branch":33,"Eternal Feather":32,"PreservedInsect":6,"Omamori":33,"Frozen Egg 2":18,"Orichalcum":22,"Medical Kit":32,"Mercury Hourglass":23,"OrangePellets":33,"CaptainsWheel":28,"Snecko Eye":21,"Black Star":8,"Art of War":9,"Bag of Marbles":30,"StrikeDummy":24},{"Mango":83,"Bag of Preparation":71,"Sling":29,"Smiling Mask":106,"Empty Cage":124,"Burning Blood":0,"Nunchaku":23,"Dream Catcher":77,"Mummified Hand":151,"Toolbox":140,"MealTicket":18,"InkBottle":178,"Dead Branch":155,"Eternal Feather":151,"PreservedInsect":27,"Omamori":155,"Frozen Egg 2":77,"Orichalcum":101,"Medical Kit":151,"Mercury Hourglass":106,"OrangePellets":155,"CaptainsWheel":131,"Snecko Eye":98,"Black Star":36,"Art of War":40,"Bag of Marbles":140,"StrikeDummy":111}],"Burning Blood":240,"InkBottle":[8]},"card_choices":[{"not_picked":["Dark Embrace","Armaments"],"picked":"Feel No Pain","floor":1},{"not_picked":["Sword Boomerang","Havoc"],"picked":"Metallicize","floor":4},{"not_picked":["Cleave","Body Slam","Wild Strike"],"picked":"SKIP","floor":5},{"not_picked":["Havoc","Metallicize"],"picked":"Uppercut","floor":7},{"not_picked":["Heavy Blade","Thunderclap"],"picked":"Brutality","floor":8},{"not_picked":["Rampage","Pommel Strike"],"picked":"Havoc","floor":11},{"not_picked":["Body Slam","Havoc"],"picked":"Inflame","floor":13},{"not_picked":["Immolate","Berserk"],"picked":"Reaper","floor":16},{"not_picked":["Intimidate","Dual Wield"],"picked":"Sentinel","floor":18}],"player_experience":563345,"relics_obtained":[{"floor":7,"key":"Eternal Feather"},{"floor":9,"key":"InkBottle"},{"floor":11,"key":"Bag of Marbles"}],"event_choices":[{"damage_healed":18,"gold_gain":0,"player_choice":"Healed","damage_taken":0,"max_hp_gain":0,"max_hp_loss":0,"event_name":"The Cleric","floor":2,"gold_loss":35},{"damage_healed":0,"gold_gain":0,"player_choice":"Upgraded","damage_taken":0,"max_hp_gain":0,"max_hp_loss":0,"event_name":"Upgrade Shrine","floor":3,"gold_loss":0,"cards_upgraded":["Inflame"]},{"cards_removed":["Strike_R"],"damage_healed":0,"gold_gain":0,"player_choice":"Gave Gold","damage_taken":0,"max_hp_gain":0,"max_hp_loss":0,"event_name":"Beggar","floor":19,"gold_loss":75}],"is_beta":false,"boss_relics":[{"not_picked":["Mark of Pain","Ectoplasm"],"picked":"Black Star"}],"items_purged_floors":[14],"is_endless":false,"potions_floor_spawned":[5,13],"killed_by":"3 Byrds","ascension_level":20}}