{"host":"363c1o4m0ew2jbar","time":1610008309,"event":{"mods":["AchievementEnabler","BaseMod","Better Note","Downfall","Hubris","Minty Spire (QoL Compilation)","StSLib"],"gold_per_floor":[99,99,99,99,28,28,28,28,55,55,65,65,99,9,19,122,172,97,110,122,122,135,135,212,222,238,18,18,141,141,168,179,278,278,128,144,144,163,179,209,209,209,239,239,264,264,279,204,217,217,217,243,31,31,31],"floor_reached":56,"playtime":3281,"items_purged":["Guardian:Strike_Guardian","Bite","Bite","Guardian:Defend_Guardian","Guardian:GemFire+1"],"score":1639,"play_id":"26055f3b-307b-4d00-8efb-e7bff4064b67","local_time":"20210106223149","is_ascension_mode":true,"campfire_choices":[{"floor":1.0,"key":"RECALL"},{"data":"Guardian:ArmoredProtocol","floor":6.0,"key":"SMITH"},{"floor":12.0,"key":"REST"},{"data":"Guardian:FierceBash","floor":18,"key":"SMITH"},{"data":"Guardian:PolyBeam","floor":28,"key":"SMITH"},{"data":"Guardian:CurlUp","floor":35,"key":"SMITH"},{"floor":42,"key":"REST"},{"floor":44,"key":"REST"},{"floor":54,"key":"REST"}],"circlet_count":0,"master_deck":["Guardian:Defend_Guardian","Guardian:Defend_Guardian","Guardian:Defend_Guardian","Guardian:CurlUp+1","Guardian:TwinSlam+1","Guardian:PolyBeam+1","Guardian:Incinerate","Guardian:ArmoredProtocol+1","Guardian:Harden+1","Guardian:BronzeArmor+1","Guardian:FierceBash+1","Guardian:DonusPower+1","Guardian:DecasProtection+1","Bite","Bite","Bite","Guardian:Preprogram+1","Guardian:Planning+1","Guardian:FuturePlans","Guardian:PiercingHide+1","Guardian:StasisEngine","Guardian:TimeCapacitor+1","expansioncontent:QuickStudy+1"],"relics":["Guardian:ModeShifter","downfall:HeartsMalice","Toxic Egg 2","downfall:ShatteredFragment","Meat on the Bone","hubris:FunFungus","CaptainsWheel","Tiny House","downfall:HeartBlessingRed","Membership Card","Molten Egg 2","Vajra","hubris:TerracottaHorce","downfall:HeartBlessingGreen","downfall:HeartBlessingBlue","hubris:Towel","hubris:TinFlute","The Courier","hubris:Potato","Regal Pillow","Shuriken","hexamod:BolsterEngine"],"acts_visited":["Exordium","TheCity","TheBeyond","TheEnding"],"potions_floor_usage":[17,27,31,33,52,55],"damage_taken":[{"damage":0.0,"enemies":"Cultist","floor":2.0,"turns":1.0},{"damage":0.0,"enemies":"2 Louse","floor":4.0,"turns":1.0},{"damage":0.0,"enemies":"downfall:FleeingMerchant","floor":5.0,"turns":1.0},{"damage":26.0,"enemies":"Lagavulin","floor":9.0,"turns":7.0},{"damage":10.0,"enemies":"Small Slimes","floor":11.0,"turns":3.0},{"damage":18.0,"enemies":"3 Sentries","floor":13.0,"turns":7.0},{"damage":0.0,"enemies":"downfall:FleeingMerchant","floor":14.0,"turns":4.0},{"damage":0.0,"enemies":"Exordium Wildlife","floor":15.0,"turns":3.0},{"damage":4.0,"enemies":"downfall:Silent","floor":16.0,"turns":12.0},{"damage":2,"enemies":"3 Byrds","floor":19,"turns":3},{"damage":0,"enemies":"Spheric Guardian","floor":20,"turns":4},{"damage":14,"enemies":"3 Cultists","floor":22,"turns":5},{"damage":3,"enemies":"Snake Plant","floor":25,"turns":5},{"damage":12,"enemies":"Centurion and Healer","floor":26,"turns":4},{"damage":2,"enemies":"downfall:FleeingMerchant","floor":27,"turns":4},{"damage":2,"enemies":"downfall:FleeingMerchant","floor":29,"turns":4},{"damage":8,"enemies":"Book of Stabbing","floor":31,"turns":5},{"damage":8,"enemies":"Shelled Parasite and Fungi","floor":32,"turns":5},{"damage":0,"enemies":"downfall:Defect","floor":33,"turns":5},{"damage":4,"enemies":"3 Shapes","floor":36,"turns":4},{"damage":2,"enemies":"Orb Walker","floor":38,"turns":3},{"damage":2,"enemies":"Spire Growth","floor":39,"turns":5},{"damage":46,"enemies":"Reptomancer","floor":40,"turns":6},{"damage":61,"enemies":"Nemesis","floor":43,"turns":7},{"damage":11,"enemies":"Giant Head","floor":45,"turns":6},{"damage":0,"enemies":"3 Darklings","floor":47,"turns":6},{"damage":16,"enemies":"4 Shapes","floor":49,"turns":4},{"damage":5,"enemies":"downfall:Watcher","floor":50,"turns":7},{"damage":73,"enemies":"downfall:CharBossMerchant","floor":52,"turns":10},{"damage":7,"enemies":"downfall:NeowBoss","floor":55,"turns":16}],"seed_played":"2541966257189340557","potions_obtained":[{"floor":9.0,"key":"Regen Potion"},{"floor":11.0,"key":"GamblersBrew"},{"floor":15.0,"key":"EssenceOfSteel"},{"floor":16.0,"key":"Weak Potion"},{"floor":17,"key":"Fruit Juice"},{"floor":22,"key":"FearPotion"},{"floor":27,"key":"Strength Potion"},{"floor":31,"key":"Guardian:BlockOnCardUsePotion"},{"floor":32,"key":"CultistPotion"},{"floor":33,"key":"BlessingOfTheForge"},{"floor":43,"key":"Regen Potion"}],"is_trial":false,"path_per_floor":["R","M","?","M","$","R","T","?","E","?","M","R","E","$","M","B",null,"R","M","M","?","M","?","T","M","M","$","R","$","T","E","M","B",null,"R","M","?","M","M","E","T","R","E","R","E","?","M","$","M","B",null,"E","$","R","B",null],"character_chosen":"GUARDIAN","items_purchased":["Guardian:ArmoredProtocol","Membership Card","Molten Egg 2","Guardian:Planning+1","hexamod:BolsterEngine","expansioncontent:QuickStudy+1"],"campfire_rested":4,"item_purchase_floors":[5,27,29,29,53,53],"current_hp_per_floor":[80,80,80,80,80,80,80,56,30,18,22,46,41,41,41,53,90,90,88,88,62,54,54,54,54,53,59,59,59,59,61,56,62,62,72,72,72,72,72,37,37,58,22,43,46,46,61,61,51,58,69,34,34,70,72],"gold":31,"neow_bonus":"THREE_ENEMY_KILL","is_daily":false,"chose_seed":false,"campfire_upgraded":4,"win_rate":0.0,"timestamp":1610008309,"path_taken":["R","M","?","?","$","R","T","?","E","?","M","R","E","?","M","BOSS","R","M","?","?","M","?","T","M","?","?","R","$","?","E","M","BOSS","R","M","?","M","M","E","T","R","E","R","E","?","?","?","M","BOSS","E","$","R","BOSS"],"items_purchased_type":["Card","Relic","Relic","Card","Relic","Card"],"build_version":"2020-12-22","purchased_purges":5,"victory":true,"max_hp_per_floor":[80,80,80,80,80,80,80,80,80,80,80,80,80,80,80,80,90,90,90,90,62,62,62,62,62,62,62,62,62,62,62,62,62,62,72,72,72,72,72,72,72,72,72,72,72,72,72,72,72,72,72,72,72,72,72],"card_choices":[{"not_picked":["Guardian:Clone","Guardian:TemporalShield"],"picked":"Guardian:Gem_Crimson","floor":2.0},{"not_picked":["Guardian:Gem_Red","Guardian:WalkerClaw"],"picked":"Guardian:PolyBeam","floor":4.0},{"not_picked":["Guardian:Gem_Green","Guardian:CrystalBeam"],"picked":"Guardian:Incinerate","floor":5.0},{"not_picked":["Guardian:TemporalStrike","Guardian:VentSteam+1","Guardian:Gem_Lightblue"],"picked":"SKIP","floor":9.0},{"not_picked":["Guardian:ShieldCharger+1","Guardian:PrimingBeam","Guardian:ChargeCore"],"picked":"SKIP","floor":11.0},{"not_picked":["Guardian:GuardianWhirl","Guardian:ConstructionForm"],"picked":"Guardian:Harden+1","floor":13.0},{"not_picked":["Guardian:Gem_Green","Guardian:Gem_Red"],"picked":"Guardian:BronzeArmor+1","floor":14.0},{"not_picked":["Guardian:ChargeCore","Guardian:Gem_Green","Guardian:Suspension+1"],"picked":"SKIP","floor":15.0},{"not_picked":["Guardian:FastForward+1","Guardian:GemFinder"],"picked":"Guardian:FierceBash","floor":16.0},{"not_picked":["Guardian:Suspension+1","Guardian:Orbwalk"],"picked":"Guardian:DonusPower+1","floor":17},{"not_picked":["Guardian:WalkerClaw","Guardian:Preprogram+1"],"picked":"Guardian:DecasProtection+1","floor":19},{"not_picked":["Guardian:TemporalShield+1","Guardian:Clone+1","Guardian:ChargeCore"],"picked":"SKIP","floor":20},{"not_picked":["Guardian:PrismaticBarrier+1","Guardian:PrimingBeam","Guardian:ChargeCore+1"],"picked":"SKIP","floor":22},{"not_picked":["Guardian:ShieldCharger+1","Guardian:ChargeCore+1","Guardian:ShieldSpikes+1"],"picked":"SKIP","floor":25},{"not_picked":["Guardian:PrismaticBeam","Guardian:BronzeArmor+1","Guardian:RefractedBeam"],"picked":"SKIP","floor":26},{"not_picked":["Guardian:Gem_Cyan","Guardian:RevengeProtocol"],"picked":"Guardian:Preprogram+1","floor":27},{"not_picked":["Guardian:Harden+1","Guardian:PrimingBeam"],"picked":"Guardian:Gem_Yellow","floor":29},{"not_picked":["Guardian:DonusPower+1","Guardian:PrismaticBeam+1"],"picked":"Guardian:FuturePlans","floor":31},{"not_picked":["Guardian:Preprogram+1","Guardian:Incinerate+1"],"picked":"Guardian:PiercingHide+1","floor":32},{"not_picked":["Guardian:Gem_Orange","Guardian:HyperBeam_Guardian+1"],"picked":"Guardian:StasisEngine","floor":33},{"not_picked":["Guardian:VentSteam+1","Guardian:ShieldCharger+1","Guardian:PrimingBeam+1"],"picked":"SKIP","floor":36},{"not_picked":["Guardian:CrystalBeam+1","Guardian:FierceBash+1","Guardian:ChargeCore+1"],"picked":"SKIP","floor":38},{"not_picked":["Guardian:CrystalBeam+1","Guardian:Gem_Lightblue","Guardian:VentSteam+1"],"picked":"SKIP","floor":39},{"not_picked":["Guardian:Gem_White","Guardian:Recover+1","Guardian:WalkerClaw+1"],"picked":"SKIP","floor":40},{"not_picked":["Guardian:PrimingBeam+1","Guardian:PiercingHide+1","Guardian:Gem_Yellow"],"picked":"SKIP","floor":43},{"not_picked":["Guardian:Gem_Green","Guardian:VentSteam+1","Guardian:Suspension+1"],"picked":"SKIP","floor":45},{"not_picked":["Guardian:Suspension+1","Guardian:Gem_Red","Guardian:Gem_White"],"picked":"SKIP","floor":47},{"not_picked":["Guardian:Gem_Purple","Guardian:Incinerate+1"],"picked":"Guardian:TimeCapacitor+1","floor":49},{"not_picked":["Guardian:StasisField+1","Guardian:Suspension+1","Guardian:DecasProtection+1"],"picked":"SKIP","floor":52}],"player_experience":1169053,"relics_obtained":[{"floor":7.0,"key":"Toxic Egg 2"},{"floor":9.0,"key":"Meat on the Bone"},{"floor":13.0,"key":"CaptainsWheel"},{"floor":24,"key":"White Beast Statue"},{"floor":31,"key":"Vajra"},{"floor":40,"key":"hubris:TinFlute"},{"floor":41,"key":"The Courier"},{"floor":43,"key":"hubris:Potato"},{"floor":45,"key":"Regal Pillow"},{"floor":52,"key":"Shuriken"}],"event_choices":[{"cards_removed":["Guardian:Strike_Guardian"],"damage_healed":0.0,"max_hp_gain":0.0,"max_hp_loss":0.0,"gold_gain":0.0,"event_name":"betterNote:BetterNote","player_choice":"Give","floor":3.0,"gold_loss":0.0,"damage_taken":0.0,"cards_obtained":["Strike_B"]},{"damage_healed":0.0,"max_hp_gain":0.0,"max_hp_loss":0.0,"gold_gain":0.0,"event_name":"Scrap Ooze","player_choice":"Success","floor":10.0,"gold_loss":0.0,"damage_taken":12.0,"relics_obtained":["hubris:FunFungus"]},{"damage_healed":0,"gold_gain":0,"player_choice":"Became a vampire","damage_taken":0,"max_hp_gain":0,"max_hp_loss":28,"event_name":"Vampires","floor":21,"gold_loss":0,"cards_obtained":["Bite","Bite","Bite","Bite","Bite"]},{"damage_healed":0,"gold_gain":0,"player_choice":"Ignored","damage_taken":0,"max_hp_gain":0,"max_hp_loss":0,"event_name":"Ghosts","floor":23,"gold_loss":0}],"is_beta":false,"boss_relics":[{"not_picked":["hubris:GrandSneckoEye","SacredBark"],"picked":"Tiny House"},{"not_picked":["hubris:Stopwatch","Cursed Key"],"picked":"hubris:TerracottaHorce"}],"items_purged_floors":[14,27,29,48,53],"is_endless":false,"potions_floor_spawned":[9,11,15,16,22,25,26,27,29,31,32,33,36,38,39,40,43,45],"ascension_level":6}}