{"host":"qq27suot6m8koe0b","time":1610012819,"event":{"mods":["Act Like it!","BaseMod","CapriCore","GifTheSpireLib","Lobotomy","Minty Spire (QoL Compilation)","StSLib","Waifu the Spire"],"gold_per_floor":[117,137,153,153,153,182,107,107,107,117,135,135,156,175,175,275,275,293,293,303,314,331,350,350,35,35,35,47,47,47,60,60,160,160,177,188,188,202,202,202,213,213,239,274,291,311,330,347,347,347,347],"floor_reached":50,"playtime":2446,"items_purged":["Regret","WhitesApple"],"score":559,"play_id":"989f5aee-911c-4d61-8ba8-5f7b37d623d9","local_time":"20210107174659","is_ascension_mode":false,"campfire_choices":[{"floor":15,"key":"RECALL"},{"data":"Metallicize","floor":27,"key":"SMITH"},{"data":"Uppercut","floor":40,"key":"SMITH"},{"data":"Seeing Red","floor":49,"key":"SMITH"}],"circlet_count":0,"master_deck":["Apo_SoulSlash","Apo_Charge","Apo_Charge","Apo_Charge","Apo_Charge","Apo_Beam","Apo_Beam","Apo_Beam","Apo_Execute","Apo_Slash","Apo_Slash","Apo_SoulSlash","NakedNest","Shrug It Off+1","Uppercut+1","SilentOrchestra","QueenBee","Pommel Strike+1","CENSORED","Funeral"],"relics":["Burning Blood","CogitoBucket","Pocketwatch","Red Skull","Bottled Flame","Magic Flower","Potion Belt","ChangeAnything","Coffee Dripper","Nilry\u0027s Codex","TreeSap","Lee\u0027s Waffle","Kunai","ApostleMask","Velvet Choker","Dream Catcher","Happy Flower"],"acts_visited":["Exordium","TheCity","TheBeyond"],"potions_floor_usage":[3,11,16,50],"damage_taken":[{"damage":1,"enemies":"Jaw Worm","floor":1,"turns":5},{"damage":0,"enemies":"Small Slimes","floor":2,"turns":3},{"damage":5,"enemies":"2 Louse","floor":3,"turns":3},{"damage":24,"enemies":"Gremlin Nob","floor":6,"turns":4},{"damage":10,"enemies":"Lots of Slimes","floor":10,"turns":3},{"damage":40,"enemies":"Blue Slaver","floor":11,"turns":5},{"damage":10,"enemies":"2 Fungi Beasts","floor":13,"turns":2},{"damage":12,"enemies":"Red Slaver","floor":14,"turns":4},{"damage":27,"enemies":"Hexaghost","floor":16,"turns":7},{"damage":10,"enemies":"Chosen","floor":18,"turns":4},{"damage":75,"enemies":"2 Thieves","floor":20,"turns":6},{"damage":17,"enemies":"Snecko","floor":21,"turns":4},{"damage":18,"enemies":"Shelled Parasite and Fungi","floor":22,"turns":2},{"damage":10,"enemies":"Centurion and Healer","floor":23,"turns":4},{"damage":17,"enemies":"Chosen and Byrds","floor":28,"turns":5},{"damage":0,"enemies":"Snake Plant","floor":31,"turns":2},{"damage":27,"enemies":"Champ","floor":33,"turns":6},{"damage":7,"enemies":"3 Darklings","floor":35,"turns":2},{"damage":22,"enemies":"3 Shapes","floor":36,"turns":2},{"damage":0,"enemies":"Sphere and 2 Shapes","floor":38,"turns":2},{"damage":11,"enemies":"Jaw Worm Horde","floor":41,"turns":2},{"damage":0,"enemies":"Reptomancer","floor":44,"turns":3},{"damage":0,"enemies":"3 Darklings","floor":45,"turns":2},{"damage":12,"enemies":"4 Shapes","floor":46,"turns":1},{"damage":16,"enemies":"Transient","floor":47,"turns":5},{"damage":8,"enemies":"3 Darklings","floor":48,"turns":3},{"damage":51,"enemies":"Time Eater","floor":50,"turns":7}],"seed_played":"1896898511444107713","potions_obtained":[{"floor":1,"key":"Explosive Potion"},{"floor":2,"key":"DuplicationPotion"},{"floor":3,"key":"BloodPotion"},{"floor":10,"key":"Weak Potion"},{"floor":16,"key":"Ancient Potion"},{"floor":20,"key":"BlessingOfTheForge"},{"floor":21,"key":"CultistPotion"},{"floor":31,"key":"LiquidBronze"},{"floor":36,"key":"Ancient Potion"},{"floor":47,"key":"Block Potion"},{"floor":48,"key":"Weak Potion"}],"is_trial":false,"path_per_floor":["M","M","M","?","?","E","$","T","T","M","M","?","M","M","R","B",null,"M","?","M","M","M","M","?","$","T","R","M","M","?","M","R","B",null,"M","M","?","M","T","R","M","?","T","E","M","M","M","M","R","B"],"character_chosen":"IRONCLAD","items_purchased":["Lee\u0027s Waffle","Metallicize"],"campfire_rested":0,"item_purchase_floors":[25,25],"current_hp_per_floor":[80,80,80,80,55,37,37,37,37,45,38,38,46,52,52,52,80,79,63,19,24,26,27,27,84,84,84,84,81,81,81,81,54,54,47,25,25,25,25,25,14,14,14,84,84,72,56,48,48,0,0],"gold":347,"neow_bonus":"","is_daily":false,"chose_seed":false,"campfire_upgraded":3,"win_rate":0.0,"timestamp":1610012819,"path_taken":["M","M","M","?","?","E","$","?","T","M","M","?","?","M","R","BOSS","M","?","M","M","M","?","?","$","T","R","M","M","?","M","R","BOSS","M","M","?","?","?","R","M","?","T","E","?","M","M","M","R","BOSS"],"items_purchased_type":["Relic","Card"],"build_version":"2020-12-22","purchased_purges":2,"victory":false,"max_hp_per_floor":[80,80,80,80,80,80,80,80,80,80,80,80,80,80,80,80,80,80,80,80,77,77,77,77,84,84,84,84,84,84,84,84,84,84,84,84,84,84,84,84,84,84,84,84,84,84,84,84,84,84,84],"card_choices":[{"not_picked":["Bloodbath","PunishingBird","BeautyBeast"],"picked":"Singing Bowl","floor":1},{"not_picked":["BlackSwan","Wellcheers"],"picked":"Rudolta","floor":1},{"not_picked":["Sentinel","Warcry"],"picked":"Thunderclap","floor":1},{"not_picked":["LittleHelper","Funeral","UniverseFragment"],"picked":"Singing Bowl","floor":2},{"not_picked":["FieryBird","Yin"],"picked":"VoidDream","floor":2},{"not_picked":["Hemokinesis","Body Slam"],"picked":"Evolve","floor":2},{"not_picked":["WallGazer","BlackArmy"],"picked":"RedShoes","floor":3},{"not_picked":["Clash","Blood for Blood"],"picked":"Berserk","floor":3},{"not_picked":["Bloodbath","SpiderBud"],"picked":"QueenOfHatred","floor":6},{"not_picked":["Second Wind","True Grit","Brutality"],"picked":"SKIP","floor":6},{"not_picked":["BeautyBeast","PunishingBird","Bloodbath"],"picked":"Singing Bowl","floor":10},{"not_picked":["OldLady","GalaxyChild"],"picked":"WhitesApple","floor":10},{"not_picked":["Seeing Red","Clothesline"],"picked":"Dropkick","floor":10},{"not_picked":["CrumblingArmor","CherryBlossoms","WallGazer"],"picked":"Singing Bowl","floor":11},{"not_picked":["HeroicMonk","FairyFestival"],"picked":"HappyTeddy","floor":11},{"not_picked":["Evolve","Wild Strike","Headbutt"],"picked":"SKIP","floor":11},{"not_picked":["Scarecrow","OSAHOGD","Woodsman"],"picked":"Singing Bowl","floor":13},{"not_picked":["SpiderBud","Scorched"],"picked":"BigBadWolf","floor":13},{"not_picked":["Flame Barrier","Heavy Blade","Clash"],"picked":"SKIP","floor":13},{"not_picked":["Scorched","MeatLantern"],"picked":"Laetitia","floor":14},{"not_picked":["Sword Boomerang","Flex"],"picked":"Shrug It Off","floor":14},{"not_picked":["CrumblingArmor","SpiderBud","MeatLantern"],"picked":"Singing Bowl","floor":16},{"not_picked":["Woodsman","PunishingBird"],"picked":"SingingMachine","floor":16},{"not_picked":["Barricade","Reaper"],"picked":"Demon Form","floor":16},{"not_picked":["HeroicMonk","OSAHOGD"],"picked":"BodiesMountain","floor":18},{"not_picked":["Wild Strike","Ghostly Armor"],"picked":"Perfected Strike","floor":18},{"not_picked":["OldLady","BlackSwan"],"picked":"LaLuna","floor":20},{"not_picked":["Intimidate+1","Fire Breathing"],"picked":"Spot Weakness","floor":20},{"not_picked":["Bloodbath","BeautyBeast","UniverseFragment"],"picked":"Singing Bowl","floor":21},{"not_picked":["Armaments+1","Whirlwind+1"],"picked":"Battle Trance+1","floor":21},{"not_picked":["LittleHelper","LittlePrince","FairyFestival"],"picked":"Singing Bowl","floor":22},{"not_picked":["Wild Strike+1","Combust+1"],"picked":"Pommel Strike","floor":22},{"not_picked":["UniverseFragment","WallGazer"],"picked":"PlagueDoctor","floor":23},{"not_picked":["Second Wind","Uppercut","Blood for Blood"],"picked":"SKIP","floor":23},{"not_picked":["Funeral","BlueStar"],"picked":"OldLady","floor":28},{"not_picked":["Havoc","Headbutt"],"picked":"Body Slam+1","floor":28},{"not_picked":["OldLady","LaLuna","WallGazer"],"picked":"Singing Bowl","floor":31},{"not_picked":["Sever Soul+1","Headbutt+1","Disarm"],"picked":"SKIP","floor":31},{"not_picked":["LittleHelper","CrumblingArmor","FieryBird"],"picked":"Singing Bowl","floor":33},{"not_picked":["CherryBlossoms","GreedKing"],"picked":"MeltingLove","floor":33},{"not_picked":["Offering","Reaper"],"picked":"Barricade","floor":33},{"not_picked":["SpiderBud","WhitesApple"],"picked":"NakedNest","floor":35},{"not_picked":["Wild Strike+1","Flex","True Grit+1"],"picked":"SKIP","floor":35},{"not_picked":["HappyTeddy","Bloodbath"],"picked":"BlackArmy","floor":36},{"not_picked":["Sentinel+1","Juggernaut"],"picked":"Shrug It Off+1","floor":36},{"not_picked":["Rudolta","BlueStar","SpiderBud"],"picked":"Singing Bowl","floor":38},{"not_picked":["Scarecrow","WallGazer"],"picked":"SilentOrchestra","floor":38},{"not_picked":["Flex","Heavy Blade+1","Disarm+1"],"picked":"SKIP","floor":38},{"not_picked":["FieryBird","LittleHelper","BodiesMountain"],"picked":"Singing Bowl","floor":41},{"not_picked":["UniverseFragment","HeroicMonk"],"picked":"QueenBee","floor":41},{"not_picked":["Dual Wield","Intimidate"],"picked":"Pommel Strike+1","floor":41},{"not_picked":["BlackSwan","Alriune","FieryBird"],"picked":"Singing Bowl","floor":44},{"not_picked":["Sword Boomerang","Clash"],"picked":"Seeing Red","floor":44},{"not_picked":["BodiesMountain","HeroicMonk","BlueStar"],"picked":"Singing Bowl","floor":45},{"not_picked":["Feel No Pain+1","Perfected Strike","Searing Blow+1"],"picked":"SKIP","floor":45},{"not_picked":["Rudolta","BlackSwan","Laetitia"],"picked":"Singing Bowl","floor":46},{"not_picked":["Anger+1","Whirlwind+1","True Grit"],"picked":"SKIP","floor":46},{"not_picked":["FieryBird","LittlePrince","Variant"],"picked":"Singing Bowl","floor":47},{"not_picked":["NothingThere","DreamingCurrent"],"picked":"CENSORED","floor":47},{"not_picked":["Reckless Charge+1","Barricade","True Grit+1"],"picked":"SKIP","floor":47},{"not_picked":["Freischutz","Woodsman","DreamingCurrent"],"picked":"Singing Bowl","floor":48},{"not_picked":["LittlePrince","LaLuna"],"picked":"Funeral","floor":48},{"not_picked":["Rampage","Perfected Strike","Armaments"],"picked":"SKIP","floor":48}],"player_experience":254944,"relics_obtained":[{"floor":6,"key":"Bottled Flame"},{"floor":8,"key":"Magic Flower"},{"floor":9,"key":"Potion Belt"},{"floor":19,"key":"Nilry\u0027s Codex"},{"floor":26,"key":"Kunai"},{"floor":43,"key":"Dream Catcher"},{"floor":44,"key":"Happy Flower"}],"event_choices":[{"damage_healed":0,"gold_gain":0,"player_choice":"Box","damage_taken":0,"relics_obtained":["Pocketwatch"],"max_hp_gain":0,"max_hp_loss":0,"event_name":"Big Fish","floor":4,"gold_loss":0,"cards_obtained":["Regret"]},{"damage_healed":0,"gold_gain":0,"player_choice":"Success","damage_taken":25,"relics_obtained":["Red Skull"],"max_hp_gain":0,"max_hp_loss":0,"event_name":"Scrap Ooze","floor":5,"gold_loss":0},{"damage_healed":0,"gold_gain":0,"player_choice":"Upgraded","damage_taken":0,"max_hp_gain":0,"max_hp_loss":0,"event_name":"Upgrade Shrine","floor":12,"gold_loss":0,"cards_upgraded":["Berserk"]},{"damage_healed":0,"gold_gain":0,"player_choice":"Obtained Book","damage_taken":16,"max_hp_gain":0,"max_hp_loss":0,"event_name":"Cursed Tome","floor":19,"gold_loss":0},{"damage_healed":0,"gold_gain":0,"player_choice":"Ignored","damage_taken":0,"max_hp_gain":0,"max_hp_loss":0,"event_name":"NoteForYourself","floor":24,"gold_loss":0},{"damage_healed":0,"gold_gain":0,"player_choice":"Ignored","damage_taken":0,"max_hp_gain":0,"max_hp_loss":0,"event_name":"Upgrade Shrine","floor":30,"gold_loss":0},{"damage_healed":0,"gold_gain":0,"cards_transformed":["Barricade"],"player_choice":"Transformed","damage_taken":0,"max_hp_gain":0,"max_hp_loss":0,"event_name":"Transmorgrifier","floor":37,"gold_loss":0,"cards_obtained":["Uppercut"]},{"damage_healed":0,"gold_gain":0,"player_choice":"Got Potions","damage_taken":0,"max_hp_gain":0,"max_hp_loss":0,"event_name":"Lab","floor":42,"gold_loss":0}],"is_beta":false,"boss_relics":[{"not_picked":["Runic Pyramid","Snecko Eye"],"picked":"Coffee Dripper"},{"not_picked":["Black Star","Runic Cube"],"picked":"Velvet Choker"}],"items_purged_floors":[7,25],"is_endless":false,"potions_floor_spawned":[1,2,3,10,16,20,21,31,33,36,44,47,48],"killed_by":"Time Eater","ascension_level":0}}