{"host":"newqdrzxfhh2im9e","time":1610058065,"event":{"mods":["AchievementEnabler","BaseMod","BetterRewards","Block Reminder","Colored Map","Jorbs\u0027s Wanderer Trilogy","Minty Spire (QoL Compilation)","Rare Cards Sparkle","Shop Mod","StSLib"],"gold_per_floor":[116,116,127,7,7,7,42,42,118,118,146,157,157,170,170,170,170],"floor_reached":16,"playtime":472,"items_purged":[],"score":108,"play_id":"0ec3adfb-d0c7-4dd6-ad19-646518ac2104","local_time":"20210107142105","is_ascension_mode":false,"campfire_choices":[{"data":"Conclude","floor":6,"key":"SMITH"},{"data":"ReachHeaven","floor":8,"key":"SMITH"},{"floor":13,"key":"REST"},{"data":"Alpha","floor":15,"key":"SMITH"}],"circlet_count":0,"master_deck":["Strike_P","Strike_P","Strike_P","Strike_P","Defend_P","Defend_P+1","Defend_P","Defend_P","Eruption+1","Vigilance","Master of Strategy","Study","Conclude+1","MentalFortress","ReachHeaven+1","InnerPeace","Alpha+1"],"relics":["PureWater","Unceasing Top","Mummified Hand","MealTicket","Question Card"],"acts_visited":["Exordium"],"potions_floor_usage":[7,7,11],"damage_taken":[{"damage":0,"enemies":"2 Louse","floor":1,"turns":2},{"damage":0,"enemies":"Small Slimes","floor":3,"turns":2},{"damage":9,"enemies":"3 Sentries","floor":7,"turns":3},{"damage":8,"enemies":"Gremlin Nob","floor":11,"turns":3},{"damage":0,"enemies":"Cultist","floor":12,"turns":3},{"damage":0,"enemies":"Lots of Slimes","floor":14,"turns":1},{"damage":59,"enemies":"Hexaghost","floor":16,"turns":11}],"seed_played":"6336812112155296882","potions_obtained":[{"floor":1,"key":"PowerPotion"},{"floor":3,"key":"Block Potion"},{"floor":7,"key":"PowerPotion"}],"is_trial":false,"path_per_floor":["M","?","M","$","?","R","E","R","T","?","E","M","R","M","R","B"],"character_chosen":"WATCHER","items_purchased":["Conclude","MentalFortress"],"campfire_rested":1,"item_purchase_floors":[4,4],"current_hp_per_floor":[51,37,37,37,61,61,52,52,52,45,37,37,58,58,58,0,0],"gold":170,"neow_bonus":"RANDOM_COLORLESS_2","is_daily":false,"chose_seed":false,"campfire_upgraded":3,"win_rate":0.0,"timestamp":1610058065,"path_taken":["M","?","M","$","?","R","E","R","T","?","E","M","R","M","R","BOSS"],"items_purchased_type":["Card","Card"],"build_version":"2020-12-22","purchased_purges":0,"victory":false,"max_hp_per_floor":[72,72,72,72,72,72,72,72,72,72,72,72,72,72,72,72,72],"card_choices":[{"not_picked":["Thinking Ahead","Mayhem"],"picked":"Master of Strategy","floor":0},{"not_picked":["Prostrate","Protect","PathToVictory"],"picked":"SKIP","floor":1},{"not_picked":["EmptyMind","InnerPeace"],"picked":"Study","floor":3},{"not_picked":["FearNoEvil","ClearTheMind"],"picked":"ReachHeaven","floor":7},{"not_picked":["JustLucky","TalkToTheHand"],"picked":"InnerPeace","floor":11},{"not_picked":["ClearTheMind","SashWhip","PathToVictory","FlyingSleeves"],"picked":"SKIP","floor":12},{"not_picked":["Weave","CrushJoints","BowlingBash"],"picked":"Alpha","floor":14}],"player_experience":704323,"relics_obtained":[{"floor":7,"key":"Unceasing Top"},{"floor":9,"key":"Mummified Hand"},{"floor":11,"key":"Question Card"}],"event_choices":[{"damage_healed":0,"gold_gain":0,"player_choice":"Entered Light","damage_taken":14,"max_hp_gain":0,"max_hp_loss":0,"event_name":"Shining Light","floor":2,"gold_loss":0,"cards_upgraded":["Defend_P","Eruption"]},{"damage_healed":24,"gold_gain":0,"player_choice":"Banana","damage_taken":0,"max_hp_gain":0,"max_hp_loss":0,"event_name":"Big Fish","floor":5,"gold_loss":0},{"damage_healed":0,"gold_gain":0,"player_choice":"Success","damage_taken":7,"relics_obtained":["MealTicket"],"max_hp_gain":0,"max_hp_loss":0,"event_name":"Scrap Ooze","floor":10,"gold_loss":0}],"is_beta":false,"boss_relics":[],"items_purged_floors":[],"is_endless":false,"potions_floor_spawned":[1,3,7],"killed_by":"Hexaghost","ascension_level":0}}