{"host":"bpkhhmvsfrvlto2l","time":1610009064,"event":{"mods":["2.2 Compatiblity","Act Like it!","AlwaysNeverKeys","BaseMod","Better Silent Start","Challenge The Spire","Colored Map","Colored Powertips","Custom Start","Downfall","Energized Spire","Friendly Minions","GifTheSpireLib","Halation","Hubris","Infinite Spire","Ironclad Rager","Mimic Mod","Minty Spire (QoL Compilation)","Permanent Neow","Quick Restart","Random Character Button","Relic Sorter","Replay The Spire","Spikes Relics","StSLib","Stuff the Spire","Swap Starting Deck Mod","Trackpad"],"gold_per_floor":[115,115,115,37,100,100,128,143,174,174,185,185,204,220,220,325,325,345,345,365,365,365,365,375,375,449,219,219],"floor_reached":27,"playtime":575,"items_purged":["Stack","Stack"],"score":325,"play_id":"1e8edae1-367a-4e8f-9b90-c179136a4961","local_time":"20210107034424","is_ascension_mode":true,"campfire_choices":[{"data":"hubris:Ukulele","floor":6.0,"key":"SMITH"},{"floor":10.0,"key":"REST"},{"data":"Zap","floor":12,"key":"SMITH"},{"data":"Fission","floor":23,"key":"SMITH"},{"data":"Defragment","floor":25,"key":"SMITH"}],"circlet_count":0,"master_deck":["Ball Lightning","Ball Lightning","Ball Lightning","Ball Lightning","Thunder Strike","Stack","Zap+1","hubris:Ukulele+1","Self Repair","Defragment+1","Genetic Algorithm","Fission+1","Redo+1"],"relics":["Cracked Core","Replay:Accelerometer","swapstartingdeckmod:DeadBlossom","Pen Nib","Nuclear Battery","halation:EternalFortune","halation:OrihimeAndHikoboshiSamaAndTears","Regal Pillow"],"acts_visited":["Exordium","TheCity"],"potions_floor_usage":[13,16,27,27,27,27],"damage_taken":[{"damage":8.0,"enemies":"2 Louse","floor":1.0,"turns":2.0},{"damage":20.0,"enemies":"Lagavulin","floor":7.0,"turns":3.0},{"damage":11.0,"enemies":"Jaw Worm","floor":8.0,"turns":2.0},{"damage":0.0,"enemies":"Small Slimes","floor":9.0,"turns":4.0},{"damage":12,"enemies":"Small Slimes","floor":11,"turns":2},{"damage":0,"enemies":"2 Fungi Beasts","floor":13,"turns":1},{"damage":10,"enemies":"3 Louse","floor":14,"turns":2},{"damage":0,"enemies":"Slime Boss","floor":16,"turns":3},{"damage":27,"enemies":"2 Thieves","floor":18,"turns":3},{"damage":0,"enemies":"Spheric Guardian","floor":20,"turns":3},{"damage":0,"enemies":"Centurion and Healer","floor":24,"turns":3},{"damage":29,"enemies":"hubris:Merchant","floor":27,"turns":4}],"seed_played":"1236930057455229370","potions_obtained":[{"floor":5.0,"key":"Death Potion"},{"floor":5.0,"key":"Toxic Potion"},{"floor":5.0,"key":"FearPotion"},{"floor":7.0,"key":"Strength Potion"},{"floor":11,"key":"Swift Potion"},{"floor":14,"key":"Adrenaline Potion"},{"floor":16,"key":"BlessingOfTheForge"},{"floor":18,"key":"Fire Potion"},{"floor":24,"key":"AttackPotion"}],"is_trial":false,"path_per_floor":["M","$","?","$","?","R","E","M","MIM","R","M","R","M","M","R_BF","B",null,"M","?","M","?","AVR","R","M","R","T","$"],"character_chosen":"DEFECT","items_purchased":["hubris:Ukulele","Regal Pillow"],"campfire_rested":1,"item_purchase_floors":[4,27],"current_hp_per_floor":[67,67,60,60,60,60,40,33,37,48,36,36,36,26,26,26,64,41,41,45,47,47,47,51,51,51,22,22],"gold":219,"neow_bonus":"","is_daily":false,"chose_seed":false,"campfire_upgraded":4,"win_rate":0.0,"timestamp":1610009064,"path_taken":["M","$","?","$","?","R","E","M","MIM","R","M","R","M","M","R_BF","BOSS","M","?","M","?","AVR","R","M","R","T","?"],"items_purchased_type":["Card","Relic"],"build_version":"2020-12-22","purchased_purges":2,"victory":false,"max_hp_per_floor":[75,75,75,75,75,75,75,75,75,75,75,75,75,75,75,75,75,75,75,75,78,78,78,78,78,78,78,78],"card_choices":[{"not_picked":["Steam","Doom and Gloom"],"picked":"Self Repair","floor":7.0},{"not_picked":["BasicCrystalCard","ReplaySort"],"picked":"Defragment","floor":13},{"not_picked":["Compile Driver","ReplaySort"],"picked":"Genetic Algorithm","floor":14},{"not_picked":["StuffTheSpire:EventHorizon","ReplayTheSpireMod:Fabricate Wheel"],"picked":"Fission","floor":16},{"not_picked":["Steam","Panic Button+1"],"picked":"Redo+1","floor":24}],"player_experience":35098,"relics_obtained":[{"floor":7.0,"key":"Pen Nib"},{"floor":26,"key":"Replay:Accelerometer"}],"event_choices":[{"cards_removed":["Stack"],"damage_healed":0.0,"max_hp_gain":0.0,"max_hp_loss":0.0,"gold_gain":0.0,"event_name":"Golden Wing","player_choice":"Card Removal","floor":3.0,"gold_loss":0.0,"damage_taken":7.0},{"damage_healed":0,"gold_gain":0,"player_choice":"Fled","damage_taken":0,"max_hp_gain":0,"max_hp_loss":0,"event_name":"Scrap Ooze","floor":15,"gold_loss":0},{"damage_healed":0,"gold_gain":0,"player_choice":"Ignored","damage_taken":0,"max_hp_gain":0,"max_hp_loss":0,"event_name":"Cursed Tome","floor":19,"gold_loss":0}],"is_beta":false,"boss_relics":[{"not_picked":["Replay:Ancient Bell","Astrolabe"],"picked":"Nuclear Battery"}],"items_purged_floors":[22,27],"is_endless":false,"potions_floor_spawned":[7,11,14,16,18,24],"killed_by":"hubris:Merchant","ascension_level":3}}