{"host":"t75twhtg6c476ygg","time":1610033760,"event":{"mods":["AchievementEnabler","BaseMod","Colored Powertips","Minty Spire (QoL Compilation)","Quick Restart","Relic Stats","StSLib","SuperFastMode"],"gold_per_floor":[114,129,144,159,159,197,197,197,222,241,241,316,335,373,373,498,498,517,542,542,561,580,618,618,637,637,675,19,19,19,38,38,163,163,182,231,74,123,142,519,538,538,538,448,497,546,609,658,658,707,726,41,120,199,199,276,276,276,276,15,92,141,160,160,160],"floor_reached":66,"playtime":2657,"items_purged":[],"score":1105,"play_id":"73d8ef7d-7d2b-40c3-a779-502789fdbbe5","local_time":"20210107153600","daily_mods":["SealedDeck","Vintage","Lethality"],"is_ascension_mode":false,"campfire_choices":[{"data":"Crescendo","floor":8.0,"key":"SMITH"},{"data":"MentalFortress","floor":11.0,"key":"SMITH"},{"data":"Protect","floor":15.0,"key":"SMITH"},{"data":"Crescendo","floor":24.0,"key":"SMITH"},{"data":"Study","floor":32.0,"key":"SMITH"},{"floor":42,"key":"REST"},{"data":"1","floor":49,"key":"LIFT"},{"data":"2","floor":55,"key":"LIFT"},{"data":"3","floor":57,"key":"LIFT"},{"floor":59,"key":"REST"},{"floor":64,"key":"REST"}],"circlet_count":0,"master_deck":["Crescendo+1","Consecrate+1","Consecrate+1","Halt+1","Protect+1","EmptyBody+1","MentalFortress+1","EmptyFist+1","Crescendo+1","Adaptation+1","FollowUp+1","LessonLearned+1","FearNoEvil+1","Establishment+1","Perseverance+1","Blasphemy+1","FlurryOfBlows+1","Study+1","BowlingBash+1","Wish+1","TalkToTheHand+1","Consecrate+1","Wish+1","Fasting2+1","Fasting2+1","Indignation+1","Adaptation+1","ClearTheMind+1"],"relics":["PureWater","TeardropLocket","Shuriken","Bronze Scales","Matryoshka","Golden Idol","Mercury Hourglass","Toxic Egg 2","Vajra","Meat on the Bone","Mummified Hand","Question Card","Philosopher\u0027s Stone","Incense Burner","Red Mask","MutagenicStrength","MealTicket","The Courier","Potion Belt","Happy Flower","Anchor","Blood Vial","Smiling Mask","Eternal Feather","Orichalcum","Kunai","HornCleat","SlaversCollar","Ornamental Fan","Lizard Tail","Gremlin Horn","CeramicFish","Bottled Tornado","Old Coin","Pear","Frozen Egg 2","Yang","Girya","Unceasing Top","Pen Nib","Bottled Lightning","Whetstone","Membership Card","Toy Ornithopter","White Beast Statue","Oddly Smooth Stone","Centennial Puzzle","GoldenEye","Damaru","Blue Candle","Letter Opener","Bottled Flame","FossilizedHelix","Dead Branch","OrangePellets","Lantern","Calipers","Ice Cream","TungstenRod","Boot"],"acts_visited":["Exordium","TheCity","TheBeyond","TheBeyond"],"potions_floor_usage":[65,65,65,65],"damage_taken":[{"damage":2.0,"enemies":"Jaw Worm","floor":1.0,"turns":3.0},{"damage":0.0,"enemies":"2 Louse","floor":2.0,"turns":1.0},{"damage":0.0,"enemies":"Cultist","floor":3.0,"turns":2.0},{"damage":10.0,"enemies":"Looter","floor":4.0,"turns":2.0},{"damage":0.0,"enemies":"Gremlin Nob","floor":6.0,"turns":3.0},{"damage":8.0,"enemies":"Large Slime","floor":10.0,"turns":3.0},{"damage":0.0,"enemies":"Gremlin Gang","floor":13.0,"turns":1.0},{"damage":0.0,"enemies":"3 Sentries","floor":14.0,"turns":3.0},{"damage":14.0,"enemies":"Hexaghost","floor":16.0,"turns":4.0},{"damage":2.0,"enemies":"Chosen","floor":18.0,"turns":3.0},{"damage":0.0,"enemies":"Masked Bandits","floor":19.0,"turns":2.0},{"damage":0.0,"enemies":"Spheric Guardian","floor":21.0,"turns":3.0},{"damage":0.0,"enemies":"Centurion and Healer","floor":22.0,"turns":2.0},{"damage":22.0,"enemies":"Gremlin Leader","floor":23.0,"turns":4.0},{"damage":0.0,"enemies":"Snecko","floor":25.0,"turns":3.0},{"damage":6.0,"enemies":"Slavers","floor":27.0,"turns":3.0},{"damage":0.0,"enemies":"Sentry and Sphere","floor":31.0,"turns":3.0},{"damage":20,"enemies":"Automaton","floor":33,"turns":5},{"damage":0,"enemies":"Orb Walker","floor":35,"turns":1},{"damage":0,"enemies":"3 Darklings","floor":36,"turns":4},{"damage":0,"enemies":"Maw","floor":38,"turns":4},{"damage":0,"enemies":"4 Shapes","floor":39,"turns":2},{"damage":8,"enemies":"Reptomancer","floor":40,"turns":2},{"damage":0,"enemies":"Sphere and 2 Shapes","floor":41,"turns":2},{"damage":0,"enemies":"3 Darklings","floor":45,"turns":3},{"damage":29,"enemies":"Jaw Worm Horde","floor":46,"turns":3},{"damage":14,"enemies":"2 Orb Walkers","floor":47,"turns":4},{"damage":0,"enemies":"4 Shapes","floor":48,"turns":1},{"damage":0,"enemies":"3 Shapes","floor":50,"turns":1},{"damage":0,"enemies":"3 Darklings","floor":51,"turns":2},{"damage":0,"enemies":"Maw","floor":53,"turns":4},{"damage":0,"enemies":"Transient","floor":54,"turns":5},{"damage":14,"enemies":"Nemesis","floor":56,"turns":3},{"damage":0,"enemies":"Giant Head","floor":61,"turns":2},{"damage":0,"enemies":"Writhing Mass","floor":62,"turns":2},{"damage":0,"enemies":"4 Shapes","floor":63,"turns":3},{"damage":0,"enemies":"Donu and Deca","floor":65,"turns":2}],"seed_played":"8350349167999303424","potions_obtained":[{"floor":2.0,"key":"BlessingOfTheForge"},{"floor":10.0,"key":"FearPotion"},{"floor":14.0,"key":"FairyPotion"},{"floor":27.0,"key":"EntropicBrew"},{"floor":31.0,"key":"DuplicationPotion"},{"floor":38,"key":"BlessingOfTheForge"},{"floor":39,"key":"BottledMiracle"}],"is_trial":false,"path_per_floor":["M","M","M","M","?","E","?","R","T","M","R","?","M","E","R","B",null,"M","?","?","M","M","E","R","M","T","E","$","$","?","M","R","B",null,"M","M","$","M","M","E","M","R","T","?","M","M","?","M","R","M","M","$","M","M","R","E","R","T","R","$","E","M","M","R","B",null],"character_chosen":"WATCHER","items_purchased":["Eternal Feather","Orichalcum","Kunai","FlurryOfBlows","Study","BowlingBash","TalkToTheHand","ReachHeaven","Consecrate","Membership Card","Toy Ornithopter","White Beast Statue","Oddly Smooth Stone","Centennial Puzzle","GoldenEye","Damaru","Blue Candle","Fasting2+1","OrangePellets","Lantern","Calipers","Adaptation+1"],"campfire_rested":3,"item_purchase_floors":[28,28,28,28,28,28,37,37,37,52,52,52,52,52,52,52,52,52,60,60,60,60],"current_hp_per_floor":[70,70,70,60,42,42,42,42,42,34,34,23,35,47,47,45,72,70,70,70,70,70,48,48,48,48,44,59,72,72,72,72,52,72,72,72,72,72,72,64,76,82,82,82,82,53,53,55,82,82,82,82,82,82,82,68,82,82,82,82,82,82,82,82,82],"gold":160,"neow_bonus":"","is_daily":true,"chose_seed":false,"campfire_upgraded":5,"win_rate":0.0,"timestamp":1610033760,"path_taken":["M","M","M","M","?","E","?","R","T","M","R","?","M","E","R","BOSS","M","?","?","M","M","E","R","?","T","E","?","$","?","M","R","BOSS","M","M","$","M","M","E","M","R","T","?","?","M","?","M","R","M","M","$","M","M","R","E","R","T","R","$","E","M","M","R","BOSS"],"items_purchased_type":["Relic","Relic","Relic","Card","Card","Card","Card","Card","Card","Relic","Relic","Relic","Relic","Relic","Relic","Relic","Relic","Card","Relic","Relic","Relic","Card"],"build_version":"2020-12-22","purchased_purges":0,"victory":true,"max_hp_per_floor":[72,72,72,72,72,72,72,72,72,72,72,72,72,72,72,72,72,72,72,72,72,72,72,72,72,72,72,72,72,72,72,72,72,72,72,72,72,72,72,72,82,82,82,82,82,82,82,82,82,82,82,82,82,82,82,82,82,82,82,82,82,82,82,82,82],"relic_stats":{"Gremlin Horn":[24,24],"CeramicFish":54,"Yang":[91],"Whetstone":[],"Smiling Mask":0,"Boot":[0],"Blood Vial":8,"Lizard Tail":0,"Centennial Puzzle":[3],"Mummified Hand":[87],"MealTicket":28,"Kunai":[32],"Happy Flower":[20],"counters":[37,98],"Golden Idol":225,"Blue Candle":[0],"Dead Branch":[23],"Eternal Feather":32,"Pen Nib":[7],"Letter Opener":[88],"Orichalcum":[12],"Question Card":9,"GoldenEye":[0],"Mercury Hourglass":[432],"OrangePellets":[18],"Shuriken":[44],"Ornamental Fan":[108],"Bronze Scales":[205],"obtain_stats":[{"Ice Cream":61,"Calipers":60,"Gremlin Horn":37,"CeramicFish":38,"Vajra":9,"Whetstone":51,"Bottled Tornado":39,"Boot":63,"Old Coin":40,"Blood Vial":26,"Lizard Tail":36,"Centennial Puzzle":52,"HornCleat":31,"Philosopher\u0027s Stone":17,"MealTicket":21,"Kunai":28,"Toxic Egg 2":9,"Girya":46,"Pear":41,"Happy Flower":25,"Blue Candle":52,"Dead Branch":58,"Oddly Smooth Stone":52,"Eternal Feather":28,"Pen Nib":48,"Letter Opener":53,"Question Card":14,"SlaversCollar":34,"OrangePellets":60,"Bottled Flame":54,"Shuriken":2,"Bronze Scales":3,"MutagenicStrength":20,"Unceasing Top":47,"Meat on the Bone":10,"Lantern":60,"GremlinMask":37,"Yang":45,"Incense Burner":18,"TeardropLocket":1,"Smiling Mask":27,"Matryoshka":4,"Mummified Hand":13,"Red Mask":19,"Potion Belt":23,"Golden Idol":5,"Damaru":52,"The Courier":22,"Orichalcum":28,"Frozen Egg 2":43,"GoldenEye":52,"White Beast Statue":52,"Mercury Hourglass":6,"Anchor":26,"Ornamental Fan":35,"Bottled Lightning":50,"Membership Card":52,"PureWater":0,"Toy Ornithopter":52,"FossilizedHelix":56,"TungstenRod":62},{"Ice Cream":34,"Calipers":33,"Gremlin Horn":20,"CeramicFish":21,"Vajra":5,"Whetstone":30,"Bottled Tornado":22,"Boot":36,"Old Coin":23,"Blood Vial":15,"Lizard Tail":20,"Centennial Puzzle":30,"HornCleat":17,"Philosopher\u0027s Stone":9,"MealTicket":12,"Kunai":16,"Toxic Egg 2":5,"Girya":26,"Pear":24,"Happy Flower":15,"Blue Candle":30,"Dead Branch":33,"Oddly Smooth Stone":30,"Eternal Feather":16,"Pen Nib":28,"Letter Opener":31,"Question Card":8,"SlaversCollar":18,"OrangePellets":33,"Bottled Flame":32,"Shuriken":2,"Bronze Scales":3,"MutagenicStrength":11,"Unceasing Top":27,"Meat on the Bone":6,"Lantern":33,"GremlinMask":20,"Yang":25,"Incense Burner":10,"TeardropLocket":1,"Smiling Mask":16,"Matryoshka":4,"Mummified Hand":7,"Red Mask":11,"Potion Belt":14,"Golden Idol":4,"Damaru":30,"The Courier":13,"Orichalcum":16,"Frozen Egg 2":24,"GoldenEye":30,"White Beast Statue":30,"Mercury Hourglass":5,"Anchor":15,"Ornamental Fan":19,"Bottled Lightning":29,"Membership Card":30,"PureWater":0,"Toy Ornithopter":30,"FossilizedHelix":33,"TungstenRod":35},{"Ice Cream":91,"Calipers":89,"Gremlin Horn":53,"CeramicFish":57,"Vajra":11,"Whetstone":77,"Bottled Tornado":59,"Boot":96,"Old Coin":61,"Blood Vial":37,"Lizard Tail":53,"Centennial Puzzle":77,"HornCleat":43,"Philosopher\u0027s Stone":21,"MealTicket":29,"Kunai":40,"Toxic Egg 2":11,"Girya":69,"Pear":63,"Happy Flower":37,"Blue Candle":77,"Dead Branch":89,"Oddly Smooth Stone":77,"Eternal Feather":40,"Pen Nib":74,"Letter Opener":81,"Question Card":17,"SlaversCollar":48,"OrangePellets":89,"Bottled Flame":86,"Shuriken":4,"Bronze Scales":6,"MutagenicStrength":26,"Unceasing Top":73,"Meat on the Bone":13,"Lantern":89,"GremlinMask":53,"Yang":66,"Incense Burner":24,"TeardropLocket":3,"Smiling Mask":40,"Matryoshka":8,"Mummified Hand":14,"Red Mask":26,"Potion Belt":35,"Golden Idol":8,"Damaru":77,"The Courier":31,"Orichalcum":40,"Frozen Egg 2":63,"GoldenEye":77,"White Beast Statue":77,"Mercury Hourglass":11,"Anchor":37,"Ornamental Fan":49,"Bottled Lightning":75,"Membership Card":77,"PureWater":0,"Toy Ornithopter":77,"FossilizedHelix":89,"TungstenRod":93}],"Unceasing Top":[26],"Toy Ornithopter":0,"TungstenRod":0,"Meat on the Bone":48},"card_choices":[{"not_picked":["CutThroughFate","EmptyFist"],"picked":"Adaptation","floor":6.0},{"not_picked":["DeceiveReality+1","PathToVictory+1"],"picked":"FearNoEvil","floor":14.0},{"not_picked":["Judgement+1","MasterReality","Vault+1"],"picked":"Establishment","floor":16.0},{"not_picked":["InnerPeace+1","Halt+1","SashWhip+1"],"picked":"Perseverance+1","floor":19.0},{"not_picked":["PathToVictory+1","FlyingSleeves","Wireheading"],"picked":"Blasphemy+1","floor":23.0},{"not_picked":["PathToVictory+1","SashWhip","EmptyFist","EmptyMind+1"],"picked":"SKIP","floor":27.0},{"not_picked":["Omniscience+1","Blasphemy+1","Brilliance"],"picked":"Wish+1","floor":33},{"not_picked":["FollowUp+1","Protect+1","WaveOfTheHand+1"],"picked":"Wish+1","floor":40},{"not_picked":["JustLucky+1","MentalFortress+1","Nirvana+1"],"picked":"Fasting2+1","floor":47},{"not_picked":["Study+1","Halt+1","SashWhip"],"picked":"Indignation+1","floor":56},{"not_picked":["Study+1","Swivel+1","JustLucky"],"picked":"ClearTheMind+1","floor":61}],"player_experience":230101,"relics_obtained":[{"floor":1.0,"key":"TeardropLocket"},{"floor":2.0,"key":"Shuriken"},{"floor":3.0,"key":"Bronze Scales"},{"floor":4.0,"key":"Matryoshka"},{"floor":6.0,"key":"Mercury Hourglass"},{"floor":9.0,"key":"Toxic Egg 2"},{"floor":9.0,"key":"Vajra"},{"floor":10.0,"key":"Meat on the Bone"},{"floor":13.0,"key":"Mummified Hand"},{"floor":14.0,"key":"Question Card"},{"floor":18.0,"key":"Incense Burner"},{"floor":19.0,"key":"Red Mask"},{"floor":21.0,"key":"MealTicket"},{"floor":22.0,"key":"The Courier"},{"floor":23.0,"key":"Potion Belt"},{"floor":25.0,"key":"Happy Flower"},{"floor":26.0,"key":"Anchor"},{"floor":26.0,"key":"Blood Vial"},{"floor":27.0,"key":"Smiling Mask"},{"floor":31.0,"key":"HornCleat"},{"floor":35,"key":"Ornamental Fan"},{"floor":36,"key":"Lizard Tail"},{"floor":38,"key":"CeramicFish"},{"floor":39,"key":"Bottled Tornado"},{"floor":40,"key":"Old Coin"},{"floor":41,"key":"Pear"},{"floor":43,"key":"Frozen Egg 2"},{"floor":45,"key":"Yang"},{"floor":46,"key":"Girya"},{"floor":47,"key":"Unceasing Top"},{"floor":48,"key":"Pen Nib"},{"floor":50,"key":"Bottled Lightning"},{"floor":51,"key":"Whetstone"},{"floor":53,"key":"Letter Opener"},{"floor":54,"key":"Bottled Flame"},{"floor":56,"key":"FossilizedHelix"},{"floor":58,"key":"Dead Branch"},{"floor":61,"key":"Ice Cream"},{"floor":62,"key":"TungstenRod"},{"floor":63,"key":"Boot"}],"event_choices":[{"damage_healed":0.0,"max_hp_gain":0.0,"max_hp_loss":0.0,"gold_gain":0.0,"event_name":"Golden Idol","player_choice":"Take Damage","floor":5.0,"gold_loss":0.0,"damage_taken":18.0,"relics_obtained":["Golden Idol"]},{"damage_healed":0.0,"max_hp_gain":0.0,"max_hp_loss":0.0,"gold_gain":0.0,"cards_transformed":["Study"],"event_name":"Living Wall","player_choice":"Change","floor":7.0,"gold_loss":0.0,"damage_taken":0.0,"cards_obtained":["FollowUp"]},{"damage_healed":0.0,"max_hp_gain":0.0,"max_hp_loss":0.0,"gold_gain":75.0,"event_name":"World of Goop","player_choice":"Gather Gold","floor":12.0,"gold_loss":0.0,"damage_taken":11.0},{"damage_healed":0.0,"max_hp_gain":0.0,"max_hp_loss":0.0,"gold_gain":0.0,"event_name":"Masked Bandits","player_choice":"Fought Bandits","floor":19.0,"gold_loss":0.0,"damage_taken":0.0},{"damage_healed":0.0,"max_hp_gain":0.0,"max_hp_loss":0.0,"gold_gain":0.0,"event_name":"Drug Dealer","player_choice":"Inject Mutagens","floor":20.0,"gold_loss":0.0,"damage_taken":0.0,"relics_obtained":["MutagenicStrength"]},{"damage_healed":0.0,"max_hp_gain":0.0,"max_hp_loss":0.0,"gold_gain":0.0,"event_name":"Ghosts","player_choice":"Ignored","floor":30.0,"gold_loss":0.0,"damage_taken":0.0},{"cards_removed":["ReachHeaven"],"damage_healed":0,"gold_gain":0,"player_choice":"Removal","damage_taken":0,"max_hp_gain":0,"max_hp_loss":0,"event_name":"Designer","floor":44,"gold_loss":90},{"damage_healed":0,"gold_gain":0,"player_choice":"Fight","damage_taken":0,"max_hp_gain":0,"max_hp_loss":0,"event_name":"Mysterious Sphere","floor":47,"gold_loss":0}],"is_beta":false,"boss_relics":[{"not_picked":["Busted Crown","Sozu"],"picked":"Philosopher\u0027s Stone"},{"not_picked":["Velvet Choker","VioletLotus"],"picked":"SlaversCollar"}],"items_purged_floors":[],"is_endless":false,"potions_floor_spawned":[2,10,14,18,21,22,27,31,38,39,46,47,48,53,54,56,61,62,63],"ascension_level":0}}