{"host":"6cjsh2hjzszjl3p1","time":1610040463,"event":{"mods":["BaseMod","Colored Map","Downfall","Minty Spire (QoL Compilation)","StSLib"],"gold_per_floor":[99,114,127,144,161,172,172,191,41,57,71,102,121,133,149,244,244,169,189,203,214,232,266,266,216,216,232,232,252,252,252],"floor_reached":29,"playtime":4016,"items_purged":[],"score":259,"play_id":"69f4c12f-7034-448d-824b-603081295bed","local_time":"20210108012743","is_ascension_mode":false,"campfire_choices":[{"floor":1.0,"key":"RECALL"},{"data":"hexamod:Float","floor":9.0,"key":"SMITH"},{"data":"hexamod:Again","floor":18.0,"key":"SMITH"},{"floor":26.0,"key":"REST"}],"circlet_count":0,"master_deck":["hexamod:Strike+1","hexamod:Strike","hexamod:Strike","hexamod:Strike","hexamod:Defend","hexamod:Defend","hexamod:Defend+1","hexamod:Defend","hexamod:Sear","hexamod:Float+1","expansioncontent:DecasProtection","hexamod:GhostOfSpireFuture+1","hexamod:ChargedBarrage","hexamod:AdvancingGuard","hexamod:ShieldOfDarkness","hexamod:Again+1","hexamod:Hexaguard+1","hexamod:SpectersWail","hexamod:StepThrough+1","hexamod:Rewind","hexamod:SixthSeal","hexamod:InspiringFlames+1","hexamod:GhostShield","hexamod:EmpoweringStance","hexamod:InspiringFlames+1","hexamod:GhostLash+1","hexamod:FirstSeal","hexamod:BacktrackSmack","hexamod:GhostflameInferno","hexamod:NightmareStrike+1"],"relics":["hexamod:SpiritBrand","downfall:HeartBlessingRed","downfall:HeartBlessingBlue","Gremlin Horn","Philosopher\u0027s Stone","downfall:HeartBlessingGreen","StoneCalendar","hexamod:InflammatoryLetter","MutagenicStrength"],"acts_visited":["Exordium","TheCity"],"potions_floor_usage":[],"damage_taken":[{"damage":0.0,"enemies":"Cultist","floor":2.0,"turns":5.0},{"damage":5.0,"enemies":"Jaw Worm","floor":3.0,"turns":3.0},{"damage":5.0,"enemies":"2 Louse","floor":4.0,"turns":3.0},{"damage":0.0,"enemies":"Lots of Slimes","floor":5.0,"turns":5.0},{"damage":0.0,"enemies":"Red Slaver","floor":6.0,"turns":4.0},{"damage":8.0,"enemies":"Exordium Wildlife","floor":8.0,"turns":8.0},{"damage":10.0,"enemies":"Lots of Slimes","floor":10.0,"turns":8.0},{"damage":6.0,"enemies":"Large Slime","floor":11.0,"turns":7.0},{"damage":7.0,"enemies":"Gremlin Nob","floor":12.0,"turns":5.0},{"damage":0.0,"enemies":"Exordium Thugs","floor":13.0,"turns":3.0},{"damage":1.0,"enemies":"2 Fungi Beasts","floor":14.0,"turns":4.0},{"damage":0.0,"enemies":"3 Louse","floor":15.0,"turns":3.0},{"damage":17.0,"enemies":"downfall:Watcher","floor":16.0,"turns":16.0},{"damage":24.0,"enemies":"Spheric Guardian","floor":19.0,"turns":8.0},{"damage":14.0,"enemies":"Sentry and Sphere","floor":20.0,"turns":7.0},{"damage":2.0,"enemies":"Shelled Parasite and Fungi","floor":21.0,"turns":8.0},{"damage":4.0,"enemies":"Centurion and Healer","floor":22.0,"turns":9.0},{"damage":36.0,"enemies":"Book of Stabbing","floor":23.0,"turns":7.0},{"damage":12.0,"enemies":"Snake Plant","floor":27.0,"turns":6.0},{"damage":7.0,"enemies":"Snecko","floor":29.0,"turns":7.0}],"seed_played":"-3417618273479814559","potions_obtained":[{"floor":4.0,"key":"Strength Potion"},{"floor":8.0,"key":"ColorlessPotion"},{"floor":10.0,"key":"Fire Potion"},{"floor":13.0,"key":"Slimebound:ThreeZeroPotion"},{"floor":14.0,"key":"SteroidPotion"},{"floor":21.0,"key":"Swift Potion"},{"floor":27.0,"key":"champ:CounterPotion"}],"is_trial":false,"path_per_floor":["R","M","M","M","M","M","T","M","R","M","M","E","M","M","M","B",null,"R","M","M","M","M","E","T","?","R","M","?","M"],"character_chosen":"THE_SPIRIT","items_purchased":[],"campfire_rested":1,"item_purchase_floors":[],"current_hp_per_floor":[70,70,65,60,60,60,60,52,62,52,46,39,39,38,38,21,80,80,56,42,40,43,14,14,44,68,63,63,63,63,63],"gold":252,"neow_bonus":"RANDOM_COLORLESS","is_daily":false,"chose_seed":false,"campfire_upgraded":2,"win_rate":0.0,"timestamp":1610040463,"path_taken":["R","M","M","?","M","M","T","M","R","M","M","E","M","M","M","BOSS","R","M","M","M","M","E","T","?","R","M","?","M"],"items_purchased_type":[],"build_version":"2020-12-22","purchased_purges":0,"victory":false,"max_hp_per_floor":[70,70,70,70,70,70,70,70,80,80,80,80,80,80,80,80,80,80,80,80,80,80,80,80,80,80,80,80,80,80,80],"card_choices":[{"not_picked":["Mind Blast","expansioncontent:SlimeTackle"],"picked":"expansioncontent:DecasProtection","floor":0.0},{"not_picked":["hexamod:NecessarySacrifice","hexamod:NightmareGuise"],"picked":"hexamod:GhostOfSpireFuture","floor":2.0},{"not_picked":["hexamod:GhostOfSpireFuture","hexamod:NightmareGuise"],"picked":"hexamod:ChargedBarrage","floor":3.0},{"not_picked":["hexamod:CatchUp","hexamod:HeatMetal"],"picked":"hexamod:AdvancingGuard","floor":4.0},{"not_picked":["hexamod:EtherealExpedition","hexamod:NightmareStrike"],"picked":"hexamod:ShieldOfDarkness","floor":5.0},{"not_picked":["hexamod:BacktrackSmack","hexamod:DynamicBlow"],"picked":"hexamod:Again","floor":6.0},{"not_picked":["hexamod:NightmareStrike","hexamod:AdvancingGuard"],"picked":"hexamod:Hexaguard","floor":8.0},{"not_picked":["hexamod:RainOfEmbers","hexamod:AdvancingGuard"],"picked":"hexamod:SpectersWail","floor":10.0},{"not_picked":["hexamod:GhostOfSpirePresent","hexamod:SwordOfDarkness"],"picked":"hexamod:StepThrough","floor":11.0},{"not_picked":["hexamod:HeatShield","hexamod:HauntingEcho"],"picked":"hexamod:Rewind","floor":12.0},{"not_picked":["hexamod:Again","hexamod:SpectersWail"],"picked":"hexamod:SixthSeal","floor":13.0},{"not_picked":["hexamod:Hexaguard","hexamod:ShieldOfDarkness"],"picked":"hexamod:InspiringFlames","floor":14.0},{"not_picked":["hexamod:Haunt","hexamod:NecessarySacrifice"],"picked":"hexamod:GhostShield","floor":15.0},{"not_picked":["hexamod:GhostflameInferno","hexamod:TimeOfNeed"],"picked":"hexamod:EmpoweringStance","floor":16.0},{"not_picked":["hexamod:FastForward","hexamod:SpectersWail"],"picked":"hexamod:InspiringFlames+1","floor":19.0},{"not_picked":["hexamod:BurningTouch","hexamod:Hexaguard"],"picked":"hexamod:GhostLash","floor":20.0},{"not_picked":["hexamod:Rewind","hexamod:ChargedBarrage+1"],"picked":"hexamod:FirstSeal","floor":21.0},{"not_picked":["hexamod:RetreatToShadows","hexamod:GhostLash+1"],"picked":"hexamod:BacktrackSmack","floor":22.0},{"not_picked":["hexamod:RecurringNightmare+1","hexamod:ThermalTransfer+1"],"picked":"hexamod:GhostflameInferno","floor":23.0},{"not_picked":["hexamod:GhostShield","hexamod:SpectralAdrenaline+1"],"picked":"hexamod:NightmareStrike+1","floor":27.0}],"player_experience":119190,"relics_obtained":[{"floor":12.0,"key":"Gremlin Horn"},{"floor":23.0,"key":"StoneCalendar"},{"floor":24.0,"key":"hexamod:InflammatoryLetter"}],"event_choices":[{"damage_healed":0.0,"max_hp_gain":0.0,"max_hp_loss":0.0,"gold_gain":0.0,"event_name":"Drug Dealer","player_choice":"Inject Mutagens","floor":28.0,"gold_loss":0.0,"damage_taken":0.0,"relics_obtained":["MutagenicStrength"]}],"is_beta":false,"boss_relics":[{"not_picked":["Black Star","Astrolabe"],"picked":"Philosopher\u0027s Stone"}],"items_purged_floors":[],"is_endless":false,"potions_floor_spawned":[4,8,10,11,13,14,21,27,29],"killed_by":"Snecko","ascension_level":0}}