{"host":"sc0o2qwpf9j16a4i","time":1610021440,"event":{"mods":["AchievementEnabler","BaseMod","BetterRewards","Block Reminder","Colored Map","Colored Powertips","Custom Start","Highlight Path","Minty Spire (QoL Compilation)","Relic Stats"],"gold_per_floor":[115,115,129,147,21,21,21,52,102,138,138,168,168,6,6,109,109,147,147,161,171,187,187,213,213,263,263,293,293,328,367,367,443,443,479,479,356,356,356],"floor_reached":38,"playtime":1007,"items_purged":["Strike_P"],"score":1280,"play_id":"dd19ad85-ae1f-404a-9642-98ce7cd6ddba","local_time":"20210107141040","is_ascension_mode":true,"campfire_choices":[{"floor":6.0,"key":"REST"},{"floor":11,"key":"REST"},{"floor":13,"key":"REST"},{"data":"1","floor":15,"key":"LIFT"},{"floor":23,"key":"REST"},{"floor":27,"key":"REST"},{"data":"2","floor":29,"key":"LIFT"},{"floor":32,"key":"REST"}],"circlet_count":0,"master_deck":["AscendersBane","Strike_P+1","Defend_P","Defend_P+1","Defend_P","Defend_P","Eruption","Vigilance","FlyingSleeves","Crescendo+1","BowlingBash","Protect","LikeWater+1","Wish","Tantrum","Conclude","LikeWater","Ragnarok","Halt","ThirdEye","CrushJoints","LikeWater","TalkToTheHand","Meditate","LessonLearned"],"relics":["HolyWater","Membership Card","Girya","Question Card","CaptainsWheel","TeardropLocket","Sling","War Paint","Whetstone","Regal Pillow","Ice Cream","GoldenEye","MutagenicStrength","Strawberry","Gremlin Horn","VioletLotus","Centennial Puzzle"],"acts_visited":["Exordium","TheCity","TheBeyond"],"potions_floor_usage":[10,10,24],"damage_taken":[{"damage":0.0,"enemies":"2 Louse","floor":1.0,"turns":3.0},{"damage":0.0,"enemies":"Cultist","floor":3.0,"turns":3.0},{"damage":0.0,"enemies":"Jaw Worm","floor":4.0,"turns":3.0},{"damage":32,"enemies":"Lagavulin","floor":8,"turns":5},{"damage":6,"enemies":"Exordium Thugs","floor":10,"turns":4},{"damage":0,"enemies":"Gremlin Nob","floor":12,"turns":2},{"damage":31,"enemies":"Slime Boss","floor":16,"turns":8},{"damage":0,"enemies":"Chosen","floor":18,"turns":3},{"damage":20,"enemies":"2 Thieves","floor":20,"turns":2},{"damage":8,"enemies":"Shelled Parasite and Fungi","floor":21,"turns":7},{"damage":20,"enemies":"Snake Plant","floor":22,"turns":3},{"damage":36,"enemies":"Gremlin Leader","floor":24,"turns":4},{"damage":0,"enemies":"Book of Stabbing","floor":28,"turns":5},{"damage":26,"enemies":"Slavers","floor":30,"turns":3},{"damage":0,"enemies":"3 Cultists","floor":31,"turns":5},{"damage":46,"enemies":"Champ","floor":33,"turns":8},{"damage":26,"enemies":"3 Shapes","floor":35,"turns":5},{"damage":0,"enemies":"3 Darklings","floor":38,"turns":1}],"seed_played":"-1507146233892946234","potions_obtained":[{"floor":1.0,"key":"SkillPotion"},{"floor":3.0,"key":"EssenceOfSteel"},{"floor":4.0,"key":"FearPotion"},{"floor":21,"key":"DistilledChaos"},{"floor":22,"key":"FairyPotion"},{"floor":24,"key":"SteroidPotion"}],"is_trial":false,"path_per_floor":["M","?","M","M","$","R","?","E","T","M","R","E","R","$","R","B",null,"M","?","M","M","M","R","E","?","T","R","E","R","E","M","R","B",null,"M","?","$","M"],"character_chosen":"WATCHER","items_purchased":["Membership Card","Girya","Question Card","CaptainsWheel","TeardropLocket","Sling","LikeWater","War Paint","Ice Cream","Centennial Puzzle"],"campfire_rested":6,"item_purchase_floors":[0,0,0,0,0,0,5,5,14,37],"current_hp_per_floor":[20,20,20,20,20,40,40,8,8,2,37,37,68,68,68,37,60,60,60,40,32,12,47,11,11,11,46,53,53,27,27,64,18,61,35,35,35,35,35],"gold":356,"neow_bonus":"","is_daily":false,"chose_seed":false,"campfire_upgraded":0,"win_rate":0.0,"timestamp":1610021440,"path_taken":["M","?","?","M","?","R","?","E","T","M","R","E","R","$","R","BOSS","M","?","M","M","?","R","E","?","T","R","E","R","E","M","R","BOSS","M","?","$","?"],"items_purchased_type":["Relic","Relic","Relic","Relic","Relic","Relic","Card","Relic","Relic","Relic"],"build_version":"2020-12-22","purchased_purges":1,"victory":false,"max_hp_per_floor":[68,68,68,68,68,68,68,68,68,68,68,68,68,68,68,68,68,68,68,68,68,68,68,68,68,68,68,75,75,75,75,75,75,75,75,75,75,75,75],"relic_stats":{"Regal Pillow":93,"Centennial Puzzle":[51],"Gremlin Horn":[4,4],"counters":[53,262],"VioletLotus":[2],"Whetstone":["TalkToTheHand","FollowUp","Strike_P","Strike_P"],"War Paint":["Defend_P","Crescendo"],"Question Card":17,"GoldenEye":[6],"obtain_stats":[{"Ice Cream":14,"Regal Pillow":30,"Singing Bowl":10,"Gremlin Horn":30,"Vajra":39,"TeardropLocket":5,"Whetstone":43,"Sling":37,"Old Coin":7,"ClockworkSouvenir":30,"Dream Catcher":9,"Centennial Puzzle":37,"Matryoshka":25,"Shovel":42,"Mummified Hand":7,"Strawberry":28,"Philosopher\u0027s Stone":34,"Fusion Hammer":17,"VioletLotus":34,"Kunai":14,"InkBottle":14,"Runic Pyramid":17,"Girya":40,"Damaru":26,"Oddly Smooth Stone":39,"War Paint":5,"Question Card":0,"GoldenEye":24,"White Beast Statue":10,"Anchor":26,"CaptainsWheel":0,"Shuriken":0,"Ornamental Fan":9,"MutagenicStrength":25,"HolyWater":17,"Black Star":0,"Membership Card":0,"PureWater":0},{"Ice Cream":41,"Regal Pillow":25,"Singing Bowl":4,"Gremlin Horn":49,"Vajra":29,"TeardropLocket":14,"Whetstone":31,"Sling":28,"Old Coin":4,"ClockworkSouvenir":25,"Dream Catcher":4,"Centennial Puzzle":52,"Matryoshka":24,"Shovel":31,"Mummified Hand":4,"Strawberry":48,"Philosopher\u0027s Stone":27,"Fusion Hammer":8,"VioletLotus":51,"Kunai":7,"InkBottle":7,"Runic Pyramid":20,"Girya":30,"Damaru":24,"Oddly Smooth Stone":29,"War Paint":38,"Question Card":35,"GoldenEye":47,"White Beast Statue":16,"Anchor":24,"CaptainsWheel":35,"Shuriken":10,"Ornamental Fan":15,"MutagenicStrength":47,"HolyWater":42,"Black Star":0,"Membership Card":35,"PureWater":0},{"Ice Cream":208,"Regal Pillow":126,"Singing Bowl":16,"Gremlin Horn":243,"Vajra":149,"TeardropLocket":62,"Whetstone":160,"Sling":145,"Old Coin":16,"ClockworkSouvenir":126,"Dream Catcher":16,"Centennial Puzzle":261,"Matryoshka":120,"Shovel":160,"Mummified Hand":16,"Strawberry":240,"Philosopher\u0027s Stone":140,"Fusion Hammer":38,"VioletLotus":256,"Kunai":30,"InkBottle":30,"Runic Pyramid":100,"Girya":155,"Damaru":120,"Oddly Smooth Stone":149,"War Paint":197,"Question Card":188,"GoldenEye":235,"White Beast Statue":75,"Anchor":120,"CaptainsWheel":188,"Shuriken":47,"Ornamental Fan":67,"MutagenicStrength":235,"HolyWater":216,"Black Star":0,"Membership Card":188,"PureWater":0}]},"card_choices":[{"not_picked":["FlurryOfBlows","MentalFortress","Crescendo"],"picked":"FlyingSleeves","floor":1.0},{"not_picked":["EmptyBody","Vengeance","PathToVictory"],"picked":"BowlingBash","floor":3.0},{"not_picked":["WreathOfFlame","FlurryOfBlows","Brilliance"],"picked":"Protect","floor":4.0},{"not_picked":["PathToVictory","ClearTheMind","FlyingSleeves"],"picked":"Tantrum","floor":8},{"not_picked":["ClearTheMind","Consecrate","PathToVictory"],"picked":"Conclude","floor":10},{"not_picked":["EmptyMind","PathToVictory","EmptyFist"],"picked":"LikeWater","floor":12},{"not_picked":["SpiritShield","Judgement","MasterReality"],"picked":"Ragnarok","floor":16},{"not_picked":["SashWhip","FlyingSleeves","EmptyMind"],"picked":"Halt","floor":18},{"not_picked":["Sanctity","PathToVictory","Evaluate"],"picked":"ThirdEye","floor":20},{"not_picked":["WaveOfTheHand","Worship","BattleHymn"],"picked":"CrushJoints","floor":21},{"not_picked":["WheelKick+1","EmptyBody","CutThroughFate"],"picked":"LikeWater","floor":22},{"not_picked":["EmptyMind","Prostrate","FollowUp"],"picked":"TalkToTheHand","floor":24},{"not_picked":["Devotion","SignatureMove","SashWhip"],"picked":"Meditate","floor":28},{"not_picked":["Weave+1","PathToVictory","Consecrate","FlyingSleeves"],"picked":"SKIP","floor":30},{"not_picked":["PathToVictory","Consecrate","ForeignInfluence","EmptyFist"],"picked":"SKIP","floor":31},{"not_picked":["Devotion","DeusExMachina","Ragnarok"],"picked":"LessonLearned","floor":33},{"not_picked":["CutThroughFate","Nirvana","EmptyMind","FlurryOfBlows+1"],"picked":"SKIP","floor":35}],"player_experience":567295,"relics_obtained":[{"floor":8,"key":"Whetstone"},{"floor":9,"key":"Regal Pillow"},{"floor":24,"key":"GoldenEye"},{"floor":28,"key":"Strawberry"},{"floor":30,"key":"Gremlin Horn"}],"event_choices":[{"damage_healed":0.0,"max_hp_gain":0.0,"max_hp_loss":0.0,"gold_gain":0.0,"cards_transformed":["Strike_P"],"event_name":"Transmorgrifier","player_choice":"Transformed","floor":2.0,"gold_loss":0.0,"damage_taken":0.0,"cards_obtained":["Crescendo"]},{"damage_healed":0,"gold_gain":0,"player_choice":"1 cards matched","damage_taken":0,"max_hp_gain":0,"max_hp_loss":0,"event_name":"Match and Keep!","floor":7,"gold_loss":0,"cards_obtained":["Wish"]},{"cards_removed":["Strike_P"],"damage_healed":0,"gold_gain":0,"player_choice":"Purged","damage_taken":0,"max_hp_gain":0,"max_hp_loss":0,"event_name":"Purifier","floor":19,"gold_loss":0},{"damage_healed":0,"gold_gain":0,"player_choice":"Inject Mutagens","damage_taken":0,"relics_obtained":["MutagenicStrength"],"max_hp_gain":0,"max_hp_loss":0,"event_name":"Drug Dealer","floor":25,"gold_loss":0},{"damage_healed":0,"gold_gain":0,"player_choice":"0 cards matched","damage_taken":0,"max_hp_gain":0,"max_hp_loss":0,"event_name":"Match and Keep!","floor":36,"gold_loss":0,"cards_obtained":[]}],"is_beta":false,"boss_relics":[{"not_picked":["Tiny House","Ectoplasm"],"picked":"HolyWater"},{"not_picked":["Runic Dome","Velvet Choker"],"picked":"VioletLotus"}],"items_purged_floors":[37],"is_endless":false,"potions_floor_spawned":[1,3,4,21,22,24,28,30,35],"killed_by":"3 Darklings","ascension_level":20}}