{"host":"6azrrw3tf7wb0f4b","time":1610006478,"event":{"mods":["BaseMod","DeckTracker","Minty Spire (QoL Compilation)","SuperFastMode"],"gold_per_floor":[111,129,145,145,34,34,34,68,93,116,116,141,182,206,206,206,206],"floor_reached":16,"playtime":324,"items_purged":["Strike_R"],"score":207,"play_id":"d3278733-4a7d-4546-9e2f-aa6174b978f9","local_time":"20210107170118","is_ascension_mode":true,"campfire_choices":[{"data":"Feel No Pain","floor":6,"key":"SMITH"},{"data":"Body Slam","floor":11,"key":"SMITH"},{"data":"True Grit","floor":15,"key":"SMITH"}],"circlet_count":0,"master_deck":["AscendersBane","Strike_R","Strike_R","Strike_R","Defend_R","Defend_R","Defend_R","Defend_R","Bash","Pummel","Hemokinesis","Feel No Pain+1","Anger","Body Slam+1","Limit Break","Flex","Flame Barrier","True Grit+1"],"relics":["Burning Blood","Charon\u0027s Ashes","Golden Idol","Ancient Tea Set","Regal Pillow","TungstenRod"],"acts_visited":["Exordium"],"potions_floor_usage":[8,12,12,16],"damage_taken":[{"damage":5,"enemies":"Small Slimes","floor":1,"turns":3},{"damage":9,"enemies":"2 Louse","floor":2,"turns":3},{"damage":1,"enemies":"Cultist","floor":3,"turns":3},{"damage":21,"enemies":"Lagavulin","floor":8,"turns":7},{"damage":3,"enemies":"Exordium Wildlife","floor":10,"turns":3},{"damage":7,"enemies":"Gremlin Gang","floor":12,"turns":4},{"damage":18,"enemies":"Gremlin Nob","floor":13,"turns":3},{"damage":3,"enemies":"Looter","floor":14,"turns":2},{"damage":34,"enemies":"Slime Boss","floor":16,"turns":9}],"seed_played":"-2754913624173213660","potions_obtained":[{"floor":1,"key":"HeartOfIron"},{"floor":8,"key":"LiquidMemories"},{"floor":10,"key":"Fire Potion"},{"floor":13,"key":"Explosive Potion"}],"is_trial":false,"path_per_floor":["M","M","M","?","$","R","?","E","T","M","R","M","E","M","R","B"],"character_chosen":"IRONCLAD","items_purchased":["Feel No Pain"],"campfire_rested":0,"item_purchase_floors":[5],"current_hp_per_floor":[51,48,53,53,53,53,53,38,38,41,41,40,28,31,31,0,0],"gold":206,"neow_bonus":"ONE_RARE_RELIC","is_daily":false,"chose_seed":false,"campfire_upgraded":3,"win_rate":0.0,"timestamp":1610006478,"path_taken":["M","M","M","?","$","R","?","E","T","M","R","M","E","M","R","BOSS"],"items_purchased_type":["Card"],"build_version":"2020-12-22","purchased_purges":1,"victory":false,"max_hp_per_floor":[75,75,75,68,68,68,68,68,68,68,68,68,68,68,68,68,68],"card_choices":[{"not_picked":["Combust","Dark Embrace"],"picked":"Pummel","floor":1},{"not_picked":["Sentinel","Cleave","Heavy Blade"],"picked":"SKIP","floor":2},{"not_picked":["Headbutt","Heavy Blade"],"picked":"Hemokinesis","floor":3},{"not_picked":["Heavy Blade","Twin Strike"],"picked":"Body Slam","floor":8},{"not_picked":["Perfected Strike","Wild Strike"],"picked":"Limit Break","floor":10},{"not_picked":["Hemokinesis","Dropkick"],"picked":"Flex","floor":12},{"not_picked":["Cleave","Shockwave"],"picked":"Flame Barrier","floor":13},{"not_picked":["Clash","Thunderclap"],"picked":"True Grit","floor":14}],"player_experience":680292,"relics_obtained":[{"floor":8,"key":"Ancient Tea Set"},{"floor":9,"key":"Regal Pillow"},{"floor":13,"key":"TungstenRod"}],"event_choices":[{"damage_healed":0,"gold_gain":0,"player_choice":"Lose Max HP","damage_taken":0,"relics_obtained":["Golden Idol"],"max_hp_gain":0,"max_hp_loss":7,"event_name":"Golden Idol","floor":4,"gold_loss":0},{"damage_healed":0,"gold_gain":0,"cards_transformed":["Strike_R"],"player_choice":"Transformed","damage_taken":0,"max_hp_gain":0,"max_hp_loss":0,"event_name":"Transmorgrifier","floor":7,"gold_loss":0,"cards_obtained":["Anger"]}],"is_beta":false,"boss_relics":[],"items_purged_floors":[5],"is_endless":false,"potions_floor_spawned":[1,8,10,13],"killed_by":"Slime Boss","ascension_level":17}}