{"host":"ekyl8r8j8fco3zlk","time":1610050183,"event":{"mods":["ATMod(阿瑾Mod)","Act Like it!","Arknights The Spire","BaseMod","CapriCore","Decade(王小明)","Friendly Minions","Gensokyo","GifTheSpireLib","Luminous","Marisa（霧雨　魔理沙）","Minty Spire (QoL Compilation)","READ ME - Guardian Mod","Rare Cards Sparkle","Reimu（博???）","StSLib","The Alterego","The Animator","The Immortal","Waifu the Spire","WarShipGirlsR/??少女R mod","【?物卡牌】REMEMod"],"gold_per_floor":[112,112,124,144,2,2,12,12,35,35,35,54,4,32,32,32,32],"floor_reached":16,"playtime":580,"items_purged":[],"score":100,"play_id":"edb9e532-b29f-40b2-9b77-e2b2cee23604","local_time":"20210108040942","is_ascension_mode":false,"campfire_choices":[{"data":"alterego_mod:DeftHands","floor":6.0,"key":"SMITH"},{"data":"REME_LeechingPoison","floor":8.0,"key":"SMITH"},{"data":"alterego_mod:Rip","floor":11.0,"key":"SMITH"},{"floor":15.0,"key":"REST"}],"circlet_count":0,"master_deck":["alterego_mod:Strike","alterego_mod:Strike","alterego_mod:Strike","alterego_mod:Strike","alterego_mod:Defend","alterego_mod:Defend","alterego_mod:Defend","alterego_mod:Defend","alterego_mod:Impale","alterego_mod:BigMeatyClaws","alterego_mod:BrynhildrsRune","alterego_mod:Rip","alterego_mod:Bounce","alterego_mod:DeftHands+1","alterego_mod:Weigh","REME_LeechingPoison+1","alterego_mod:SuperDuperMasochism","alterego_mod:Smother","alterego_mod:Rip+1","alterego_mod:Maid","alterego_mod:DeftHands","alterego_mod:MaintainEyeContact","alterego_mod:MagicResistance","alterego_mod:Vow","alterego_mod:GoddessCore"],"relics":["alterego_mod:MasochisticConstitution","AT_ATBox","REME_ComplimentaryCards","NeowsBlessing","Dream Catcher","AT_RedTearstoneRing"],"acts_visited":["Exordium"],"potions_floor_usage":[],"damage_taken":[{"damage":0.0,"enemies":"Jaw Worm","floor":1.0,"turns":1.0},{"damage":0.0,"enemies":"2 Louse","floor":3.0,"turns":1.0},{"damage":0.0,"enemies":"Small Slimes","floor":4.0,"turns":1.0},{"damage":19.0,"enemies":"Blue Slaver","floor":7.0,"turns":4.0},{"damage":20.0,"enemies":"Exordium Thugs","floor":12.0,"turns":5.0},{"damage":35.0,"enemies":"Lagavulin","floor":14.0,"turns":6.0},{"damage":30,"enemies":"The Guardian","floor":16,"turns":5}],"seed_played":"740152404695483813","potions_obtained":[{"floor":14.0,"key":"Ancient Potion"}],"is_trial":false,"path_per_floor":["M","?","M","M","$","R","M","R","T","?","R","M","$","E","R","B"],"character_chosen":"The_Alterego","items_purchased":["alterego_mod:Weigh","Strength Potion"],"campfire_rested":1,"item_purchase_floors":[5,13],"current_hp_per_floor":[70,70,70,70,70,70,54,54,54,54,54,42,42,8,29,0,0],"gold":32,"neow_bonus":"THREE_ENEMY_KILL","is_daily":false,"chose_seed":false,"campfire_upgraded":3,"win_rate":0.0,"timestamp":1610050182,"path_taken":["M","?","M","M","$","R","M","R","T","?","R","M","$","E","R","BOSS"],"items_purchased_type":["Card","Potion"],"build_version":"2020-12-22","purchased_purges":0,"victory":false,"max_hp_per_floor":[70,70,70,70,70,70,71,71,71,71,71,72,72,73,73,73,73],"card_choices":[{"not_picked":["alterego_mod:BiFurious","alterego_mod:Nekomimi"],"picked":"alterego_mod:Rip","floor":1.0},{"not_picked":["alterego_mod:DestructionOfProperty","alterego_mod:Schoolgirl"],"picked":"alterego_mod:Bounce","floor":3.0},{"not_picked":["alterego_mod:Schoolgirl","alterego_mod:Swimsuit"],"picked":"alterego_mod:DeftHands","floor":4.0},{"not_picked":["alterego_mod:PerceptionDisorder","alterego_mod:Punishment"],"picked":"alterego_mod:SuperDuperMasochism","floor":7.0},{"not_picked":["alterego_mod:Skirt","alterego_mod:Pet"],"picked":"alterego_mod:MagicResistance","floor":12.0},{"not_picked":["alterego_mod:SakuraPetals","alterego_mod:GoddessCore"],"picked":"alterego_mod:Vow","floor":14.0},{"not_picked":["alterego_mod:Table","alterego_mod:DestructionOfProperty"],"picked":"alterego_mod:GoddessCore","floor":15.0}],"player_experience":656168,"relics_obtained":[{"floor":9.0,"key":"Dream Catcher"},{"floor":14.0,"key":"AT_RedTearstoneRing"}],"event_choices":[{"damage_healed":0.0,"max_hp_gain":0.0,"max_hp_loss":0.0,"gold_gain":0.0,"event_name":"Golden Wing","player_choice":"Ignored","floor":2.0,"gold_loss":0.0,"damage_taken":0.0}],"is_beta":false,"boss_relics":[],"items_purged_floors":[],"is_endless":false,"potions_floor_spawned":[14],"killed_by":"The Guardian","ascension_level":0}}