{"host":"j4g6ia6asvpyu2b0","time":1610024407,"event":{"mods":["BaseMod","Colored Map","Minty Spire (QoL Compilation)","Permanent Neow","Quick Restart","Relic Stats","StSLib","Unceasing Turn Reminder"],"gold_per_floor":[114,132,132,132,153,153,191,466,489,512,551,575,594,634,634,760,760,779,477,576,595,615,650,650,683,683,707,707,707],"floor_reached":28,"playtime":1033,"items_purged":["Regret"],"score":378,"play_id":"fb3234a1-8910-4913-90e9-04c105a7a47b","local_time":"20210107060007","is_ascension_mode":true,"campfire_choices":[{"data":"Zap","floor":6,"key":"SMITH"},{"data":"Double Energy","floor":15,"key":"SMITH"},{"floor":24,"key":"REST"}],"circlet_count":0,"master_deck":["Strike_B","Strike_B","Strike_B","Defend_B","Defend_B","Defend_B","Defend_B","Zap+1","Dualcast","Glacier","Cold Snap","Conserve Battery","Capacitor","Double Energy+1","All For One","Cold Snap","Capacitor","Go for the Eyes","Tempest","Sweeping Beam","Electrodynamics","Coolheaded","Static Discharge+1","Loop","Recycle","Cold Snap+1","Defragment","Conserve Battery+1","Hologram+1","White Noise+1","Ball Lightning","Compile Driver+1"],"relics":["Cracked Core","Dead Branch","Golden Idol","DataDisk","PreservedInsect","Prayer Wheel","Cables","Fusion Hammer","OrangePellets","White Beast Statue","Letter Opener","Frozen Egg 2"],"acts_visited":["Exordium","TheCity"],"potions_floor_usage":[11,13,28],"damage_taken":[{"damage":0,"enemies":"Small Slimes","floor":1,"turns":2},{"damage":3,"enemies":"2 Louse","floor":2,"turns":3},{"damage":0,"enemies":"Cultist","floor":5,"turns":4},{"damage":7,"enemies":"3 Sentries","floor":7,"turns":6},{"damage":3,"enemies":"2 Fungi Beasts","floor":10,"turns":4},{"damage":7,"enemies":"Gremlin Nob","floor":11,"turns":3},{"damage":1,"enemies":"Red Slaver","floor":12,"turns":4},{"damage":4,"enemies":"Gremlin Gang","floor":13,"turns":5},{"damage":9,"enemies":"Lagavulin","floor":14,"turns":7},{"damage":6,"enemies":"Hexaghost","floor":16,"turns":8},{"damage":7,"enemies":"Shell Parasite","floor":18,"turns":5},{"damage":3,"enemies":"Spheric Guardian","floor":21,"turns":4},{"damage":0,"enemies":"Chosen and Byrds","floor":22,"turns":6},{"damage":27,"enemies":"Book of Stabbing","floor":23,"turns":4},{"damage":15,"enemies":"Gremlin Leader","floor":25,"turns":5},{"damage":2,"enemies":"3 Cultists","floor":27,"turns":4},{"damage":18,"enemies":"Snake Plant","floor":28,"turns":2}],"seed_played":"-1600308995581153818","potions_obtained":[{"floor":1,"key":"Energy Potion"},{"floor":2,"key":"FearPotion"},{"floor":11,"key":"SteroidPotion"},{"floor":14,"key":"FearPotion"},{"floor":25,"key":"Block Potion"},{"floor":27,"key":"LiquidBronze"}],"is_trial":false,"path_per_floor":["M","M","?","?","M","R","E","?","T","M","E","M","M","E","R","B",null,"M","$","?","M","M","E","R","E","T","M","M"],"character_chosen":"DEFECT","items_purchased":["OrangePellets","Loop"],"campfire_rested":1,"item_purchase_floors":[19,19],"current_hp_per_floor":[68,65,63,56,56,56,49,49,49,46,39,38,34,25,25,19,52,45,45,45,42,42,15,33,18,18,16,0,0],"gold":707,"neow_bonus":"ONE_RARE_RELIC","is_daily":false,"chose_seed":false,"campfire_upgraded":2,"win_rate":0.0,"timestamp":1610024407,"path_taken":["M","M","?","?","M","R","E","?","T","M","E","?","M","E","R","BOSS","M","$","?","M","M","E","R","E","T","M","M"],"items_purchased_type":["Relic","Card"],"build_version":"2020-12-22","purchased_purges":1,"victory":false,"max_hp_per_floor":[68,68,63,63,63,63,63,63,63,63,63,63,63,63,63,63,63,63,63,63,63,63,63,63,63,63,63,63,63],"relic_stats":{"OrangePellets":[3],"counters":[17,76],"Golden Idol":98,"Dead Branch":[29],"Prayer Wheel":6,"PreservedInsect":137,"Letter Opener":[26],"obtain_stats":[{"OrangePellets":19,"DataDisk":7,"Golden Idol":3,"Dead Branch":0,"Prayer Wheel":11,"PreservedInsect":9,"Fusion Hammer":17,"Letter Opener":25,"Frozen Egg 2":26,"Cracked Core":0,"White Beast Statue":23,"Cables":14},{"OrangePellets":11,"DataDisk":4,"Golden Idol":2,"Dead Branch":0,"Prayer Wheel":6,"PreservedInsect":4,"Fusion Hammer":10,"Letter Opener":15,"Frozen Egg 2":15,"Cracked Core":0,"White Beast Statue":14,"Cables":9},{"OrangePellets":51,"DataDisk":15,"Golden Idol":5,"Dead Branch":0,"Prayer Wheel":22,"PreservedInsect":15,"Fusion Hammer":46,"Letter Opener":70,"Frozen Egg 2":70,"Cracked Core":0,"White Beast Statue":65,"Cables":38}],"Cables":[33,24,9,0,0]},"card_choices":[{"not_picked":["Beam Cell","Reinforced Body"],"picked":"Glacier","floor":1},{"not_picked":["Chaos","Coolheaded"],"picked":"Cold Snap","floor":2},{"not_picked":["Hologram","Reinforced Body"],"picked":"Conserve Battery","floor":5},{"not_picked":["Go for the Eyes","Storm"],"picked":"Capacitor","floor":7},{"not_picked":["Compile Driver","Hologram"],"picked":"Double Energy","floor":10},{"not_picked":["Gash","Heatsinks"],"picked":"All For One","floor":11},{"not_picked":["Streamline","Redo"],"picked":"Cold Snap","floor":12},{"not_picked":["Hologram","Steam Power"],"picked":"Capacitor","floor":12},{"not_picked":["Force Field","Streamline"],"picked":"Go for the Eyes","floor":13},{"not_picked":["Turbo","Leap"],"picked":"Tempest","floor":13},{"not_picked":["Heatsinks","Steam Power"],"picked":"Sweeping Beam","floor":14},{"not_picked":["Core Surge","Meteor Strike"],"picked":"Electrodynamics","floor":16},{"not_picked":["Redo","Sweeping Beam"],"picked":"Coolheaded","floor":18},{"not_picked":["Turbo","Melter"],"picked":"Static Discharge+1","floor":18},{"not_picked":["Genetic Algorithm","Lockon"],"picked":"Recycle","floor":21},{"not_picked":["Barrage","Stack+1"],"picked":"Cold Snap+1","floor":21},{"not_picked":["Leap+1","Rebound"],"picked":"Defragment","floor":22},{"not_picked":["Rip and Tear","Gash"],"picked":"Conserve Battery+1","floor":22},{"not_picked":["Undo+1","Redo"],"picked":"Hologram+1","floor":23},{"not_picked":["Gash","Multi-Cast"],"picked":"White Noise+1","floor":25},{"not_picked":["Reprogram","Go for the Eyes"],"picked":"Ball Lightning","floor":27},{"not_picked":["Genetic Algorithm","Barrage"],"picked":"Compile Driver+1","floor":27}],"player_experience":745543,"relics_obtained":[{"floor":7,"key":"DataDisk"},{"floor":9,"key":"PreservedInsect"},{"floor":11,"key":"Prayer Wheel"},{"floor":14,"key":"Cables"},{"floor":23,"key":"White Beast Statue"},{"floor":25,"key":"Letter Opener"},{"floor":26,"key":"Frozen Egg 2"}],"event_choices":[{"damage_healed":0,"gold_gain":0,"player_choice":"Lose Max HP","damage_taken":0,"relics_obtained":["Golden Idol"],"max_hp_gain":0,"max_hp_loss":5,"event_name":"Golden Idol","floor":3,"gold_loss":0},{"cards_removed":["Strike_B"],"damage_healed":0,"gold_gain":0,"player_choice":"Card Removal","damage_taken":7,"max_hp_gain":0,"max_hp_loss":0,"event_name":"Golden Wing","floor":4,"gold_loss":0},{"damage_healed":0,"gold_gain":275,"player_choice":"Desecrate","damage_taken":0,"max_hp_gain":0,"max_hp_loss":0,"event_name":"Golden Shrine","floor":8,"gold_loss":0,"cards_obtained":["Regret"]},{"damage_healed":0,"gold_gain":99,"player_choice":"Stole From Cult","damage_taken":0,"max_hp_gain":0,"max_hp_loss":0,"event_name":"Nest","floor":20,"gold_loss":0}],"is_beta":false,"boss_relics":[{"not_picked":["Runic Dome","Pandora\u0027s Box"],"picked":"Fusion Hammer"}],"items_purged_floors":[19],"is_endless":false,"potions_floor_spawned":[1,2,11,14,25,27],"killed_by":"Snake Plant","ascension_level":7}}