{"host":"yp47u74hk6n79vj1","time":1610001344,"event":{"mods":["BaseMod","Colored Map","Highlight Path","Minty Spire (QoL Compilation)"],"gold_per_floor":[114,114,114,128,128,155,169,204,252,269,10,10,10,24,24,24,24],"floor_reached":16,"playtime":371,"items_purged":["Bash"],"score":155,"play_id":"b0ed0fbe-e0f7-48aa-b8ff-50c65418e2e2","local_time":"20210107013544","is_ascension_mode":true,"campfire_choices":[{"floor":13,"key":"RECALL"},{"floor":15,"key":"REST"}],"circlet_count":0,"master_deck":["Strike_R+1","Strike_R","Strike_R","Strike_R","Strike_R","Defend_R","Defend_R","Defend_R+1","Defend_R","Evolve","Body Slam+1","Demon Form","Inflame"],"relics":["Burning Blood","NeowsBlessing","Paper Frog","Bag of Marbles","Toy Ornithopter","WingedGreaves"],"acts_visited":["Exordium"],"potions_floor_usage":[8,16,16],"damage_taken":[{"damage":0,"enemies":"Small Slimes","floor":1,"turns":1},{"damage":0,"enemies":"2 Louse","floor":4,"turns":1},{"damage":0,"enemies":"3 Sentries","floor":6,"turns":1},{"damage":0,"enemies":"Jaw Worm","floor":7,"turns":3},{"damage":37,"enemies":"Lagavulin","floor":8,"turns":8},{"damage":49,"enemies":"Exordium Thugs","floor":10,"turns":5},{"damage":4,"enemies":"2 Fungi Beasts","floor":14,"turns":4},{"damage":58,"enemies":"Slime Boss","floor":16,"turns":8}],"seed_played":"7720326601333997909","potions_obtained":[{"floor":6,"key":"HeartOfIron"},{"floor":10,"key":"SkillPotion"},{"floor":14,"key":"BlessingOfTheForge"}],"is_trial":false,"path_per_floor":["M","?","?","M","?","E","M","E","T","M","$","?","R","M","R","B"],"character_chosen":"IRONCLAD","items_purchased":["Inflame","Fire Potion","Explosive Potion"],"campfire_rested":1,"item_purchase_floors":[11,11,11],"current_hp_per_floor":[80,85,68,74,74,80,85,54,54,11,11,11,11,13,38,0,0],"gold":24,"neow_bonus":"THREE_ENEMY_KILL","is_daily":false,"chose_seed":false,"campfire_upgraded":0,"win_rate":0.0,"timestamp":1610001344,"path_taken":["M","?","?","M","?","E","?","E","T","M","$","?","R","?","R","BOSS"],"items_purchased_type":["Card","Potion","Potion"],"build_version":"2020-12-22","purchased_purges":1,"victory":false,"max_hp_per_floor":[80,85,85,85,85,85,85,85,85,85,85,85,85,85,85,85,85],"card_choices":[{"not_picked":["Wild Strike","Uppercut"],"picked":"Evolve","floor":1},{"not_picked":["Carnage","Dark Embrace"],"picked":"Body Slam","floor":4},{"not_picked":["Double Tap","Carnage","Pummel"],"picked":"SKIP","floor":6},{"not_picked":["Pommel Strike","Headbutt","Perfected Strike"],"picked":"SKIP","floor":7},{"not_picked":["Sever Soul","Cleave"],"picked":"Demon Form","floor":8},{"not_picked":["Havoc","Rupture","Warcry"],"picked":"SKIP","floor":10},{"not_picked":["Carnage","Cleave","Shockwave"],"picked":"SKIP","floor":14}],"player_experience":606955,"relics_obtained":[{"floor":6,"key":"Paper Frog"},{"floor":8,"key":"Bag of Marbles"},{"floor":9,"key":"Toy Ornithopter"},{"floor":12,"key":"WingedGreaves"}],"event_choices":[{"damage_healed":0,"gold_gain":0,"player_choice":"Donut","damage_taken":0,"max_hp_gain":5,"max_hp_loss":0,"event_name":"Big Fish","floor":2,"gold_loss":0},{"damage_healed":0,"gold_gain":0,"player_choice":"Entered Light","damage_taken":17,"max_hp_gain":0,"max_hp_loss":0,"event_name":"Shining Light","floor":3,"gold_loss":0,"cards_upgraded":["Strike_R","Defend_R"]},{"damage_healed":0,"gold_gain":0,"player_choice":"Upgraded","damage_taken":0,"max_hp_gain":0,"max_hp_loss":0,"event_name":"Upgrade Shrine","floor":5,"gold_loss":0,"cards_upgraded":["Body Slam"]},{"damage_healed":0,"gold_gain":0,"player_choice":"Relic","damage_taken":0,"max_hp_gain":0,"max_hp_loss":0,"event_name":"Wheel of Change","floor":12,"gold_loss":0}],"is_beta":false,"boss_relics":[],"items_purged_floors":[11],"is_endless":false,"potions_floor_spawned":[6,10,14],"killed_by":"Slime Boss","ascension_level":3}}