{"host":"684z1xpuwaoqmmh1","time":1610028451,"event":{"mods":["BaseMod","Downfall","Hermit","Jorbs\u0027s Wanderer Trilogy","Marisa????????","Minty Spire (QoL Compilation)","StSLib","The Hierophant","The Mystic"],"gold_per_floor":[211,211,225,225,236,236,263,263,263,263,32,32,61,72,72,169,169,186,170,14,26,26,26],"floor_reached":22,"playtime":1051,"items_purged":["mysticmod:Defend_Mystic"],"score":390,"play_id":"824ab84d-e497-4348-8c8a-74ea9f91ab18","local_time":"20210107160731","is_ascension_mode":true,"campfire_choices":[{"data":"mysticmod:ShockingGrasp","floor":6.0,"key":"SMITH"},{"data":"mysticmod:BladedDash","floor":8.0,"key":"SMITH"},{"data":"mysticmod:ArcaneDodge","floor":10.0,"key":"SMITH"},{"data":"mysticmod:EnchantedMoulinet","floor":12.0,"key":"SMITH"},{"data":"mysticmod:ArcaneAccuracy","floor":15.0,"key":"SMITH"}],"circlet_count":0,"master_deck":["AscendersBane","mysticmod:Strike_Mystic","mysticmod:Strike_Mystic","mysticmod:Strike_Mystic","mysticmod:Defend_Mystic","mysticmod:Defend_Mystic","mysticmod:Defend_Mystic","mysticmod:ArcaneDodge+1","mysticmod:ShockingGrasp+1","mysticmod:DiviningBlow","mysticmod:Riposte","mysticmod:EbbAndFlow","mysticmod:EarthenWall","mysticmod:BladedDash+1","mysticmod:EnchantedMoulinet+1","mysticmod:ArcaneAccuracy+1","mysticmod:FiveFootStep","mysticmod:SpellCombat","mysticmod:ClosingBarrage","mysticmod:Flurry","mysticmod:PowerSlash","mysticmod:CorrosiveTouch"],"relics":["mysticmod:SpellBook","Gremlin Horn","Shuriken","SlaversCollar","Oddly Smooth Stone"],"acts_visited":["Exordium","TheCity"],"potions_floor_usage":[22,22],"damage_taken":[{"damage":0.0,"enemies":"2 Louse","floor":1.0,"turns":3.0},{"damage":3.0,"enemies":"Small Slimes","floor":3.0,"turns":3.0},{"damage":0.0,"enemies":"Cultist","floor":5.0,"turns":4.0},{"damage":22.0,"enemies":"Gremlin Nob","floor":7.0,"turns":4.0},{"damage":4.0,"enemies":"Lagavulin","floor":13.0,"turns":7.0},{"damage":1.0,"enemies":"2 Fungi Beasts","floor":14.0,"turns":3.0},{"damage":0.0,"enemies":"Hexaghost","floor":16.0,"turns":8.0},{"damage":11.0,"enemies":"Spheric Guardian","floor":18.0,"turns":4.0},{"damage":17,"enemies":"2 Thieves","floor":19,"turns":4},{"damage":44,"enemies":"Snecko","floor":21,"turns":7},{"damage":1,"enemies":"Snake Plant","floor":22,"turns":1}],"seed_played":"-1100246395525749192","potions_obtained":[{"floor":1.0,"key":"Dexterity Potion"},{"floor":14.0,"key":"hexamod:EctoCoolerPotion"},{"floor":16.0,"key":"champ:CounterPotion"},{"floor":18.0,"key":"Ancient Potion"},{"floor":21,"key":"SteroidPotion"}],"is_trial":false,"path_per_floor":["M","?","M","?","M","R","E","R","T","R","$","R","E","M","R","B",null,"M","M","$","M","M"],"character_chosen":"MYSTIC_CLASS","items_purchased":["mysticmod:EnchantedMoulinet","mysticmod:ArcaneAccuracy","Oddly Smooth Stone"],"campfire_rested":0,"item_purchase_floors":[11,11,20],"current_hp_per_floor":[69,74,71,71,71,71,49,49,49,49,49,49,45,44,44,44,73,62,45,45,1,0,0],"gold":26,"neow_bonus":"HUNDRED_GOLD","is_daily":false,"chose_seed":false,"campfire_upgraded":5,"win_rate":0.0,"timestamp":1610028451,"path_taken":["M","?","M","?","M","R","E","R","T","R","$","R","E","M","R","BOSS","M","M","$","M","?"],"items_purchased_type":["Card","Card","Relic"],"build_version":"2020-12-22","purchased_purges":1,"victory":false,"max_hp_per_floor":[77,82,82,82,82,82,82,82,82,82,82,82,82,82,82,82,82,82,82,82,82,82,82],"card_choices":[{"not_picked":["mysticmod:PowerAttack","mysticmod:ComponentsPouch"],"picked":"mysticmod:DiviningBlow","floor":1.0},{"not_picked":["mysticmod:SpellCombat","mysticmod:DiviningBlow"],"picked":"mysticmod:Riposte","floor":3.0},{"not_picked":["mysticmod:VorpalThrust","mysticmod:EbbAndFlow"],"picked":"mysticmod:EarthenWall","floor":5.0},{"not_picked":["mysticmod:Fireball","mysticmod:FiveFootStep"],"picked":"mysticmod:BladedDash","floor":7.0},{"not_picked":["mysticmod:Disintegrate","mysticmod:HeavyStrike"],"picked":"mysticmod:FiveFootStep","floor":13.0},{"not_picked":["mysticmod:Shield","mysticmod:Disengage"],"picked":"mysticmod:SpellCombat","floor":14.0},{"not_picked":["mysticmod:Doublecast","mysticmod:Natural20"],"picked":"mysticmod:ClosingBarrage","floor":16.0},{"not_picked":["mysticmod:SuddenClarity","mysticmod:Shield"],"picked":"mysticmod:Flurry","floor":18.0},{"not_picked":["mysticmod:Alacrity","mysticmod:PowerAttack"],"picked":"mysticmod:PowerSlash","floor":19},{"not_picked":["mysticmod:Disengage","mysticmod:MirrorStrike"],"picked":"mysticmod:CorrosiveTouch","floor":21}],"player_experience":2414753,"relics_obtained":[{"floor":7.0,"key":"Gremlin Horn"},{"floor":13.0,"key":"Shuriken"}],"event_choices":[{"damage_healed":0.0,"max_hp_gain":5.0,"max_hp_loss":0.0,"gold_gain":0.0,"event_name":"Big Fish","player_choice":"Donut","floor":2.0,"gold_loss":0.0,"damage_taken":0.0},{"damage_healed":0.0,"max_hp_gain":0.0,"max_hp_loss":0.0,"gold_gain":0.0,"cards_transformed":["mysticmod:Strike_Mystic"],"event_name":"Transmorgrifier","player_choice":"Transformed","floor":4.0,"gold_loss":0.0,"damage_taken":0.0,"cards_obtained":["mysticmod:EbbAndFlow"]}],"is_beta":false,"boss_relics":[{"not_picked":["Velvet Choker","mysticmod:DeckOfManyThings"],"picked":"SlaversCollar"}],"items_purged_floors":[11],"is_endless":false,"potions_floor_spawned":[1,14,16,18,21],"killed_by":"Snake Plant","ascension_level":12}}