{"host":"sc0o2qwpf9j16a4i","time":1610014293,"event":{"mods":["AchievementEnabler","BaseMod","BetterRewards","Block Reminder","Colored Map","Colored Powertips","Custom Start","Highlight Path","Minty Spire (QoL Compilation)","Relic Stats"],"gold_per_floor":[115,135,135,135,150,150,170,191,191,191,61,61,61,100,100,191,191,204,119,119,142,142,178,178,216,266,309,309,327,347,369,369,468,468,482,64,88,156,156,156,190,190,236,270,314,335,335,356,356,356,356,356,356,37,75,75,75],"floor_reached":56,"playtime":2395,"items_purged":["Strike_B","Strike_B+1"],"score":2374,"play_id":"03064d34-33f5-40a4-9175-af4374da8066","local_time":"20210107121133","is_ascension_mode":true,"campfire_choices":[{"data":"Ball Lightning","floor":6.0,"key":"SMITH"},{"data":"Barrage","floor":10.0,"key":"SMITH"},{"data":"Capacitor","floor":12.0,"key":"SMITH"},{"data":"Barrage","floor":15.0,"key":"SMITH"},{"floor":24.0,"key":"REST"},{"floor":28,"key":"REST"},{"floor":32,"key":"REST"},{"data":"Defragment","floor":40,"key":"SMITH"},{"floor":42,"key":"RECALL"},{"data":"Coolheaded","floor":47,"key":"SMITH"},{"data":"Coolheaded","floor":49,"key":"SMITH"},{"data":"Static Discharge","floor":53,"key":"SMITH"}],"circlet_count":0,"master_deck":["AscendersBane","Strike_B+1","Defend_B+1","Defend_B+1","Defend_B+1","Defend_B+1","Zap","Dualcast","Ball Lightning+1","Coolheaded+1","Capacitor+1","Static Discharge+1","Barrage+1","Coolheaded+1","Barrage+1","Force Field","Consume","Genetic Algorithm","Electrodynamics","Defragment+1","Glacier","Meteor Strike","Meteor Strike","Conserve Battery+1","Coolheaded","Compile Driver","Compile Driver","Recycle"],"relics":["Cracked Core","Eternal Feather","Golden Idol","Anchor","Sundial","DataDisk","Snecko Eye","Gremlin Horn","Cables","HornCleat","Akabeko","CeramicFish","Black Star","Centennial Puzzle","Calipers","Symbiotic Virus","Oddly Smooth Stone","Runic Capacitor","Happy Flower","Emotion Chip","Toy Ornithopter"],"acts_visited":["Exordium","TheCity","TheBeyond","TheEnding"],"potions_floor_usage":[25,27,31,38,51,56],"damage_taken":[{"damage":2.0,"enemies":"Jaw Worm","floor":1.0,"turns":3.0},{"damage":9.0,"enemies":"Small Slimes","floor":2.0,"turns":4.0},{"damage":2.0,"enemies":"2 Louse","floor":5.0,"turns":2.0},{"damage":7.0,"enemies":"Exordium Thugs","floor":7.0,"turns":5.0},{"damage":11.0,"enemies":"Looter","floor":8.0,"turns":4.0},{"damage":17.0,"enemies":"Lagavulin","floor":14.0,"turns":7.0},{"damage":22.0,"enemies":"Hexaghost","floor":16.0,"turns":7.0},{"damage":30.0,"enemies":"Shell Parasite","floor":18.0,"turns":6.0},{"damage":7.0,"enemies":"Spheric Guardian","floor":21.0,"turns":4.0},{"damage":68.0,"enemies":"Slavers","floor":23.0,"turns":4.0},{"damage":26,"enemies":"Gremlin Leader","floor":25,"turns":6},{"damage":8,"enemies":"Slavers","floor":27,"turns":3},{"damage":9,"enemies":"Snake Plant","floor":29,"turns":3},{"damage":9,"enemies":"Cultist and Chosen","floor":30,"turns":4},{"damage":1,"enemies":"Sentry and Sphere","floor":31,"turns":5},{"damage":32,"enemies":"Collector","floor":33,"turns":8},{"damage":0,"enemies":"3 Shapes","floor":35,"turns":4},{"damage":0,"enemies":"Orb Walker","floor":37,"turns":3},{"damage":0,"enemies":"2 Orb Walkers","floor":38,"turns":3},{"damage":0,"enemies":"Spire Growth","floor":41,"turns":4},{"damage":0,"enemies":"Transient","floor":44,"turns":6},{"damage":8,"enemies":"Nemesis","floor":45,"turns":7},{"damage":0,"enemies":"Jaw Worm Horde","floor":46,"turns":3},{"damage":0,"enemies":"Sphere and 2 Shapes","floor":48,"turns":4},{"damage":9,"enemies":"Time Eater","floor":50,"turns":14},{"damage":18,"enemies":"Awakened One","floor":51,"turns":12},{"damage":0,"enemies":"Shield and Spear","floor":55,"turns":4},{"damage":77,"enemies":"The Heart","floor":56,"turns":3}],"seed_played":"437491916783934638","potions_obtained":[{"floor":7.0,"key":"Strength Potion"},{"floor":16.0,"key":"PowerPotion"},{"floor":25,"key":"PowerPotion"},{"floor":27,"key":"Energy Potion"},{"floor":29,"key":"SneckoOil"},{"floor":35,"key":"ColorlessPotion"},{"floor":37,"key":"PotionOfCapacity"},{"floor":45,"key":"BlessingOfTheForge"},{"floor":55,"key":"Explosive Potion"}],"is_trial":false,"path_per_floor":["M","M","?","?","M","R","M","M","T","R","$","R","T","E","R","B",null,"M","?","?","M","?","E","R","E","T","E","R","M","M","M","R","B",null,"M","$","M","?","?","R","M","R","T","M","E","M","R","M","R","B","B",null,"R","$","E","B"],"character_chosen":"DEFECT","items_purchased":["Ball Lightning","Eternal Feather","Weak Potion","Meteor Strike","Centennial Puzzle","Runic Capacitor","Happy Flower"],"campfire_rested":3,"item_purchase_floors":[0,0,11,36,36,54,54],"current_hp_per_floor":[52,43,43,43,41,50,43,32,32,41,41,50,50,33,42,20,53,23,23,23,16,74,6,40,14,14,6,40,31,22,21,55,23,61,61,61,61,61,61,74,74,74,74,74,66,66,74,74,74,65,47,67,74,74,74,0,0],"gold":75,"neow_bonus":"","is_daily":false,"chose_seed":false,"campfire_upgraded":8,"win_rate":0.0,"timestamp":1610014293,"path_taken":["M","M","?","?","M","R","M","M","T","R","$","R","?","E","R","BOSS","M","?","?","?","?","E","R","E","T","E","R","M","M","M","R","BOSS","M","$","M","?","?","R","?","R","T","M","E","M","R","M","R","BOSS","BOSS","R","$","E","BOSS"],"items_purchased_type":["Card","Relic","Potion","Card","Relic","Relic","Relic"],"build_version":"2020-12-22","purchased_purges":2,"victory":false,"max_hp_per_floor":[71,71,71,64,64,64,64,64,64,64,64,64,64,64,64,64,64,64,64,64,64,74,74,74,74,74,74,74,74,74,74,74,74,74,74,74,74,74,74,74,74,74,74,74,74,74,74,74,74,74,74,74,74,74,74,74,74],"relic_stats":{"Gremlin Horn":[23,24],"Happy Flower":[2],"counters":[44,219],"Golden Idol":186,"CeramicFish":117,"Eternal Feather":100,"Cables":[85,50,19,0,16],"Centennial Puzzle":[36],"Emotion Chip":[5,5,0,0,0],"Sundial":[30],"Snecko Eye":[234,223,286,214],"Black Star":2,"obtain_stats":[{"Calipers":38,"Gremlin Horn":19,"CeramicFish":27,"Runic Capacitor":54,"Centennial Puzzle":36,"Emotion Chip":55,"HornCleat":25,"Sundial":13,"Cracked Core":0,"InkBottle":10,"Happy Flower":54,"Golden Idol":3,"Oddly Smooth Stone":12,"Eternal Feather":0,"War Paint":9,"MawBank":7,"Akabeko":26,"Cables":23,"OrangePellets":11,"Anchor":9,"DataDisk":14,"Snecko Eye":17,"Black Star":34,"Symbiotic Virus":45,"FossilizedHelix":13,"Toy Ornithopter":55},{"Calipers":35,"Gremlin Horn":24,"CeramicFish":28,"Runic Capacitor":42,"Centennial Puzzle":33,"Emotion Chip":43,"HornCleat":27,"Sundial":21,"Cracked Core":0,"InkBottle":6,"Happy Flower":42,"Golden Idol":2,"Oddly Smooth Stone":12,"Eternal Feather":16,"War Paint":5,"MawBank":10,"Akabeko":27,"Cables":26,"OrangePellets":6,"Anchor":21,"DataDisk":22,"Snecko Eye":15,"Black Star":32,"Symbiotic Virus":38,"FossilizedHelix":13,"Toy Ornithopter":43},{"Calipers":162,"Gremlin Horn":115,"CeramicFish":132,"Runic Capacitor":212,"Centennial Puzzle":156,"Emotion Chip":216,"HornCleat":129,"Sundial":95,"Cracked Core":0,"InkBottle":24,"Happy Flower":212,"Golden Idol":6,"Oddly Smooth Stone":48,"Eternal Feather":77,"War Paint":17,"MawBank":41,"Akabeko":129,"Cables":123,"OrangePellets":24,"Anchor":95,"DataDisk":102,"Snecko Eye":74,"Black Star":152,"Symbiotic Virus":179,"FossilizedHelix":58,"Toy Ornithopter":216}],"Toy Ornithopter":0},"card_choices":[{"not_picked":["Turbo","Beam Cell"],"picked":"Coolheaded","floor":1.0},{"not_picked":["Consume","BootSequence"],"picked":"Capacitor","floor":2.0},{"not_picked":["Coolheaded","Fusion"],"picked":"Static Discharge","floor":5.0},{"not_picked":["Ball Lightning","Leap"],"picked":"Barrage","floor":7.0},{"not_picked":["Beam Cell","Rebound"],"picked":"Coolheaded","floor":8.0},{"not_picked":["Force Field","Hologram"],"picked":"Barrage","floor":14.0},{"not_picked":["Meteor Strike","All For One"],"picked":"Reboot","floor":16.0},{"not_picked":["Steam Power","Fusion"],"picked":"Force Field","floor":18.0},{"not_picked":["Compile Driver+1","Turbo+1"],"picked":"Consume","floor":21.0},{"not_picked":["Rebound","Compile Driver"],"picked":"Genetic Algorithm","floor":23.0},{"not_picked":["Cold Snap","Heatsinks"],"picked":"Electrodynamics","floor":25},{"not_picked":["Rip and Tear","Melter"],"picked":"Defragment","floor":27},{"not_picked":["Rebound","Reprogram+1","Darkness"],"picked":"SKIP","floor":29},{"not_picked":["Rebound","Reprogram+1","Darkness"],"picked":"SKIP","floor":29},{"not_picked":["Rip and Tear","Melter","Blizzard"],"picked":"SKIP","floor":30},{"not_picked":["Ball Lightning","Compile Driver"],"picked":"Glacier","floor":31},{"not_picked":["Rainbow","Buffer"],"picked":"Meteor Strike","floor":33},{"not_picked":["Aggregate","Cold Snap","FTL"],"picked":"SKIP","floor":35},{"not_picked":["Streamline","Rebound"],"picked":"Conserve Battery+1","floor":37},{"not_picked":["Scrape","Skim+1"],"picked":"Coolheaded","floor":38},{"not_picked":["White Noise+1","Redo"],"picked":"Compile Driver","floor":41},{"not_picked":["Cold Snap","Melter"],"picked":"Compile Driver","floor":44},{"not_picked":["Leap+1","Gash+1"],"picked":"Recycle","floor":45},{"not_picked":["Scrape+1","Rip and Tear","Streamline"],"picked":"SKIP","floor":46},{"not_picked":["Steam","Undo","Redo"],"picked":"SKIP","floor":48},{"not_picked":["Steam","Turbo","BootSequence"],"picked":"SKIP","floor":55}],"player_experience":558878,"relics_obtained":[{"floor":9.0,"key":"Anchor"},{"floor":13.0,"key":"Sundial"},{"floor":14.0,"key":"DataDisk"},{"floor":23.0,"key":"Cables"},{"floor":25,"key":"HornCleat"},{"floor":26,"key":"Akabeko"},{"floor":27,"key":"CeramicFish"},{"floor":38,"key":"Calipers"},{"floor":45,"key":"Symbiotic Virus"},{"floor":45,"key":"Oddly Smooth Stone"},{"floor":55,"key":"Emotion Chip"},{"floor":55,"key":"Toy Ornithopter"}],"event_choices":[{"damage_healed":0.0,"max_hp_gain":0.0,"max_hp_loss":0.0,"gold_gain":0.0,"event_name":"Liars Game","player_choice":"Ignored","floor":3.0,"gold_loss":0.0,"damage_taken":0.0},{"damage_healed":0.0,"max_hp_gain":0.0,"max_hp_loss":7.0,"gold_gain":0.0,"event_name":"Golden Idol","player_choice":"Lose Max HP","floor":4.0,"gold_loss":0.0,"damage_taken":0.0,"relics_obtained":["Golden Idol"]},{"damage_healed":0.0,"max_hp_gain":0.0,"max_hp_loss":0.0,"gold_gain":0.0,"event_name":"Addict","player_choice":"Obtained Relic","floor":19.0,"gold_loss":85.0,"damage_taken":0.0,"relics_obtained":["Gremlin Horn"]},{"damage_healed":0.0,"max_hp_gain":0.0,"max_hp_loss":0.0,"gold_gain":0.0,"event_name":"Back to Basics","player_choice":"Simplicity","floor":20.0,"gold_loss":0.0,"damage_taken":0.0,"cards_upgraded":["Strike_B","Strike_B","Strike_B","Defend_B","Defend_B","Defend_B","Defend_B"]},{"cards_removed":["Reboot"],"damage_healed":48.0,"max_hp_gain":10.0,"max_hp_loss":0.0,"gold_gain":0.0,"event_name":"Bonfire Elementals","player_choice":"Offered Rare","floor":22.0,"gold_loss":0.0,"damage_taken":0.0},{"damage_healed":0,"gold_gain":0,"player_choice":"Fight","damage_taken":0,"max_hp_gain":0,"max_hp_loss":0,"event_name":"Mysterious Sphere","floor":38,"gold_loss":0},{"cards_removed":["Strike_B"],"damage_healed":0,"gold_gain":0,"player_choice":"Purged","damage_taken":0,"max_hp_gain":0,"max_hp_loss":0,"event_name":"Purifier","floor":39,"gold_loss":0}],"is_beta":false,"boss_relics":[{"not_picked":["Empty Cage","Nuclear Battery"],"picked":"Snecko Eye"},{"not_picked":["Cursed Key","Fusion Hammer"],"picked":"Black Star"}],"items_purged_floors":[11,36],"is_endless":false,"potions_floor_spawned":[7,16,25,27,29,30,35,37,45,55],"killed_by":"The Heart","ascension_level":20}}