{"host":"5dk97cf2ubw2v967","time":1610011320,"event":{"mods":["AlwaysNeverKeys","BaseMod","Better Altar","Better Vampires","Block Reminder","Colored Powertips","Downfall","Googly Eyes","Highlight Path","Minty Spire (QoL Compilation)","Permanent Neow","Potion Indicator Mod","Quick Restart","Relic Filter","Relic Stats","Say the Spire","Spicy Shops","StSLib","Waifu the Spire","everything is the same but u backflip on backflip"],"gold_per_floor":[99,115,25,125,125,140,140,158,83,22,36,67,67,99,110,110,110,110],"floor_reached":16,"playtime":962,"items_purged":["Guardian:Strike_Guardian"],"score":220,"play_id":"9310e13d-9a66-445b-9f36-8a23a00a1c7d","local_time":"20210107092200","is_ascension_mode":true,"campfire_choices":[{"floor":1,"key":"RECALL"},{"floor":9,"key":"REST"}],"circlet_count":0,"master_deck":["AscendersBane","Guardian:Strike_Guardian","Guardian:Strike_Guardian","Guardian:Strike_Guardian+1","Guardian:Defend_Guardian+1","Guardian:Defend_Guardian","Guardian:Defend_Guardian","Guardian:Defend_Guardian","Guardian:CurlUp","Guardian:TwinSlam","Guardian:TimeSifter","Guardian:PrimingBeam","Guardian:PrimingBeam","Guardian:ExploitGems","Guardian:BronzeOrb","Guardian:Gem_White","Guardian:Orbwalk+1","Guardian:Gem_Green","Regret","Guardian:BronzeOrb","Guardian:Incinerate"],"relics":["Guardian:ModeShifter","Ginger","downfall:HeartBlessingRed","Meat on the Bone","Dead Branch"],"acts_visited":["Exordium"],"potions_floor_usage":[12,14],"damage_taken":[{"damage":2,"enemies":"2 Louse","floor":2,"turns":3},{"damage":0,"enemies":"downfall:FleeingMerchant","floor":3,"turns":4},{"damage":7,"enemies":"Jaw Worm","floor":6,"turns":4},{"damage":1,"enemies":"Cultist","floor":8,"turns":4},{"damage":5,"enemies":"downfall:FleeingMerchant","floor":10,"turns":4},{"damage":0,"enemies":"Red Slaver","floor":11,"turns":4},{"damage":5,"enemies":"3 Sentries","floor":12,"turns":8},{"damage":34,"enemies":"Gremlin Nob","floor":14,"turns":5},{"damage":2,"enemies":"Large Slime","floor":15,"turns":4},{"damage":38,"enemies":"downfall:Silent","floor":16,"turns":8}],"seed_played":"-4540521340110523238","potions_obtained":[{"floor":2,"key":"AttackPotion"},{"floor":6,"key":"BlessingOfTheForge"}],"is_trial":false,"path_per_floor":["R","M","$","?","?","M","T","M","R","$","M","E","?","E","M","B"],"character_chosen":"GUARDIAN","items_purchased":["Guardian:Gem_White","Guardian:Orbwalk"],"campfire_rested":1,"item_purchase_floors":[10,10],"current_hp_per_floor":[65,63,63,63,63,56,56,55,72,67,67,62,62,40,38,0,0,0],"gold":110,"neow_bonus":"ONE_RANDOM_RARE_CARD","is_daily":false,"chose_seed":false,"campfire_upgraded":0,"win_rate":0.0,"timestamp":1610011320,"path_taken":["R","M","$","?","?","?","T","M","R","?","M","E","?","E","M","BOSS"],"items_purchased_type":["Card","Card"],"build_version":"2020-12-22","purchased_purges":1,"victory":false,"max_hp_per_floor":[72,72,72,72,72,72,72,72,72,72,72,72,72,72,72,72,72,72],"relic_stats":{"counters":[10,48],"Dead Branch":[12],"Ginger":[3],"obtain_stats":[{"downfall:HeartBlessingRed":9,"Dead Branch":14,"Guardian:ModeShifter":0,"Ginger":7,"Meat on the Bone":12},{"downfall:HeartBlessingRed":4,"Dead Branch":8,"Guardian:ModeShifter":0,"Ginger":3,"Meat on the Bone":7},{"downfall:HeartBlessingRed":15,"Dead Branch":36,"Guardian:ModeShifter":0,"Ginger":11,"Meat on the Bone":31}],"Meat on the Bone":12},"card_choices":[{"not_picked":["Guardian:Repulse","Guardian:VentSteam"],"picked":"Guardian:PrimingBeam","floor":2},{"not_picked":["Guardian:Gem_Green","Guardian:Planning"],"picked":"Guardian:PrimingBeam","floor":3},{"not_picked":["Guardian:WalkerClaw","Guardian:TemporalShield"],"picked":"Guardian:Gem_Cyan","floor":6},{"not_picked":["Guardian:Gem_Green","Guardian:RollAttack"],"picked":"Guardian:ExploitGems","floor":8},{"not_picked":["Guardian:Preprogram","Guardian:TimeCapacitor"],"picked":"Guardian:BronzeOrb","floor":10},{"not_picked":["Guardian:RefractedBeam","Guardian:Gem_Lightblue","Guardian:PiercingHide"],"picked":"SKIP","floor":11},{"not_picked":["Guardian:TemporalShield","Guardian:WalkerClaw"],"picked":"Guardian:Gem_Green","floor":12},{"not_picked":["Guardian:Suspension","Guardian:Incinerate"],"picked":"Guardian:BronzeOrb","floor":14},{"not_picked":["Guardian:WalkerClaw","Guardian:Gem_Purple"],"picked":"Guardian:Incinerate","floor":15}],"player_experience":1322942,"relics_obtained":[{"floor":7,"key":"Ginger"},{"floor":12,"key":"Meat on the Bone"},{"floor":14,"key":"Dead Branch"}],"event_choices":[],"is_beta":false,"boss_relics":[],"items_purged_floors":[3],"is_endless":false,"potions_floor_spawned":[2,6,8,11],"killed_by":"downfall:Silent","ascension_level":20}}