{"host":"bvr4vhlu71s3njyz","time":1610050223,"event":{"mods":["2.2 Compatiblity","AchievementEnabler","Act Like it!","Aspiration","Astrologer","Bard","BaseMod","Beaked The Cultist","Better Altar","Better Match","Better Note","Better Sensory Stone","Better Skull","Better Third Choice","CCEM","Conjunction","Downfall","Fiend Mod","Friendly Minions","Gremlin Mod","GungeonMod","Hallownest","Hermit","Hubris","Infinite Spire","Jorbs\u0027s Wanderer Trilogy","Mad Scientist","Mimic Mod","Minty Spire (QoL Compilation)","Potionbrewer","Quarter Circle Forward PUNCH!","QueenMod","Replay The Spire","Robot Space Explorer","Shade Mod","Shedinja","Slumbering Mod","StSLib","The Blackbeard","The Bladedancer","The Bug Knight","The Caster","The Clintock","The Construct","The Cursed","The Dragon Tamer","The Exalted","The Forsaken","The Hayseed","The Hierophant","The Judge","The Mystic","The Necromancer","The Poker Player","The Runesmith","The Sage","The Showman","TheArtist","TheFirefly","TheLocksmith","Trackpad","Wandering Minibosses","thorton","vexMod"],"gold_per_floor":[110,137,148,176,176,176,176,187,213,213,246,246,269,280,280,280,280],"floor_reached":16,"playtime":1283,"items_purged":[],"score":102,"play_id":"8121f50a-ee15-41c4-ab32-2f7f64f3b46b","local_time":"20210107151023","is_ascension_mode":false,"campfire_choices":[{"data":"DemoMod:ConditionalReflex","floor":6,"key":"SMITH"},{"data":"DemoMod:SkilledReload","floor":10,"key":"SMITH"},{"floor":12,"key":"REST"},{"floor":15,"key":"REST"}],"circlet_count":0,"master_deck":["DemoMod:Strike_Huntress","DemoMod:Strike_Huntress","DemoMod:Strike_Huntress","DemoMod:Defend_Huntress","DemoMod:Defend_Huntress","DemoMod:Defend_Huntress","DemoMod:Defend_Huntress+1","DemoMod:Roll","DemoMod:ManualReload","DemoMod:RustySidearm","DemoMod:CrossBow","DemoMod:HungryBullets","DemoMod:ConditionalReflex+1","DemoMod:TeaPot","DemoMod:SkilledReload+1","DemoMod:AbyssalTentacle","DemoMod:HuntsMan","DemoMod:BlankBullets"],"relics":["DemoMod:Dog","Bromod:ArcaneAvenger","vexMod:MemoryStick","Replay:Ringing Soul","DemoMod:LamentConfigurum"],"acts_visited":["Exordium"],"potions_floor_usage":[],"damage_taken":[{"damage":0,"enemies":"Cultist","floor":1,"turns":4},{"damage":1,"enemies":"Small Slimes","floor":2,"turns":4},{"damage":8,"enemies":"2 Louse","floor":3,"turns":3},{"damage":18,"enemies":"Blue Slaver","floor":4,"turns":5},{"damage":0,"enemies":"Gremlin Gang","floor":8,"turns":7},{"damage":44,"enemies":"HollowMod:MossKnight","floor":11,"turns":8},{"damage":7,"enemies":"Red Slaver","floor":14,"turns":4},{"damage":53,"enemies":"Slime Boss","floor":16,"turns":9}],"seed_played":"-8566032108942140919","potions_obtained":[{"floor":8,"key":"potionbrewer:AcidPotion"},{"floor":11,"key":"potionbrewer:NoxiousPotion"},{"floor":14,"key":"Reflective Coating"}],"is_trial":false,"path_per_floor":["M","M","M","M","?","R","?","M","T","R","E","R","T","M","R","B"],"character_chosen":"HUNTRESS","items_purchased":[],"campfire_rested":2,"item_purchase_floors":[],"current_hp_per_floor":[77,76,68,50,50,50,50,50,50,50,9,33,33,29,53,0,0],"gold":280,"neow_bonus":"TEN_PERCENT_HP_BONUS","is_daily":false,"chose_seed":false,"campfire_upgraded":2,"win_rate":0.0,"timestamp":1610050223,"path_taken":["M","M","?","M","?","R","?","M","T","R","E","R","?","?","R","BOSS"],"items_purchased_type":[],"build_version":"2020-12-22","purchased_purges":0,"victory":false,"max_hp_per_floor":[77,77,77,77,77,77,77,77,77,77,80,80,80,83,83,83,83],"card_choices":[{"not_picked":["DemoMod:SAA","DemoMod:Unity"],"picked":"DemoMod:HungryBullets","floor":1},{"not_picked":["DemoMod:AC15","DemoMod:HardPowerCard"],"picked":"DemoMod:ConditionalReflex","floor":2},{"not_picked":["DemoMod:BulletBore","DemoMod:StickyCrossBow"],"picked":"DemoMod:TeaPot","floor":3},{"not_picked":["DemoMod:BoxingGlove","DemoMod:JK47"],"picked":"DemoMod:SkilledReload","floor":4},{"not_picked":["DemoMod:HungryBullets","DemoMod:ZorGun"],"picked":"DemoMod:AbyssalTentacle","floor":8},{"not_picked":["DemoMod:Unmoved","DemoMod:BattleInHaste"],"picked":"DemoMod:HuntsMan","floor":11},{"not_picked":["DemoMod:ZorGun","DemoMod:HungryBullets"],"picked":"DemoMod:BlankBullets","floor":14}],"player_experience":1259882,"relics_obtained":[{"floor":9,"key":"vexMod:MemoryStick"},{"floor":11,"key":"Replay:Ringing Soul"},{"floor":13,"key":"DemoMod:LamentConfigurum"}],"event_choices":[],"is_beta":false,"boss_relics":[],"items_purged_floors":[],"is_endless":false,"potions_floor_spawned":[8,11,14],"killed_by":"Slime Boss","ascension_level":0}}