{"host":"q2j4ef1ti78v4imq","time":1610051450,"event":{"mods":["AchievementEnabler","BaseMod","Better Altar","Better Match","Better Note","Better Sensory Stone","Better Skull","Better Third Choice","Block Reminder","Hermit","Minty Spire (QoL Compilation)","Relic Stats","Replay The Spire","Shade Mod","StSLib"],"gold_per_floor":[117,117,134,134,59,389,405,405,405,434,434,79,79,79],"floor_reached":13,"playtime":378,"items_purged":["Pain","Strike_P"],"score":141,"play_id":"b96ed77d-3740-4d9a-88dc-bde380b14889","local_time":"20210107203050","is_ascension_mode":true,"campfire_choices":[{"data":"Study","floor":8,"key":"SMITH"}],"circlet_count":0,"master_deck":["AscendersBane","Strike_P","Strike_P","Strike_P","Defend_P","Defend_P","Defend_P","Defend_P","Eruption","Vigilance","Alpha","LikeWater","BowlingBash","Study+1","SandsOfTime","ThirdEye"],"relics":["PureWater","WarpedTongs","Old Coin","Question Card","Tiny Chest","Replay:Ringing Soul"],"acts_visited":["Exordium"],"potions_floor_usage":[13,13],"damage_taken":[{"damage":0,"enemies":"2 Louse","floor":1,"turns":4},{"damage":0,"enemies":"Cultist","floor":3,"turns":4},{"damage":36,"enemies":"Replay:BlueRogue","floor":6,"turns":4},{"damage":0,"enemies":"Small Slimes","floor":7,"turns":3},{"damage":22,"enemies":"3 Sentries","floor":10,"turns":3},{"damage":13,"enemies":"Replay:BlueRogue","floor":13,"turns":3}],"seed_played":"4556241725765874073","potions_obtained":[{"floor":1,"key":"ColorlessPotion"},{"floor":10,"key":"AttackPotion"},{"floor":11,"key":"Dexterity Potion"},{"floor":11,"key":"Weak Potion"}],"is_trial":false,"path_per_floor":["M","?","M","?","$","E","M","R","T","E","?","$","E"],"character_chosen":"WATCHER","items_purchased":["Replay:Ringing Soul"],"campfire_rested":0,"item_purchase_floors":[12],"current_hp_per_floor":[65,65,65,65,65,29,29,29,29,7,7,7,0,0],"gold":79,"neow_bonus":"ONE_RANDOM_RARE_CARD","is_daily":false,"chose_seed":false,"campfire_upgraded":1,"win_rate":0.0,"timestamp":1610051450,"path_taken":["M","?","?","?","$","E","?","R","T","E","?","$","E"],"items_purchased_type":["Relic"],"build_version":"2020-12-22","purchased_purges":2,"victory":false,"max_hp_per_floor":[72,72,72,72,72,72,72,72,72,72,72,72,72,72],"relic_stats":{"counters":[6,21],"Tiny Chest":0,"Question Card":1,"obtain_stats":[{"Replay:Ringing Soul":12,"Tiny Chest":10,"PureWater":0,"Question Card":9,"WarpedTongs":4,"Old Coin":6},{"Replay:Ringing Soul":5,"Tiny Chest":5,"PureWater":0,"Question Card":4,"WarpedTongs":2,"Old Coin":3},{"Replay:Ringing Soul":18,"Tiny Chest":18,"PureWater":0,"Question Card":15,"WarpedTongs":8,"Old Coin":12}],"WarpedTongs":[13]},"card_choices":[{"not_picked":["Replay:AtTheReady","SignatureMove"],"picked":"LikeWater","floor":1},{"not_picked":["Consecrate","Evaluate"],"picked":"BowlingBash","floor":3},{"not_picked":["PathToVictory","Devotion"],"picked":"Study","floor":6},{"not_picked":["Meditate","Indignation"],"picked":"SandsOfTime","floor":7},{"not_picked":["Replay:Battleflow","Replay:BluntJabs","EmptyMind"],"picked":"ThirdEye","floor":10}],"player_experience":837273,"relics_obtained":[{"floor":6,"key":"Old Coin"},{"floor":9,"key":"Question Card"},{"floor":10,"key":"Tiny Chest"}],"event_choices":[{"damage_healed":0,"gold_gain":0,"player_choice":"Bought 0 Potions","damage_taken":0,"max_hp_gain":0,"max_hp_loss":0,"event_name":"The Woman in Blue","floor":2,"gold_loss":0},{"damage_healed":0,"gold_gain":0,"player_choice":"Rummage","damage_taken":0,"relics_obtained":["WarpedTongs"],"max_hp_gain":0,"max_hp_loss":0,"event_name":"Accursed Blacksmith","floor":4,"gold_loss":0,"cards_obtained":["Pain"]},{"damage_healed":0,"gold_gain":0,"player_choice":"Got Potions","damage_taken":0,"max_hp_gain":0,"max_hp_loss":0,"event_name":"Lab","floor":11,"gold_loss":0}],"is_beta":false,"boss_relics":[],"items_purged_floors":[5,12],"is_endless":false,"potions_floor_spawned":[1,10],"killed_by":"Replay:BlueRogue","ascension_level":11}}