{"host":"7gewg82ormp6yt4e","time":1610023332,"event":{"mods":["BaseMod","Block Reminder","Colored Map","Colored Powertips","DeckTracker","Highlight Path","Minty Spire (QoL Compilation)","Relic Stats","StSLib","ojb\u0027s Info Mod"],"gold_per_floor":[109,120,134,59,59,59,79,79,79,79,108,58,58,76,76,150,150,161,161,181,181,201,236,236,236,262,294,306,318,330,342,354,441,453,482,514,451,474,486,498,541,578,590,612,624,636,648,687,699,711,711],"floor_reached":50,"playtime":3075,"items_purged":[],"score":1041,"play_id":"4d08476c-8b76-4484-bb7e-029abe4cd0f0","local_time":"20210107214212","is_ascension_mode":true,"campfire_choices":[{"data":"Dualcast","floor":6,"key":"SMITH"},{"floor":8,"key":"REST"},{"data":"White Noise","floor":10,"key":"SMITH"},{"data":"Barrage","floor":15,"key":"SMITH"},{"floor":24,"key":"REST"},{"data":"Biased Cognition","floor":28,"key":"SMITH"},{"floor":32,"key":"REST"},{"floor":40,"key":"REST"},{"floor":45,"key":"RECALL"},{"floor":49,"key":"REST"}],"circlet_count":0,"master_deck":["AscendersBane","Zap+1","Dualcast+1","Ball Lightning","Conserve Battery","White Noise+1","Glacier","Barrage+1","Ball Lightning","Cold Snap","Biased Cognition","BootSequence","Go for the Eyes","Chill","Aggregate","Hologram","Biased Cognition+1","Barrage+1","Seek","Go for the Eyes","Seek","Undo+1","Chill+1","Barrage","Self Repair","Hologram+1","Reboot+1","Madness+1","Madness+1","Glacier+1"],"relics":["Cracked Core","Omamori","Pantograph","Odd Mushroom","Pandora\u0027s Box","WarpedTongs","Kunai","MawBank","Calling Bell","Bag of Preparation","Singing Bowl","Calipers","Ancient Tea Set","Ice Cream","Toxic Egg 2","Ornamental Fan"],"acts_visited":["Exordium","TheCity","TheBeyond"],"potions_floor_usage":[16,16,23,33,39],"damage_taken":[{"damage":1,"enemies":"Cultist","floor":1,"turns":3},{"damage":2,"enemies":"Jaw Worm","floor":2,"turns":3},{"damage":1,"enemies":"2 Louse","floor":3,"turns":2},{"damage":15,"enemies":"Exordium Wildlife","floor":7,"turns":3},{"damage":25,"enemies":"The Mushroom Lair","floor":11,"turns":6},{"damage":4,"enemies":"Looter","floor":14,"turns":2},{"damage":11,"enemies":"Hexaghost","floor":16,"turns":9},{"damage":3,"enemies":"2 Thieves","floor":18,"turns":4},{"damage":5,"enemies":"Spheric Guardian","floor":20,"turns":5},{"damage":6,"enemies":"Snake Plant","floor":22,"turns":3},{"damage":30,"enemies":"Slavers","floor":23,"turns":6},{"damage":0,"enemies":"Snecko","floor":27,"turns":2},{"damage":38,"enemies":"Automaton","floor":33,"turns":13},{"damage":0,"enemies":"3 Shapes","floor":35,"turns":3},{"damage":23,"enemies":"3 Darklings","floor":36,"turns":2},{"damage":0,"enemies":"4 Shapes","floor":38,"turns":6},{"damage":0,"enemies":"Transient","floor":39,"turns":1},{"damage":24,"enemies":"Nemesis","floor":41,"turns":13},{"damage":2,"enemies":"Mind Bloom Boss Battle","floor":42,"turns":11},{"damage":19,"enemies":"Spire Growth","floor":44,"turns":7},{"damage":45,"enemies":"Giant Head","floor":48,"turns":11},{"damage":63,"enemies":"Donu and Deca","floor":50,"turns":12}],"seed_played":"-8272576384050269845","potions_obtained":[{"floor":3,"key":"Weak Potion"},{"floor":11,"key":"Weak Potion"},{"floor":14,"key":"Strength Potion"},{"floor":22,"key":"Weak Potion"},{"floor":23,"key":"Swift Potion"},{"floor":38,"key":"SmokeBomb"},{"floor":41,"key":"Strength Potion"},{"floor":42,"key":"Energy Potion"}],"is_trial":false,"path_per_floor":["M","M","M","?","?","R","M","R","T","R","?","$","?","M","R","B",null,"M","?","M","?","M","E","R","T","T","M","R","$","?","?","R","B",null,"M","M","?","M","M","R","E","?","T","M","R","?","?","E","R","B"],"character_chosen":"DEFECT","items_purchased":["Ball Lightning"],"campfire_rested":5,"item_purchase_floors":[12],"current_hp_per_floor":[63,61,60,60,39,39,24,45,45,45,20,20,13,9,9,23,59,56,56,51,51,45,15,36,36,36,36,36,36,36,36,57,33,62,62,39,39,51,51,72,57,75,75,63,63,49,49,14,36,0,0],"gold":711,"neow_bonus":"RANDOM_COMMON_RELIC","is_daily":false,"chose_seed":false,"campfire_upgraded":4,"win_rate":0.0,"timestamp":1610023332,"path_taken":["M","?","M","?","?","R","M","R","T","R","?","$","?","M","R","BOSS","M","?","M","?","?","E","R","?","T","M","R","$","?","?","R","BOSS","M","M","?","?","M","R","E","?","T","M","R","?","?","E","R","BOSS"],"items_purchased_type":["Card"],"build_version":"2020-12-22","purchased_purges":0,"victory":false,"max_hp_per_floor":[71,71,71,71,71,71,71,71,71,71,71,71,71,71,71,71,71,71,71,71,71,71,71,71,71,71,71,71,71,71,71,71,71,71,71,71,71,73,73,73,75,75,75,75,75,75,75,75,75,75,75],"relic_stats":{"Singing Bowl":4,"counters":[22,127],"Ornamental Fan":[12],"Pantograph":82,"Pandora\u0027s Box":["Meteor Strike","BootSequence","Go for the Eyes","Chill","Steam","Hyperbeam"],"Bag of Preparation":[18],"Kunai":[30],"MawBank":288,"obtain_stats":[{"Ice Cream":42,"Calipers":34,"Singing Bowl":34,"Omamori":0,"Bag of Preparation":34,"Odd Mushroom":11,"MawBank":26,"Ancient Tea Set":41,"WarpedTongs":21,"Calling Bell":34,"Ornamental Fan":48,"Pantograph":9,"Pandora\u0027s Box":17,"Kunai":23,"Toxic Egg 2":43,"Cracked Core":0},{"Ice Cream":19,"Calipers":13,"Singing Bowl":13,"Omamori":0,"Bag of Preparation":13,"Odd Mushroom":5,"MawBank":11,"Ancient Tea Set":18,"WarpedTongs":9,"Calling Bell":13,"Ornamental Fan":21,"Pantograph":4,"Pandora\u0027s Box":7,"Kunai":11,"Toxic Egg 2":19,"Cracked Core":0},{"Ice Cream":97,"Calipers":61,"Singing Bowl":61,"Omamori":0,"Bag of Preparation":61,"Odd Mushroom":17,"MawBank":46,"Ancient Tea Set":86,"WarpedTongs":37,"Calling Bell":61,"Ornamental Fan":115,"Pantograph":11,"Pandora\u0027s Box":28,"Kunai":46,"Toxic Egg 2":97,"Cracked Core":0}],"WarpedTongs":[84]},"card_choices":[{"not_picked":["Redo","Rebound"],"picked":"Ball Lightning","floor":1},{"not_picked":["Compile Driver","Beam Cell"],"picked":"Conserve Battery","floor":2},{"not_picked":["Go for the Eyes","Streamline"],"picked":"White Noise","floor":3},{"not_picked":["Rip and Tear","Storm"],"picked":"Glacier","floor":7},{"not_picked":["Go for the Eyes","Scrape"],"picked":"Barrage","floor":11},{"not_picked":["Rip and Tear","Meteor Strike"],"picked":"Cold Snap","floor":14},{"not_picked":["Electrodynamics","Multi-Cast"],"picked":"Biased Cognition","floor":16},{"not_picked":["Sweeping Beam","Hello World","Barrage"],"picked":"SKIP","floor":18},{"not_picked":["Leap","Go for the Eyes"],"picked":"Aggregate","floor":20},{"not_picked":["Ball Lightning","Compile Driver"],"picked":"Hologram","floor":22},{"not_picked":["Leap","BootSequence"],"picked":"Biased Cognition","floor":23},{"not_picked":["Rebound","Storm+1"],"picked":"Barrage+1","floor":27},{"not_picked":["Thunder Strike","Meteor Strike"],"picked":"Seek","floor":33},{"not_picked":["Hologram","Doom and Gloom"],"picked":"Undo+1","floor":35},{"not_picked":["Streamline","Cold Snap"],"picked":"Chill+1","floor":36},{"not_picked":["Ball Lightning","Compile Driver","Beam Cell"],"picked":"Singing Bowl","floor":38},{"not_picked":["Fusion+1","Barrage","Chill"],"picked":"Singing Bowl","floor":41},{"not_picked":["Turbo","Compile Driver"],"picked":"Hologram+1","floor":42},{"not_picked":["Stack+1","Leap+1"],"picked":"Reboot+1","floor":44},{"not_picked":["White Noise+1","Turbo+1"],"picked":"Glacier+1","floor":48}],"player_experience":2491966,"relics_obtained":[{"floor":9,"key":"Pantograph"},{"floor":11,"key":"Odd Mushroom"},{"floor":23,"key":"Kunai"},{"floor":26,"key":"MawBank"},{"floor":34,"key":"Bag of Preparation"},{"floor":34,"key":"Singing Bowl"},{"floor":34,"key":"Calipers"},{"floor":41,"key":"Ancient Tea Set"},{"floor":42,"key":"Ice Cream"},{"floor":43,"key":"Toxic Egg 2"},{"floor":48,"key":"Ornamental Fan"}],"event_choices":[{"cards_removed":["Strike_B"],"damage_healed":0,"gold_gain":0,"player_choice":"Card Removal","damage_taken":0,"max_hp_gain":0,"max_hp_loss":0,"event_name":"The Cleric","floor":4,"gold_loss":75},{"damage_healed":0,"gold_gain":0,"player_choice":"Entered Light","damage_taken":21,"max_hp_gain":0,"max_hp_loss":0,"event_name":"Shining Light","floor":5,"gold_loss":0,"cards_upgraded":["Strike_B","Zap"]},{"damage_healed":0,"gold_gain":0,"player_choice":"Fought Mushrooms","damage_taken":0,"max_hp_gain":0,"max_hp_loss":0,"event_name":"Mushrooms","floor":11,"gold_loss":0},{"cards_removed":["Strike_B"],"damage_healed":0,"gold_gain":0,"player_choice":"Card Removal","damage_taken":7,"max_hp_gain":0,"max_hp_loss":0,"event_name":"Golden Wing","floor":13,"gold_loss":0},{"damage_healed":0,"gold_gain":0,"player_choice":"Ignored","damage_taken":0,"max_hp_gain":0,"max_hp_loss":0,"event_name":"Vampires","floor":19,"gold_loss":0},{"damage_healed":0,"gold_gain":0,"player_choice":"Rummage","damage_taken":0,"relics_obtained":["WarpedTongs"],"max_hp_gain":0,"max_hp_loss":0,"event_name":"Accursed Blacksmith","floor":21,"gold_loss":0,"cards_obtained":["Pain"]},{"damage_healed":0,"gold_gain":0,"cards_transformed":["Hyperbeam","Meteor Strike"],"player_choice":"Became Test Subject","damage_taken":0,"max_hp_gain":0,"max_hp_loss":0,"event_name":"Drug Dealer","floor":30,"gold_loss":0,"cards_obtained":["Storm","Seek"]},{"damage_healed":0,"gold_gain":0,"player_choice":"Read","damage_taken":0,"max_hp_gain":0,"max_hp_loss":0,"event_name":"The Library","floor":31,"gold_loss":0,"cards_obtained":["Go for the Eyes"]},{"damage_healed":0,"gold_gain":0,"cards_transformed":["Storm","Steam"],"player_choice":"Transformed Cards","damage_taken":0,"max_hp_gain":0,"max_hp_loss":0,"event_name":"Designer","floor":37,"gold_loss":75,"cards_obtained":["Barrage","Self Repair"]},{"damage_healed":0,"gold_gain":0,"player_choice":"Fight","damage_taken":0,"max_hp_gain":0,"max_hp_loss":0,"event_name":"MindBloom","floor":42,"gold_loss":0},{"damage_healed":0,"gold_gain":0,"player_choice":"Embrace Madness","damage_taken":14,"max_hp_gain":0,"max_hp_loss":0,"event_name":"Winding Halls","floor":46,"gold_loss":0,"cards_obtained":["Madness","Madness"]},{"damage_healed":0,"gold_gain":0,"player_choice":"Ignored","damage_taken":0,"max_hp_gain":0,"max_hp_loss":0,"event_name":"Tomb of Lord Red Mask","floor":47,"gold_loss":0}],"is_beta":false,"boss_relics":[{"not_picked":["Velvet Choker","Fusion Hammer"],"picked":"Pandora\u0027s Box"},{"not_picked":["Snecko Eye","Empty Cage"],"picked":"Calling Bell"}],"items_purged_floors":[],"is_endless":false,"potions_floor_spawned":[3,11,14,22,23,38,39,41,42,44],"killed_by":"Donu and Deca","ascension_level":20}}