{"host":"duxoyu97j36znyap","time":1610009342,"event":{"mods":["AlwaysNeverKeys","BaseMod","Bestiary","BetterRewards","Colored Map","DeckTracker","Filter the Spire","Googly Eyes","Minty Spire (QoL Compilation)","Permanent Neow","Rare Cards Sparkle","Relic Stats","StSLib"],"gold_per_floor":[109,109,125,139,16,42,42,71,118,181,211,211,211,229,229,324,324,338,195,120,137,137,169,169,204,250,277,298,298,373,410,410,520,520,541,292,304,328,352,389,95,129,177,177,212,231,231,259,259,259,259,259,34,72,72],"floor_reached":56,"playtime":2651,"items_purged":["Beam Cell","Steam Power","Leap"],"score":1979,"play_id":"19c7d000-11c7-4f7b-8f8b-c59558a6e403","local_time":"20210107034902","is_ascension_mode":true,"campfire_choices":[{"floor":7.0,"key":"REST"},{"data":"Defragment","floor":12.0,"key":"SMITH"},{"data":"Capacitor","floor":15.0,"key":"SMITH"},{"data":"White Noise","floor":24.0,"key":"SMITH"},{"data":"Aggregate","floor":29.0,"key":"SMITH"},{"data":"Buffer","floor":32.0,"key":"SMITH"},{"data":"Turbo","floor":44.0,"key":"SMITH"},{"data":"Reboot","floor":49,"key":"SMITH"},{"data":"Buffer","floor":52,"key":"SMITH"}],"circlet_count":0,"master_deck":["Zap+1","Tempest","Consume+1","Capacitor+1","Defragment+1","Glacier","Self Repair","Machine Learning","Reinforced Body","Glacier","Consume","Electrodynamics","White Noise+1","Conserve Battery","Coolheaded+1","Storm","Tempest","Biased Cognition","Aggregate+1","Buffer+1","Reboot+1","Storm","BootSequence","Hologram+1","Fusion+1","Turbo+1","Buffer+1","White Noise+1","Loop","White Noise"],"relics":["Black Star","HornCleat","PreservedInsect","Gremlin Horn","Pocketwatch","Dream Catcher","Regal Pillow","War Paint","Question Card","Pandora\u0027s Box","Oddly Smooth Stone","MealTicket","Centennial Puzzle","Bottled Tornado","Anchor","CeramicFish","Pen Nib","Art of War","Cables","Inserter","ClockworkSouvenir","Kunai","MawBank","Membership Card","Gambling Chip","DataDisk","Bronze Scales","Vajra","Blue Candle","Whetstone","Mummified Hand","Lantern","Akabeko","Cauldron","Orichalcum","Strawberry"],"acts_visited":["Exordium","TheCity","TheBeyond","TheEnding"],"potions_floor_usage":[55,55],"damage_taken":[{"damage":1.0,"enemies":"Cultist","floor":1.0,"turns":4.0},{"damage":4.0,"enemies":"2 Louse","floor":3.0,"turns":3.0},{"damage":7.0,"enemies":"Jaw Worm","floor":4.0,"turns":3.0},{"damage":36.0,"enemies":"Gremlin Nob","floor":6.0,"turns":4.0},{"damage":6.0,"enemies":"3 Sentries","floor":8.0,"turns":6.0},{"damage":2.0,"enemies":"Gremlin Nob","floor":11.0,"turns":5.0},{"damage":9.0,"enemies":"Exordium Wildlife","floor":14.0,"turns":5.0},{"damage":1.0,"enemies":"The Guardian","floor":16.0,"turns":8.0},{"damage":6.0,"enemies":"3 Byrds","floor":18.0,"turns":3.0},{"damage":15.0,"enemies":"2 Thieves","floor":21.0,"turns":2.0},{"damage":2.0,"enemies":"Book of Stabbing","floor":23.0,"turns":7.0},{"damage":34.0,"enemies":"Slavers","floor":25.0,"turns":3.0},{"damage":8.0,"enemies":"Gremlin Leader","floor":27.0,"turns":4.0},{"damage":0.0,"enemies":"Chosen and Byrds","floor":28.0,"turns":5.0},{"damage":7.0,"enemies":"Book of Stabbing","floor":31.0,"turns":5.0},{"damage":0.0,"enemies":"Automaton","floor":33.0,"turns":6.0},{"damage":0.0,"enemies":"3 Shapes","floor":35.0,"turns":3.0},{"damage":2.0,"enemies":"3 Darklings","floor":37.0,"turns":2.0},{"damage":0.0,"enemies":"Spire Growth","floor":38.0,"turns":5.0},{"damage":6.0,"enemies":"Writhing Mass","floor":39.0,"turns":3.0},{"damage":2.0,"enemies":"Reptomancer","floor":40.0,"turns":4.0},{"damage":0.0,"enemies":"Giant Head","floor":42.0,"turns":4.0},{"damage":0.0,"enemies":"Nemesis","floor":45.0,"turns":5.0},{"damage":0.0,"enemies":"Jaw Worm Horde","floor":46.0,"turns":3.0},{"damage":0,"enemies":"Reptomancer","floor":48,"turns":4},{"damage":0,"enemies":"Time Eater","floor":50,"turns":8},{"damage":0,"enemies":"Shield and Spear","floor":54,"turns":2},{"damage":33,"enemies":"The Heart","floor":55,"turns":6}],"seed_played":"218476866753239211","potions_obtained":[{"floor":3.0,"key":"AttackPotion"},{"floor":6.0,"key":"Block Potion"},{"floor":11.0,"key":"Block Potion"},{"floor":18.0,"key":"LiquidMemories"},{"floor":25.0,"key":"FocusPotion"},{"floor":33.0,"key":"SteroidPotion"},{"floor":38.0,"key":"Fire Potion"},{"floor":40.0,"key":"Regen Potion"},{"floor":46.0,"key":"PotionOfCapacity"},{"floor":53,"key":"Energy Potion"},{"floor":53,"key":"PotionOfCapacity"}],"is_trial":false,"path_per_floor":["M","?","M","M","$","E","R","E","T","?","E","R","?","M","R","B",null,"M","$","?","M","?","E","R","E","T","E","M","R","?","E","R","B",null,"M","$","M","M","M","E","$","E","T","R","E","M","?","E","R","B",null,"R","$","E","B",null],"character_chosen":"DEFECT","items_purchased":["Capacitor","PowerPotion","Storm","ClockworkSouvenir","Membership Card","Gambling Chip","Turbo","Loop","Akabeko","Cauldron"],"campfire_rested":1,"item_purchase_floors":[5,5,19,36,41,41,41,53,53,53],"current_hp_per_floor":[67,60,56,49,49,13,35,29,29,29,27,27,27,18,18,24,62,63,63,63,48,48,53,53,26,26,25,32,32,25,25,25,32,64,64,75,75,75,69,67,75,75,75,75,75,75,75,75,75,75,75,75,75,82,56],"gold":72,"neow_bonus":"BOSS_RELIC","is_daily":false,"chose_seed":false,"campfire_upgraded":8,"win_rate":0.0,"timestamp":1610009342,"path_taken":["M","?","?","M","$","E","R","E","T","?","E","R","?","M","R","BOSS","M","$","?","M","?","E","R","E","T","E","M","R","?","E","R","BOSS","M","$","M","M","M","E","$","E","T","R","E","M","?","E","R","BOSS","R","$","E","BOSS"],"items_purchased_type":["Card","Potion","Card","Relic","Relic","Relic","Card","Card","Relic","Relic"],"build_version":"2020-12-22","purchased_purges":3,"victory":true,"max_hp_per_floor":[75,75,75,75,75,75,75,75,75,75,75,75,75,75,75,75,75,75,75,75,75,75,75,75,75,75,75,75,75,75,75,75,75,75,75,75,75,75,75,75,75,75,75,75,75,75,75,75,75,75,75,75,75,82,82],"relic_stats":{"Regal Pillow":0,"Gremlin Horn":[21,21],"CeramicFish":108,"Whetstone":[],"Dream Catcher":0,"Centennial Puzzle":[18],"Mummified Hand":[29],"Gambling Chip":[19],"MealTicket":19,"Kunai":[0],"Inserter":[24],"counters":[28,122],"Blue Candle":[0],"PreservedInsect":580,"Pen Nib":[0],"War Paint":["Consume","Zap"],"Orichalcum":[6],"Question Card":21,"MawBank":12,"Cables":[49,29,16,0,4],"Bronze Scales":[143],"Pandora\u0027s Box":["Reinforced Body","Glacier","Consume","Electrodynamics","White Noise","Beam Cell","Leap","Conserve Battery"],"Black Star":12,"Art of War":[42],"obtain_stats":[{"Regal Pillow":11,"Lantern":48,"Gremlin Horn":8,"CeramicFish":27,"Vajra":43,"Whetstone":45,"Bottled Tornado":25,"ClockworkSouvenir":36,"Dream Catcher":9,"Centennial Puzzle":25,"HornCleat":6,"Mummified Hand":48,"Gambling Chip":41,"Strawberry":54,"MealTicket":23,"Kunai":40,"Cracked Core":0,"Inserter":34,"Blue Candle":45,"Oddly Smooth Stone":23,"PreservedInsect":6,"Pen Nib":27,"War Paint":11,"Orichalcum":54,"Question Card":13,"MawBank":40,"Akabeko":53,"Cables":31,"Cauldron":53,"Anchor":26,"DataDisk":42,"Bronze Scales":42,"Pandora\u0027s Box":17,"Black Star":0,"Art of War":31,"Membership Card":41,"Pocketwatch":8},{"Regal Pillow":6,"Lantern":25,"Gremlin Horn":5,"CeramicFish":13,"Vajra":22,"Whetstone":23,"Bottled Tornado":12,"ClockworkSouvenir":17,"Dream Catcher":5,"Centennial Puzzle":12,"HornCleat":4,"Mummified Hand":25,"Gambling Chip":21,"Strawberry":27,"MealTicket":11,"Kunai":21,"Cracked Core":0,"Inserter":16,"Blue Candle":23,"Oddly Smooth Stone":11,"PreservedInsect":4,"Pen Nib":13,"War Paint":6,"Orichalcum":27,"Question Card":6,"MawBank":21,"Akabeko":26,"Cables":15,"Cauldron":26,"Anchor":12,"DataDisk":22,"Bronze Scales":22,"Pandora\u0027s Box":8,"Black Star":0,"Art of War":15,"Membership Card":21,"Pocketwatch":5},{"Regal Pillow":25,"Lantern":106,"Gremlin Horn":20,"CeramicFish":57,"Vajra":94,"Whetstone":99,"Bottled Tornado":53,"ClockworkSouvenir":76,"Dream Catcher":20,"Centennial Puzzle":53,"HornCleat":14,"Mummified Hand":106,"Gambling Chip":90,"Strawberry":116,"MealTicket":50,"Kunai":90,"Cracked Core":0,"Inserter":73,"Blue Candle":99,"Oddly Smooth Stone":50,"PreservedInsect":14,"Pen Nib":57,"War Paint":25,"Orichalcum":116,"Question Card":25,"MawBank":90,"Akabeko":114,"Cables":67,"Cauldron":114,"Anchor":53,"DataDisk":94,"Bronze Scales":94,"Pandora\u0027s Box":38,"Black Star":0,"Art of War":67,"Membership Card":90,"Pocketwatch":20}],"Pocketwatch":[110]},"card_choices":[{"not_picked":["Stack","Beam Cell"],"picked":"Tempest","floor":1.0},{"not_picked":["Ball Lightning","Heatsinks"],"picked":"Sunder","floor":3.0},{"not_picked":["BootSequence","Leap"],"picked":"Consume","floor":4.0},{"not_picked":["Turbo","Stack"],"picked":"Defragment","floor":6.0},{"not_picked":["Conserve Battery","Beam Cell"],"picked":"Glacier","floor":8.0},{"not_picked":["Go for the Eyes","Redo"],"picked":"Ball Lightning","floor":11.0},{"not_picked":["Chaos","Heatsinks","Gash"],"picked":"Self Repair","floor":14.0},{"not_picked":["Rainbow","Multi-Cast","Biased Cognition"],"picked":"Machine Learning","floor":16.0},{"not_picked":["Beam Cell+1","Tempest","Reprogram"],"picked":"Coolheaded+1","floor":18.0},{"not_picked":["Cold Snap","Beam Cell+1","Rebound","Turbo"],"picked":"SKIP","floor":21.0},{"not_picked":["Ball Lightning","Rebound","Turbo"],"picked":"Biased Cognition","floor":23.0},{"not_picked":["Ball Lightning","Go for the Eyes","Redo+1","Sweeping Beam"],"picked":"SKIP","floor":25.0},{"not_picked":["Defragment","Redo","Rebound","Doom and Gloom"],"picked":"SKIP","floor":27.0},{"not_picked":["Coolheaded","Steam Power","Lockon"],"picked":"Aggregate","floor":28.0},{"not_picked":["Beam Cell","Compile Driver","Leap"],"picked":"Buffer","floor":31.0},{"not_picked":["Multi-Cast","Machine Learning","Biased Cognition"],"picked":"Reboot","floor":33.0},{"not_picked":["Beam Cell+1","Go for the Eyes+1","Streamline"],"picked":"Storm","floor":35.0},{"not_picked":["Streamline","Self Repair+1","Fusion","Redo"],"picked":"SKIP","floor":37.0},{"not_picked":["Skim+1","Glacier","Barrage+1"],"picked":"BootSequence","floor":38.0},{"not_picked":["Go for the Eyes","Melter","Genetic Algorithm"],"picked":"Hologram+1","floor":39.0},{"not_picked":["Heatsinks+1","Chaos","Scrape"],"picked":"Fusion+1","floor":40.0},{"not_picked":["Rebound+1","Thunder Strike","Rip and Tear+1","Sweeping Beam"],"picked":"SKIP","floor":42.0},{"not_picked":["Coolheaded+1","Reinforced Body","Streamline+1"],"picked":"Buffer","floor":45.0},{"not_picked":["Capacitor","Rebound","Steam"],"picked":"White Noise+1","floor":46.0},{"not_picked":["Rebound+1","Tempest+1","Reprogram+1","Beam Cell"],"picked":"SKIP","floor":48},{"not_picked":["Barrage+1","Compile Driver+1","Coolheaded"],"picked":"White Noise","floor":54}],"player_experience":551845,"relics_obtained":[{"floor":6.0,"key":"HornCleat"},{"floor":6.0,"key":"PreservedInsect"},{"floor":8.0,"key":"Gremlin Horn"},{"floor":8.0,"key":"Pocketwatch"},{"floor":9.0,"key":"Dream Catcher"},{"floor":11.0,"key":"Regal Pillow"},{"floor":11.0,"key":"War Paint"},{"floor":23.0,"key":"Oddly Smooth Stone"},{"floor":23.0,"key":"MealTicket"},{"floor":25.0,"key":"Centennial Puzzle"},{"floor":25.0,"key":"Bottled Tornado"},{"floor":26.0,"key":"Anchor"},{"floor":27.0,"key":"CeramicFish"},{"floor":27.0,"key":"Pen Nib"},{"floor":31.0,"key":"Art of War"},{"floor":31.0,"key":"Cables"},{"floor":40.0,"key":"Kunai"},{"floor":40.0,"key":"MawBank"},{"floor":42.0,"key":"DataDisk"},{"floor":42.0,"key":"Bronze Scales"},{"floor":43.0,"key":"Vajra"},{"floor":45.0,"key":"Blue Candle"},{"floor":45.0,"key":"Whetstone"},{"floor":48,"key":"Mummified Hand"},{"floor":48,"key":"Lantern"},{"floor":54,"key":"Orichalcum"},{"floor":54,"key":"Strawberry"}],"event_choices":[{"damage_healed":0.0,"max_hp_gain":0.0,"max_hp_loss":0.0,"gold_gain":0.0,"event_name":"Wheel of Change","player_choice":"Damaged","floor":2.0,"gold_loss":0.0,"damage_taken":7.0},{"damage_healed":0.0,"max_hp_gain":0.0,"max_hp_loss":0.0,"gold_gain":63.0,"event_name":"Golden Wing","player_choice":"Gained Gold","floor":10.0,"gold_loss":0.0,"damage_taken":0.0},{"damage_healed":0.0,"max_hp_gain":0.0,"max_hp_loss":0.0,"gold_gain":0.0,"event_name":"Dead Adventurer","player_choice":"Searched \u00272\u0027 times","floor":13.0,"gold_loss":0.0,"damage_taken":0.0,"relics_obtained":["Question Card"]},{"cards_removed":["Dualcast"],"damage_healed":0.0,"max_hp_gain":0.0,"max_hp_loss":0.0,"gold_gain":0.0,"event_name":"Beggar","player_choice":"Gave Gold","floor":20.0,"gold_loss":75.0,"damage_taken":0.0},{"damage_healed":0.0,"max_hp_gain":0.0,"max_hp_loss":0.0,"gold_gain":0.0,"cards_transformed":["Sunder","Ball Lightning"],"event_name":"Drug Dealer","player_choice":"Became Test Subject","floor":22.0,"gold_loss":0.0,"damage_taken":0.0,"cards_obtained":["Tempest","Steam Power"]},{"damage_healed":0.0,"max_hp_gain":0.0,"max_hp_loss":0.0,"gold_gain":75.0,"event_name":"FaceTrader","player_choice":"Touch","floor":30.0,"gold_loss":0.0,"damage_taken":7.0},{"damage_healed":0,"gold_gain":0,"player_choice":"Ignored","damage_taken":0,"max_hp_gain":0,"max_hp_loss":0,"event_name":"Transmorgrifier","floor":47,"gold_loss":0}],"is_beta":false,"boss_relics":[{"not_picked":["Busted Crown","SacredBark"],"picked":"Pandora\u0027s Box"},{"not_picked":["Astrolabe","Fusion Hammer"],"picked":"Inserter"}],"items_purged_floors":[19,36,53],"is_endless":false,"potions_floor_spawned":[3,6,11,14,18,23,25,33,38,40,45,46],"ascension_level":6}}