{"host":"0ydzwspkajt4brzd","time":1610012592,"event":{"mods":["AchievementEnabler","BaseMod","Colored Map","DeckTracker","Googly Eyes","Highlight Path","Minty Spire (QoL Compilation)","Quick Restart","Random Character Button","Rare Cards Sparkle"],"gold_per_floor":[116,136,146,157,135,170,170,170,170],"floor_reached":8,"playtime":403,"items_purged":[],"score":99,"play_id":"a2a73277-4dcf-4199-bcb6-dc3f992d7b90","local_time":"20210107014312","is_ascension_mode":true,"campfire_choices":[],"circlet_count":0,"master_deck":["AscendersBane","Strike_R","Strike_R","Strike_R","Strike_R","Strike_R","Defend_R","Defend_R","Defend_R","Defend_R","Bash","Clothesline","Body Slam","Pommel Strike","Second Wind","True Grit","Reaper","Inflame"],"relics":["Burning Blood","NeowsBlessing","Shuriken"],"acts_visited":["Exordium"],"potions_floor_usage":[8],"damage_taken":[{"damage":0,"enemies":"2 Louse","floor":1,"turns":1},{"damage":0,"enemies":"Small Slimes","floor":2,"turns":1},{"damage":0,"enemies":"Cultist","floor":3,"turns":1},{"damage":33,"enemies":"Exordium Wildlife","floor":4,"turns":6},{"damage":47,"enemies":"Lagavulin","floor":6,"turns":9},{"damage":6,"enemies":"Gremlin Nob","floor":8,"turns":4}],"seed_played":"2630570221075447375","potions_obtained":[{"floor":1,"key":"GamblersBrew"},{"floor":2,"key":"Swift Potion"}],"is_trial":false,"path_per_floor":["M","M","M","M","?","E","?","E"],"character_chosen":"IRONCLAD","items_purchased":[],"campfire_rested":0,"item_purchase_floors":[],"current_hp_per_floor":[74,75,75,48,48,7,7,1,1],"gold":170,"neow_bonus":"THREE_ENEMY_KILL","is_daily":false,"chose_seed":false,"campfire_upgraded":0,"win_rate":0.0,"timestamp":1610012592,"path_taken":["M","M","M","M","?","E","?","E"],"items_purchased_type":[],"build_version":"2020-12-22","purchased_purges":0,"victory":false,"max_hp_per_floor":[75,75,75,75,75,75,75,75,75],"card_choices":[{"not_picked":["Reckless Charge","Ghostly Armor"],"picked":"Clothesline","floor":1},{"not_picked":["Reckless Charge","Clothesline"],"picked":"Body Slam","floor":2},{"not_picked":["Iron Wave","Dark Embrace"],"picked":"Pommel Strike","floor":3},{"not_picked":["Anger","Thunderclap"],"picked":"Second Wind","floor":4},{"not_picked":["Havoc","Second Wind"],"picked":"True Grit","floor":6}],"player_experience":472331,"relics_obtained":[{"floor":6,"key":"Shuriken"}],"event_choices":[{"damage_healed":0,"gold_gain":0,"player_choice":"Left Gold","damage_taken":0,"max_hp_gain":0,"max_hp_loss":0,"event_name":"World of Goop","floor":5,"gold_loss":22},{"damage_healed":0,"gold_gain":0,"player_choice":"2 cards matched","damage_taken":0,"max_hp_gain":0,"max_hp_loss":0,"event_name":"Match and Keep!","floor":7,"gold_loss":0,"cards_obtained":["Reaper","Inflame"]}],"is_beta":false,"boss_relics":[],"items_purged_floors":[],"is_endless":false,"potions_floor_spawned":[1,2],"killed_by":"Gremlin Nob","ascension_level":14}}