{"host":"e4wnmsyty9uvvtwf","time":1610005560,"event":{"mods":["Act Like it!","BaseMod","Colored Map","Colored Powertips","Gensokyo","Minty Spire (QoL Compilation)","Rare Cards Sparkle","Remilia£®¿Ÿ√◊¿Ú—«£©","StSLib"],"gold_per_floor":[112,147,147,60,60,60,73,104,104,104,34,34,34,74,74,173,173,205,205,115,147,166,191,191,238,263,263,37,37,14,49,49,165,165,185,32,32,43,43,43,43,96,121,139,188,205,256,273,273,273,273,273,22,55,55],"floor_reached":56,"playtime":2183,"items_purged":[],"score":1864,"play_id":"3695825c-5ddd-45db-a9dd-19f6ee99a3f3","local_time":"20210107154600","is_ascension_mode":true,"campfire_choices":[{"data":"RedMoon","floor":6,"key":"SMITH"},{"data":"ScarletShoot","floor":13,"key":"SMITH"},{"data":"TransientEternity","floor":15,"key":"SMITH"},{"floor":24,"key":"REST"},{"data":"BloodAndWine","floor":27,"key":"SMITH"},{"data":"RedRainbow","floor":29,"key":"SMITH"},{"floor":32,"key":"REST"},{"floor":40,"key":"RECALL"},{"data":"EternalNight","floor":49,"key":"SMITH"},{"data":"NightLord","floor":52,"key":"SMITH"}],"circlet_count":0,"master_deck":["Strike_RM","Strike_RM","Defend_RM","Defend_RM+1","Defend_RM+1","Defend_RM+1","RedMoon+1","ScarletShoot+1","HeartBreak+1","FavorOfDestiny","VampirishNight+1","AfternoonTea+1","TransientEternity+1","ChainGang+1","ScarletMeister+1","BloodAndWine+1","RedRainbow+1","VampireFantasy","FitfulNightmare+1","NightDance+1","DemonKingCradle+1","NightLord+1","EternalNight+1","LeisurelyOfLord+1","UnstableMagic+1"],"relics":["ScarletHat","War Paint","Gremlin Horn","Frozen Egg 2","Centennial Puzzle","Busted Crown","Gensokyo:ConquerorOfFear","Akabeko","Prayer Wheel","Pen Nib","Pantograph","Bag of Marbles","Oddly Smooth Stone","Bronze Scales","Black Star","Orichalcum","InkBottle","Anchor","Potion Belt","Bottled Flame","Nunchaku","Blood Vial","Kunai","Boot","Dead Branch"],"acts_visited":["Exordium","Gensokyo:Gensokyo","Gensokyo:Gensokyoer","TheEnding"],"potions_floor_usage":[22,23,33,35,44,55,55,55,55,55],"damage_taken":[{"damage":2,"enemies":"Gensokyo:3_Fairies","floor":1,"turns":7},{"damage":3,"enemies":"Gensokyo:2_Kodama","floor":2,"turns":4},{"damage":3,"enemies":"Gensokyo:Python","floor":7,"turns":4},{"damage":7,"enemies":"Gensokyo:Mamizou","floor":8,"turns":13},{"damage":0,"enemies":"Gensokyo:LivingMonolith","floor":14,"turns":3},{"damage":9,"enemies":"Gensokyo:Reimu","floor":16,"turns":8},{"damage":31,"enemies":"Gensokyo:3_Dogs","floor":18,"turns":4},{"damage":22,"enemies":"Gensokyo:AngelMirror","floor":21,"turns":4},{"damage":61,"enemies":"Gensokyo:3_Gloops","floor":22,"turns":5},{"damage":21,"enemies":"Gensokyo:Koishi","floor":23,"turns":5},{"damage":9,"enemies":"Gensokyo:Tenshi","floor":25,"turns":5},{"damage":0,"enemies":"Gensokyo:Reisen","floor":31,"turns":1},{"damage":0,"enemies":"Gensokyo:Kaguya","floor":33,"turns":8},{"damage":0,"enemies":"Gensokyo:3_Boulders","floor":35,"turns":1},{"damage":0,"enemies":"Gensokyo:AncientGuardian","floor":38,"turns":3},{"damage":16,"enemies":"Gensokyo:Kasen","floor":42,"turns":4},{"damage":10,"enemies":"Gensokyo:Sharpion","floor":44,"turns":6},{"damage":4,"enemies":"Gensokyo:Marisa","floor":45,"turns":5},{"damage":0,"enemies":"Gensokyo:Dusk_and_Dawn","floor":46,"turns":3},{"damage":8,"enemies":"Gensokyo:Doremy","floor":47,"turns":5},{"damage":0,"enemies":"Gensokyo:3_Boulders","floor":48,"turns":1},{"damage":24,"enemies":"Gensokyo:Scarlet_Devils","floor":50,"turns":8},{"damage":12,"enemies":"Shield and Spear","floor":54,"turns":3},{"damage":12,"enemies":"The Heart","floor":55,"turns":3}],"seed_played":"3781212991318989049","potions_obtained":[{"floor":7,"key":"FairyPotion"},{"floor":8,"key":"FearPotion"},{"floor":14,"key":"PowerPotion"},{"floor":16,"key":"ColorlessPotion"},{"floor":22,"key":"FearPotion"},{"floor":23,"key":"EssenceOfSteel"},{"floor":25,"key":"PowerPotion"},{"floor":25,"key":"PowerPotion"},{"floor":35,"key":"Fruit Juice"},{"floor":38,"key":"Block Potion"},{"floor":44,"key":"EssenceOfSteel"},{"floor":45,"key":"SkillPotion"},{"floor":46,"key":"ColorlessPotion"}],"is_trial":false,"path_per_floor":["M","M","?","COS","?","R","M","E","T","?","?","?","R","M","R","B",null,"M","?","COS","M","M","E","R","E","T","R","$","R","$","E","R","B",null,"M","$","?","M","?","R","?","E","T","M","E","M","E","M","R","B",null,"R","$","E","B",null],"character_chosen":"REMILIA","items_purchased":["FitfulNightmare+1","Oddly Smooth Stone","UnstableMagic","Orichalcum","Kunai"],"campfire_rested":2,"item_purchase_floors":[28,28,30,36,53],"current_hp_per_floor":[66,63,63,63,63,63,64,67,67,67,67,67,67,74,74,75,75,48,48,48,34,12,8,30,29,29,29,29,29,29,29,51,75,75,80,80,80,80,80,80,80,80,80,76,80,80,80,80,80,80,80,80,80,73,71],"gold":55,"neow_bonus":"THREE_RARE_CARDS","is_daily":false,"chose_seed":false,"campfire_upgraded":7,"win_rate":0.0,"timestamp":1610005560,"path_taken":["M","M","?","COS","?","R","M","E","T","?","?","?","R","M","R","BOSS","M","?","COS","?","M","E","R","E","T","R","?","R","$","E","R","BOSS","M","$","?","M","?","R","?","E","T","M","E","M","E","M","R","BOSS","R","$","E","BOSS"],"items_purchased_type":["Card","Relic","Card","Relic","Relic"],"build_version":"2020-12-22","purchased_purges":0,"victory":true,"max_hp_per_floor":[75,75,75,75,75,75,75,75,75,75,75,75,75,75,75,75,75,75,75,75,75,75,75,75,75,75,75,75,75,75,75,75,75,75,80,80,80,80,80,80,80,80,80,80,80,80,80,80,80,80,80,80,80,80,80],"card_choices":[{"not_picked":["TransientEternity","ScarletMeister"],"picked":"HeartBreak","floor":0},{"not_picked":["NightDance","BombardNight"],"picked":"FavorOfDestiny","floor":1},{"not_picked":["CharismaGuard","UnderTheZenith"],"picked":"VampirishNight","floor":2},{"not_picked":["DevilSight","CharismaGuard"],"picked":"AfternoonTea","floor":7},{"not_picked":["CharismaGuard","ScarletImprint"],"picked":"TransientEternity","floor":8},{"not_picked":["EndlessAdversity","BlasphemousPunishment","BombardNight"],"picked":"SKIP","floor":14},{"not_picked":["ForecastOfChange","QueenOfMidnight+1"],"picked":"ScarletMeister+1","floor":16},{"not_picked":[],"picked":"BloodAndWine","floor":18},{"not_picked":["NightDance"],"picked":"SKIP","floor":21},{"not_picked":["BloodyTrap+1"],"picked":"SKIP","floor":22},{"not_picked":[],"picked":"RedRainbow","floor":23},{"not_picked":[],"picked":"VampireFantasy","floor":25},{"not_picked":[],"picked":"NightDance+1","floor":31},{"not_picked":[],"picked":"DemonKingCradle+1","floor":33},{"not_picked":[],"picked":"NightLord","floor":35},{"not_picked":["EndlessAdversity"],"picked":"SKIP","floor":35},{"not_picked":[],"picked":"EternalNight","floor":38},{"not_picked":["BlasphemousPunishment+1"],"picked":"SKIP","floor":38},{"not_picked":["CharismaGuard+1"],"picked":"SKIP","floor":42},{"not_picked":["BlasphemousPunishment"],"picked":"SKIP","floor":44},{"not_picked":["EndlessAdversity"],"picked":"SKIP","floor":44},{"not_picked":["FavorOfDestiny"],"picked":"SKIP","floor":45},{"not_picked":["BlasphemousPunishment+1"],"picked":"SKIP","floor":46},{"not_picked":["FavorOfDestiny+1"],"picked":"SKIP","floor":46},{"not_picked":[],"picked":"LeisurelyOfLord+1","floor":47},{"not_picked":["FitfulNightmare+1"],"picked":"SKIP","floor":48},{"not_picked":["EndlessAdversity"],"picked":"SKIP","floor":48},{"not_picked":[],"picked":"UnstableMagic+1","floor":54}],"player_experience":543536,"relics_obtained":[{"floor":8,"key":"Gremlin Horn"},{"floor":9,"key":"Frozen Egg 2"},{"floor":21,"key":"Gensokyo:ConquerorOfFear"},{"floor":23,"key":"Pen Nib"},{"floor":25,"key":"Pantograph"},{"floor":26,"key":"Bag of Marbles"},{"floor":31,"key":"Bronze Scales"},{"floor":42,"key":"InkBottle"},{"floor":42,"key":"Anchor"},{"floor":45,"key":"Potion Belt"},{"floor":45,"key":"Bottled Flame"},{"floor":47,"key":"Nunchaku"},{"floor":47,"key":"Blood Vial"},{"floor":54,"key":"Boot"},{"floor":54,"key":"Dead Branch"}],"event_choices":[],"is_beta":false,"boss_relics":[{"not_picked":["Snecko Eye","Pandora\u0027s Box"],"picked":"Busted Crown"},{"not_picked":["Sozu","Empty Cage"],"picked":"Black Star"}],"items_purged_floors":[],"is_endless":false,"potions_floor_spawned":[14,16,25,31,35,38,46,47,54],"ascension_level":7}}