{"host":"jm45p5sme67dvpdw","time":1610035861,"event":{"mods":["BaseMod","Downfall","Friendly Minions","Hubris","Infinite Spire","Jorbs\u0027s Wanderer Trilogy","Kiyohime????","Koishi","Marisa????????","Minty Spire (QoL Compilation)","Prisma Mod","READ ME - Guardian Mod","READ ME - Snecko Mod","Remilia??????","Replay The Spire","Shop Mod","StSLib","Td1madao Mod","The Animator","The Bug Knight","The Construct","The Cursed","The Disciple","The Hierophant","The Jungle","The Necromancer","The Servant 0.9.4"],"gold_per_floor":[115,130,143,155,174,174,187,187,187,204,222,233,248,263,263,366,366,382,405,423,423,272,272,287,307,307,325,325,325],"floor_reached":28,"playtime":2752,"items_purged":[],"score":222,"play_id":"1f42b4e3-fadd-4b20-983a-c198afd8a850","local_time":"20210107191101","is_ascension_mode":false,"campfire_choices":[{"data":"FlurryOfBlows","floor":6,"key":"SMITH"},{"data":"FlurryOfBlows","floor":8,"key":"SMITH"},{"floor":15,"key":"REST"},{"floor":23,"key":"RECALL"}],"circlet_count":0,"master_deck":["Strike_P","Strike_P","Defend_P","Defend_P","Defend_P","Defend_P","Eruption","Vigilance","Replay:BluntJabs","FlurryOfBlows+1","FlurryOfBlows+1","Replay:BluntJabs","EmptyFist","Consecrate","FlyingSleeves","Tantrum","ConjureBlade","Brilliance+1","Vengeance+1","WreathOfFlame+1","EmptyFist+1","FlurryOfBlows"],"relics":["PureWater","Mummified Hand","Astrolabe","infinitespire:PuzzleCube","Singing Bowl"],"acts_visited":["Exordium","TheCity"],"potions_floor_usage":[1,4,16,16],"damage_taken":[{"damage":10,"enemies":"Cultist","floor":1,"turns":6},{"damage":1,"enemies":"Jaw Worm","floor":2,"turns":4},{"damage":0,"enemies":"2 Louse","floor":3,"turns":2},{"damage":4,"enemies":"Exordium Thugs","floor":4,"turns":5},{"damage":7,"enemies":"Exordium Wildlife","floor":5,"turns":3},{"damage":0,"enemies":"Looter","floor":7,"turns":2},{"damage":2,"enemies":"Blue Slaver","floor":10,"turns":2},{"damage":0,"enemies":"3 Louse","floor":11,"turns":3},{"damage":5,"enemies":"Looter","floor":12,"turns":3},{"damage":13,"enemies":"Gremlin Gang","floor":13,"turns":4},{"damage":12,"enemies":"Blue Slaver","floor":14,"turns":3},{"damage":32,"enemies":"Hexaghost","floor":16,"turns":8},{"damage":10,"enemies":"Chosen","floor":18,"turns":4},{"damage":13,"enemies":"3 Byrds","floor":20,"turns":5},{"damage":20,"enemies":"3 Cultists","floor":24,"turns":6},{"damage":30,"enemies":"Snake Plant","floor":25,"turns":4},{"damage":20,"enemies":"Shelled Parasite and Fungi","floor":27,"turns":3},{"damage":9,"enemies":"Sentry and Sphere","floor":28,"turns":2}],"seed_played":"-73672507857663056","potions_obtained":[{"floor":0,"key":"StancePotion"},{"floor":0,"key":"SteroidPotion"},{"floor":0,"key":"LiquidMemories"},{"floor":4,"key":"Ambrosia"},{"floor":5,"key":"hexamod:EctoCoolerPotion"},{"floor":18,"key":"Ancient Potion"},{"floor":25,"key":"Elixir"}],"is_trial":false,"path_per_floor":["M","M","M","M","M","R","M","R","T","M","M","M","M","M","R","B",null,"M","T","M","?","$","R","M","M","T","M","M"],"character_chosen":"WATCHER","items_purchased":["infinitespire:PuzzleCube"],"campfire_rested":1,"item_purchase_floors":[22],"current_hp_per_floor":[62,61,61,57,50,50,50,50,50,48,48,43,30,18,39,7,72,62,62,49,72,72,72,52,22,22,4,0,0],"gold":325,"neow_bonus":"THREE_SMALL_POTIONS","is_daily":false,"chose_seed":false,"campfire_upgraded":2,"win_rate":0.0,"timestamp":1610035861,"path_taken":["M","M","?","M","M","R","M","R","T","M","M","M","M","M","R","BOSS","M","?","M","?","$","R","M","M","T","M","?"],"items_purchased_type":["Relic"],"build_version":"2020-12-22","purchased_purges":0,"victory":false,"max_hp_per_floor":[72,72,72,72,72,72,72,72,72,72,72,72,72,72,72,72,72,72,72,72,72,72,72,72,72,72,74,74,74],"card_choices":[{"not_picked":["ThirdEye","ClearTheMind"],"picked":"Replay:BluntJabs","floor":1},{"not_picked":["CrushJoints","Tantrum"],"picked":"FlurryOfBlows","floor":2},{"not_picked":["CarveReality","Blasphemy"],"picked":"Replay:AtTheReady","floor":3},{"not_picked":["Meditate","BowlingBash"],"picked":"FlurryOfBlows","floor":4},{"not_picked":["FlyingSleeves","ClearTheMind"],"picked":"Replay:BluntJabs","floor":5},{"not_picked":["Replay:Anticipation","Replay:Hum"],"picked":"EmptyFist","floor":7},{"not_picked":["ThirdEye","Replay:LoomingThreat"],"picked":"Consecrate","floor":10},{"not_picked":["Wallop","WreathOfFlame"],"picked":"FlyingSleeves","floor":11},{"not_picked":["Swivel","DeceiveReality"],"picked":"Tantrum","floor":12},{"not_picked":["Nirvana","Study","Collect"],"picked":"SKIP","floor":13},{"not_picked":["CutThroughFate","Replay:ManipulateFuture","Evaluate"],"picked":"SKIP","floor":14},{"not_picked":["Vault","Omniscience"],"picked":"ConjureBlade","floor":16},{"not_picked":["Tantrum","Replay:BluntJabs","ClearTheMind"],"picked":"SKIP","floor":18},{"not_picked":["Pray+1","ClearTheMind","Meditate"],"picked":"SKIP","floor":20},{"not_picked":["CrushJoints","ClearTheMind"],"picked":"EmptyFist+1","floor":24},{"not_picked":["Prostrate","Consecrate"],"picked":"FlurryOfBlows","floor":25},{"not_picked":["Nirvana","Indignation","Brilliance"],"picked":"Singing Bowl","floor":27}],"player_experience":194780,"relics_obtained":[{"floor":9,"key":"Mummified Hand"},{"floor":26,"key":"Singing Bowl"}],"event_choices":[{"damage_healed":24,"gold_gain":0,"player_choice":"Heal","damage_taken":0,"max_hp_gain":0,"max_hp_loss":0,"event_name":"The Library","floor":21,"gold_loss":0}],"is_beta":false,"boss_relics":[{"not_picked":["Painkiller Herb","Kintsugi"],"picked":"Astrolabe"}],"items_purged_floors":[],"is_endless":false,"potions_floor_spawned":[4,5,11,13,18,25],"killed_by":"Sentry and Sphere","ascension_level":0}}