{"host":"0fmi5fguj5lvt8pf","time":1610013160,"event":{"mods":["BaseMod","Colored Map","Curses Come First","Downfall","Minty Spire (QoL Compilation)","Permanent Neow","StSLib","Waifu the Spire"],"gold_per_floor":[0,13,13,29,129,146,224,56,67,67,86,86,100,100,116,220,220,220,237,257,67,167,184,231,262,273,299,318,93,193,203,220,318,318,318,329,329,342,299,310,310,310,344,195,229,279,279,326,345,345,345,376,33,33,33],"floor_reached":56,"playtime":4723,"items_purged":["Guardian:Gem_Fragmented"],"score":1266,"play_id":"c4037e19-99fb-4906-b2c9-4aee03a37dc2","local_time":"20210107015240","is_ascension_mode":false,"campfire_choices":[{"data":"Sadistic Nature","floor":1.0,"key":"SMITH"},{"data":"Guardian:CurlUp","floor":10.0,"key":"SMITH"},{"floor":18.0,"key":"RECALL"},{"data":"Guardian:StasisField","floor":29.0,"key":"SMITH"},{"data":"Guardian:SentryBeam","floor":35.0,"key":"SMITH"},{"floor":47,"key":"REST"},{"data":"Guardian:Repulse","floor":54,"key":"SMITH"}],"circlet_count":0,"master_deck":["Guardian:Strike_Guardian","Guardian:Defend_Guardian+1","Guardian:CurlUp+1","Sadistic Nature+1","Guardian:Preprogram","Guardian:TemporalShield","Guardian:GemFinder+1","Guardian:ChargeCore","Guardian:ArmoredProtocol+1","Guardian:ChargeCore","Guardian:StasisField+1","Guardian:DecasProtection+1","Guardian:MultiBeam+1","Guardian:TemporalStrike+1","Guardian:BronzeOrb+1","Sadistic Nature","Guardian:PrimingBeam+1","Guardian:TemporalStrike","Guardian:SentryBeam+1","Guardian:Repulse+1","Guardian:Suspension+1","Guardian:Gem_Purple","Guardian:VentSteam+1","Guardian:Recover+1","Guardian:Reroute+1","Guardian:BronzeOrb","Sadistic Nature"],"relics":["Guardian:ModeShifter","War Paint","InkBottle","champ:Barbells","Astrolabe","Regal Pillow","sneckomod:BlankCard","downfall:HeartBlessingRed","downfall:HeartBlessingGreen","downfall:HeartBlessingBlue","MutagenicStrength","Guardian:PocketSentry","Guardian:BottledStasis","Incense Burner","Akabeko","Orrery","Toy Ornithopter","Pocketwatch","Torii","Unceasing Top","Lee\u0027s Waffle"],"acts_visited":["Exordium","TheCity","TheBeyond","TheEnding"],"potions_floor_usage":[39,43,48,52],"damage_taken":[{"damage":0.0,"enemies":"Jaw Worm","floor":2.0,"turns":3.0},{"damage":0.0,"enemies":"2 Louse","floor":4.0,"turns":2.0},{"damage":10.0,"enemies":"downfall:Heads","floor":5.0,"turns":6.0},{"damage":6.0,"enemies":"Cultist","floor":6.0,"turns":3.0},{"damage":0.0,"enemies":"downfall:FleeingMerchant","floor":8.0,"turns":4.0},{"damage":5.0,"enemies":"Exordium Thugs","floor":9.0,"turns":5.0},{"damage":0.0,"enemies":"Exordium Wildlife","floor":11.0,"turns":4.0},{"damage":0.0,"enemies":"Blue Slaver","floor":13.0,"turns":3.0},{"damage":7.0,"enemies":"Large Slime","floor":15.0,"turns":4.0},{"damage":7.0,"enemies":"downfall:Ironclad","floor":16.0,"turns":9.0},{"damage":4.0,"enemies":"Shell Parasite","floor":19.0,"turns":5.0},{"damage":1.0,"enemies":"Spheric Guardian","floor":20.0,"turns":4.0},{"damage":0.0,"enemies":"downfall:FleeingMerchant","floor":21.0,"turns":4.0},{"damage":12.0,"enemies":"Snake Plant","floor":23.0,"turns":4.0},{"damage":18.0,"enemies":"Slavers","floor":25.0,"turns":5.0},{"damage":12.0,"enemies":"Shelled Parasite and Fungi","floor":26.0,"turns":6.0},{"damage":0.0,"enemies":"Gremlin Leader","floor":27.0,"turns":5.0},{"damage":8.0,"enemies":"Snecko","floor":28.0,"turns":7.0},{"damage":5.0,"enemies":"downfall:Augmenter","floor":30.0,"turns":5.0},{"damage":1.0,"enemies":"Cultist and Chosen","floor":31.0,"turns":4.0},{"damage":12.0,"enemies":"Snake Plant","floor":32.0,"turns":4.0},{"damage":7.0,"enemies":"downfall:Watcher","floor":33.0,"turns":6.0},{"damage":0.0,"enemies":"Orb Walker","floor":36.0,"turns":3.0},{"damage":3,"enemies":"3 Shapes","floor":38,"turns":4},{"damage":4,"enemies":"downfall:FleeingMerchant","floor":39,"turns":3},{"damage":0,"enemies":"Sphere and 2 Shapes","floor":40,"turns":3},{"damage":25,"enemies":"Nemesis","floor":43,"turns":5},{"damage":0,"enemies":"Giant Head","floor":45,"turns":5},{"damage":0,"enemies":"Mind Bloom Boss Battle","floor":46,"turns":5},{"damage":0,"enemies":"2 Orb Walkers","floor":48,"turns":3},{"damage":0,"enemies":"3 Darklings","floor":49,"turns":3},{"damage":16,"enemies":"downfall:Silent","floor":50,"turns":5},{"damage":63,"enemies":"downfall:CharBossMerchant","floor":52,"turns":9},{"damage":23,"enemies":"downfall:NeowBoss","floor":55,"turns":18}],"seed_played":"-7945850245490108605","potions_obtained":[{"floor":9.0,"key":"Guardian:AcceleratePotion"},{"floor":11.0,"key":"DistilledChaos"},{"floor":13.0,"key":"Dexterity Potion"},{"floor":16.0,"key":"PowerPotion"},{"floor":26.0,"key":"Explosive Potion"},{"floor":31.0,"key":"Regen Potion"},{"floor":32.0,"key":"BlessingOfTheForge"},{"floor":33.0,"key":"hexamod:EctoCoolerPotion"},{"floor":38,"key":"EssenceOfSteel"},{"floor":45,"key":"SteroidPotion"},{"floor":49,"key":"SneckoOil"}],"is_trial":false,"path_per_floor":["R","M","?","M","?","M","T","$","M","R","M","?","M","?","M","B",null,"R","M","M","$","?","M","T","E","M","E","M","R","?","M","M","B",null,"R","M","?","M","$","M","T","?","E","$","E","?","R","?","M","B",null,"E","$","R","B",null],"character_chosen":"GUARDIAN","items_purchased":["champ:Barbells","Sadistic Nature","Guardian:PocketSentry","Guardian:BottledStasis","Orrery","Lee\u0027s Waffle","Sadistic Nature"],"campfire_rested":1,"item_purchase_floors":[8,21,39,39,44,53,53],"current_hp_per_floor":[80,80,73,73,63,57,57,57,52,52,52,52,52,52,45,38,80,80,76,75,75,75,63,63,45,33,33,25,35,30,29,17,25,90,90,90,90,87,83,83,83,83,58,58,58,58,90,90,90,74,90,29,97,97,74],"gold":33,"neow_bonus":"RANDOM_COLORLESS_2","is_daily":false,"chose_seed":false,"campfire_upgraded":5,"win_rate":0.0,"timestamp":1610013160,"path_taken":["R","M","?","M","?","M","T","?","M","R","?","?","M","?","M","BOSS","R","M","M","$","?","M","T","E","?","E","M","R","?","M","M","BOSS","R","M","?","M","$","M","T","?","E","$","E","?","R","?","M","BOSS","E","$","R","BOSS"],"items_purchased_type":["Relic","Card","Relic","Relic","Relic","Relic","Card"],"build_version":"2020-12-22","purchased_purges":1,"victory":true,"max_hp_per_floor":[80,80,80,80,80,80,80,80,80,80,80,80,80,80,80,80,80,80,80,80,80,80,80,80,80,80,80,80,90,90,90,90,90,90,90,90,90,90,90,90,90,90,90,90,90,90,90,90,90,90,90,90,97,97,97],"card_choices":[{"not_picked":["HandOfGreed","Mayhem"],"picked":"Sadistic Nature","floor":0.0},{"not_picked":["Guardian:Gem_Lightblue","Guardian:Gem_Yellow"],"picked":"Guardian:Gem_Crimson","floor":2.0},{"not_picked":["Guardian:ShieldSpikes","Guardian:PrismaticBeam"],"picked":"Guardian:Preprogram","floor":4.0},{"not_picked":["Guardian:PiercingHide","Guardian:VentSteam"],"picked":"Guardian:GemFinder","floor":5.0},{"not_picked":["Guardian:Gem_Lightblue","Guardian:Gem_Red"],"picked":"Guardian:Gem_Cyan","floor":6.0},{"not_picked":["Guardian:PrimingBeam","Guardian:Planning"],"picked":"Guardian:ChargeCore","floor":6.0},{"not_picked":["Guardian:RevengeProtocol","Guardian:VentSteam","Guardian:Emergency"],"picked":"SKIP","floor":8.0},{"not_picked":["Guardian:Gem_Green","Guardian:Gem_Lightblue"],"picked":"Guardian:Gem_Cyan","floor":9.0},{"not_picked":["Guardian:PrimingBeam","Guardian:Gem_Lightblue"],"picked":"Guardian:ArmoredProtocol","floor":9.0},{"not_picked":["Guardian:RollAttack","Guardian:VentSteam"],"picked":"Guardian:Gem_Fragmented","floor":11.0},{"not_picked":["Guardian:ConstructionForm","Guardian:Planning"],"picked":"Guardian:ChargeCore","floor":13.0},{"not_picked":["Guardian:Emergency","Guardian:Incinerate"],"picked":"Guardian:Recover","floor":15.0},{"not_picked":["Guardian:FierceBash","Guardian:Gem_Synthetic"],"picked":"Guardian:StasisField","floor":16.0},{"not_picked":["Guardian:Gem_Green","Guardian:Gem_Lightblue"],"picked":"Guardian:Gem_Cyan","floor":16.0},{"not_picked":["Guardian:FloatingOrbs","Guardian:ShieldCharger"],"picked":"Guardian:TemporalStrike+1","floor":19.0},{"not_picked":["Guardian:CrystalBeam","Guardian:RefractedBeam","Guardian:Gem_Cyan"],"picked":"SKIP","floor":20.0},{"not_picked":["Guardian:Gem_Red","Guardian:TimeBomb"],"picked":"Guardian:BronzeOrb","floor":21.0},{"not_picked":["Guardian:Gem_Green","Guardian:Gem_Lightblue"],"picked":"Guardian:Gem_Cyan","floor":23.0},{"not_picked":["Guardian:WalkerClaw","Guardian:FierceBash","Guardian:Orbwalk+1"],"picked":"SKIP","floor":23.0},{"not_picked":["Guardian:WalkerClaw","Guardian:TimeSifter","Guardian:Gem_Red"],"picked":"SKIP","floor":25.0},{"not_picked":["Guardian:FuturePlans","Guardian:VentSteam"],"picked":"Guardian:Gem_Crimson","floor":26.0},{"not_picked":["Guardian:Harden","Guardian:RefractedBeam"],"picked":"Guardian:Gem_Yellow","floor":27.0},{"not_picked":["Guardian:Gem_Crimson","Guardian:Incinerate"],"picked":"Guardian:PrimingBeam+1","floor":28.0},{"not_picked":["Guardian:CrystalBeam","Guardian:VentSteam"],"picked":"Guardian:SentryBeam","floor":30.0},{"not_picked":["Guardian:RefractedBeam+1","Guardian:ShieldCharger+1"],"picked":"Guardian:Repulse","floor":31.0},{"not_picked":["Guardian:ChargeCore","Guardian:Suspension","Guardian:RollAttack"],"picked":"SKIP","floor":32.0},{"not_picked":["Guardian:FierceBash","Guardian:TimeSifter"],"picked":"Guardian:Gem_Orange","floor":33.0},{"not_picked":["Guardian:PiercingHide","Guardian:WalkerClaw+1"],"picked":"Guardian:Suspension+1","floor":36},{"not_picked":["Guardian:Gem_Lightblue","Guardian:TemporalStrike","Guardian:FierceBash"],"picked":"SKIP","floor":38},{"not_picked":["Guardian:Gem_Red","Guardian:Gem_Fragmented","Guardian:WalkerClaw+1"],"picked":"SKIP","floor":39},{"not_picked":["Guardian:Clone","Guardian:Gem_Crimson"],"picked":"Guardian:VentSteam+1","floor":40},{"not_picked":["Guardian:Gem_Green","Guardian:Repulse+1"],"picked":"Guardian:Gem_Blue","floor":43},{"not_picked":["Guardian:PiercingHide","Guardian:SentryBeam"],"picked":"Guardian:Recover","floor":44},{"not_picked":["Guardian:ConstructionForm","Guardian:Gem_Crimson","Guardian:Reroute"],"picked":"SKIP","floor":45},{"not_picked":["Guardian:WalkerClaw","Guardian:CrystalBeam+1"],"picked":"Guardian:Reroute+1","floor":49},{"not_picked":["Guardian:Reroute","Guardian:Gem_Cyan"],"picked":"Guardian:BronzeOrb","floor":52}],"player_experience":1301674,"relics_obtained":[{"floor":7.0,"key":"InkBottle"},{"floor":25.0,"key":"Regal Pillow"},{"floor":27.0,"key":"sneckomod:BlankCard"},{"floor":30.0,"key":"MutagenicStrength"},{"floor":41,"key":"Incense Burner"},{"floor":43,"key":"Akabeko"},{"floor":45,"key":"Toy Ornithopter"},{"floor":46,"key":"Pocketwatch"},{"floor":48,"key":"Torii"},{"floor":52,"key":"Unceasing Top"}],"event_choices":[{"damage_healed":0.0,"max_hp_gain":0.0,"max_hp_loss":0.0,"gold_gain":0.0,"event_name":"Scrap Ooze","player_choice":"Success","floor":3.0,"gold_loss":0.0,"damage_taken":7.0,"relics_obtained":["War Paint"]},{"cards_removed":["Guardian:Defend_Guardian"],"damage_healed":0.0,"max_hp_gain":0.0,"max_hp_loss":0.0,"gold_gain":0.0,"event_name":"The Cleric","player_choice":"Card Removal","floor":12.0,"gold_loss":0.0,"damage_taken":0.0},{"damage_healed":0.0,"max_hp_gain":0.0,"max_hp_loss":0.0,"gold_gain":0.0,"event_name":"NoteForYourself","player_choice":"Ignored","floor":14.0,"gold_loss":0.0,"damage_taken":0.0},{"cards_removed":["Guardian:Recover"],"damage_healed":0,"gold_gain":0,"player_choice":"Removed Skill","damage_taken":0,"max_hp_gain":0,"max_hp_loss":0,"event_name":"Falling","floor":42,"gold_loss":0},{"damage_healed":0,"gold_gain":0,"player_choice":"Fight","damage_taken":0,"max_hp_gain":0,"max_hp_loss":0,"event_name":"Mysterious Sphere","floor":48,"gold_loss":0}],"is_beta":false,"boss_relics":[{"not_picked":["Runic Dome","Tiny House"],"picked":"Astrolabe"},{"not_picked":["Guardian:StasisSlotReductionRelic","Philosopher\u0027s Stone","Busted Crown"]}],"items_purged_floors":[39],"is_endless":false,"potions_floor_spawned":[9,11,13,16,20,23,26,31,32,33,38,45,49],"ascension_level":0}}