{"host":"7ujeuwna6w12ycq4","time":1610034328,"event":{"mods":["BaseMod","Minty Spire (QoL Compilation)","Quick Restart","SuperFastMode"],"gold_per_floor":[118,72,72,33,33,63,13,13,40,52,52,52,69,85,85,182,182,182,182],"floor_reached":18,"playtime":712,"items_purged":[],"score":158,"play_id":"604afa9a-db32-4c83-a945-51e91f730d84","local_time":"20210107234528","is_ascension_mode":false,"campfire_choices":[{"data":"Eruption","floor":8,"key":"SMITH"},{"data":"Adaptation","floor":12,"key":"SMITH"},{"data":"Crescendo","floor":15,"key":"SMITH"}],"circlet_count":0,"master_deck":["Strike_P","Strike_P","Strike_P","Strike_P+1","Defend_P","Defend_P+1","Defend_P","Defend_P","Eruption+1","Vigilance","Adaptation+1","JustLucky","Collect","Perseverance+1","EmptyBody","Crescendo+1","ReachHeaven","Judgement"],"relics":["PureWater","Toy Ornithopter","Orichalcum","Oddly Smooth Stone","Bag of Preparation","Runic Pyramid"],"acts_visited":["Exordium","TheCity"],"potions_floor_usage":[16],"damage_taken":[{"damage":0,"enemies":"Cultist","floor":1,"turns":4},{"damage":16,"enemies":"Lagavulin","floor":6,"turns":6},{"damage":0,"enemies":"Small Slimes","floor":10,"turns":2},{"damage":4,"enemies":"Jaw Worm","floor":13,"turns":5},{"damage":2,"enemies":"Looter","floor":14,"turns":2},{"damage":11,"enemies":"Hexaghost","floor":16,"turns":11},{"damage":43,"enemies":"3 Byrds","floor":18,"turns":3}],"seed_played":"-5218538476770749994","potions_obtained":[{"floor":1,"key":"Weak Potion"},{"floor":6,"key":"AttackPotion"},{"floor":10,"key":"BottledMiracle"}],"is_trial":false,"path_per_floor":["M","$","?","$","?","E","?","R","T","M","?","R","M","M","R","B",null,"M"],"character_chosen":"WATCHER","items_purchased":["JustLucky","Collect"],"campfire_rested":0,"item_purchase_floors":[2,4],"current_hp_per_floor":[72,72,72,72,58,42,42,42,42,42,42,42,38,36,36,30,72,29,29],"gold":182,"neow_bonus":"RANDOM_COMMON_RELIC","is_daily":false,"chose_seed":false,"campfire_upgraded":3,"win_rate":0.0,"timestamp":1610034328,"path_taken":["M","?","?","?","?","E","?","R","T","M","?","R","?","M","R","BOSS","M"],"items_purchased_type":["Card","Card"],"build_version":"2020-12-22","purchased_purges":0,"victory":false,"max_hp_per_floor":[72,72,72,72,72,72,72,72,72,72,72,72,72,72,72,72,72,72,72],"card_choices":[{"not_picked":["Swivel","ThirdEye"],"picked":"Adaptation","floor":1},{"not_picked":["Sanctity","BowlingBash"],"picked":"Perseverance","floor":6},{"not_picked":["ThirdEye","Collect"],"picked":"EmptyBody","floor":10},{"not_picked":["Prostrate","DeusExMachina"],"picked":"Crescendo","floor":13},{"not_picked":["Evaluate","CutThroughFate"],"picked":"ReachHeaven","floor":14},{"not_picked":["Blasphemy","MasterReality"],"picked":"Judgement","floor":16}],"player_experience":217497,"relics_obtained":[{"floor":6,"key":"Oddly Smooth Stone"},{"floor":9,"key":"Bag of Preparation"}],"event_choices":[{"damage_healed":0,"gold_gain":0,"player_choice":"Box","damage_taken":0,"relics_obtained":["Orichalcum"],"max_hp_gain":0,"max_hp_loss":0,"event_name":"Big Fish","floor":3,"gold_loss":0,"cards_obtained":["Regret"]},{"damage_healed":0,"gold_gain":0,"player_choice":"Entered Light","damage_taken":14,"max_hp_gain":0,"max_hp_loss":0,"event_name":"Shining Light","floor":5,"gold_loss":0,"cards_upgraded":["Defend_P","Strike_P"]},{"cards_removed":["Regret"],"damage_healed":0,"gold_gain":0,"player_choice":"Card Removal","damage_taken":0,"max_hp_gain":0,"max_hp_loss":0,"event_name":"The Cleric","floor":7,"gold_loss":50},{"damage_healed":0,"gold_gain":0,"player_choice":"Forge","damage_taken":0,"max_hp_gain":0,"max_hp_loss":0,"event_name":"Accursed Blacksmith","floor":11,"gold_loss":0,"cards_upgraded":["Perseverance"]}],"is_beta":false,"boss_relics":[{"not_picked":["Coffee Dripper","Ectoplasm"],"picked":"Runic Pyramid"}],"items_purged_floors":[],"is_endless":false,"potions_floor_spawned":[1,6,10,13],"killed_by":"3 Byrds","ascension_level":0}}