{"host":"kabf61oc9jgfwufg","time":1610019447,"event":{"mods":["AchievementEnabler","Act Like it!","Aspiration","BaseMod","Conspire","GifTheSpireLib","Halation","HexUI Lib","Hubris","Infinite Spire","Minty Spire (QoL Compilation)","Quick Restart","Rare Cards Sparkle","Replay The Spire","Shop Mod","StSLib","Waifu the Spire"],"gold_per_floor":[118,118,83,96,96,96,109,122,199,229,229,262,280,296,296,296,296],"floor_reached":16,"playtime":529,"items_purged":[],"score":112,"play_id":"13dff37e-34c0-4382-bc0e-f1093e87f2b7","local_time":"20210107113727","is_ascension_mode":false,"campfire_choices":[{"data":"1","floor":6,"key":"LIFT"},{"data":"2","floor":11,"key":"LIFT"},{"floor":15,"key":"REST"}],"circlet_count":0,"master_deck":["Strike_G","Strike_G","Strike_G","Strike_G","Strike_G","Defend_G","Defend_G","Defend_G","Defend_G","Defend_G","Survivor","Neutralize","Outmaneuver","Underhanded Strike","Backstab","Underhanded Strike+1","infinitespire:Neurotoxin","conspire:DoublingDagger","Choke+1"],"relics":["Ring of the Snake","Girya","Molten Egg 2","Orichalcum","PreservedInsect"],"acts_visited":["Exordium"],"potions_floor_usage":[10,12,14,16,16],"damage_taken":[{"damage":0,"enemies":"Small Slimes","floor":1,"turns":6},{"damage":13,"enemies":"2 Louse","floor":4,"turns":3},{"damage":9,"enemies":"Jaw Worm","floor":7,"turns":5},{"damage":8,"enemies":"3 Louse","floor":8,"turns":6},{"damage":18,"enemies":"Gremlin Nob","floor":10,"turns":3},{"damage":16,"enemies":"Lagavulin","floor":12,"turns":6},{"damage":0,"enemies":"Blue Slaver","floor":13,"turns":3},{"damage":0,"enemies":"Looter","floor":14,"turns":1},{"damage":27,"enemies":"Hexaghost","floor":16,"turns":9}],"seed_played":"-8720472441560956739","potions_obtained":[{"floor":4,"key":"PowerPotion"},{"floor":8,"key":"Death Potion"},{"floor":12,"key":"Fire Potion"},{"floor":13,"key":"Weak Potion"},{"floor":14,"key":"Poison Potion"}],"is_trial":false,"path_per_floor":["M","?","?","M","?","R","M","M","T","E","R","E","M","M","R","B"],"character_chosen":"THE_SILENT","items_purchased":[],"campfire_rested":1,"item_purchase_floors":[],"current_hp_per_floor":[70,70,70,57,54,54,45,37,37,19,19,3,3,3,24,0,0],"gold":296,"neow_bonus":"THREE_CARDS","is_daily":false,"chose_seed":false,"campfire_upgraded":0,"win_rate":0.0,"timestamp":1610019447,"path_taken":["M","?","?","M","?","R","M","M","T","E","R","E","?","M","R","BOSS"],"items_purchased_type":[],"build_version":"2020-12-22","purchased_purges":0,"victory":false,"max_hp_per_floor":[70,70,70,70,70,70,70,70,70,70,70,70,70,70,70,70,70],"card_choices":[{"not_picked":["Acrobatics","Slice"],"picked":"Outmaneuver","floor":0.0},{"not_picked":["Escape Plan","PiercingWail","hubris:SlightOfHand"],"picked":"SKIP","floor":1},{"not_picked":["Prepared","PiercingWail","Calculated Gamble"],"picked":"SKIP","floor":4},{"not_picked":["Noxious Fumes","hubris:SlightOfHand"],"picked":"Underhanded Strike","floor":7},{"not_picked":["Deadly Poison","Tools of the Trade"],"picked":"Backstab","floor":8},{"not_picked":["Sneak Up","Caltrops"],"picked":"Underhanded Strike+1","floor":10},{"not_picked":["Underhanded Strike+1","Skewer+1"],"picked":"infinitespire:Neurotoxin","floor":12},{"not_picked":["hubris:TrickCloak","Hidden Blade"],"picked":"conspire:DoublingDagger","floor":13},{"not_picked":["ReplayTheSpireMod:Shiv Toss","Prepared"],"picked":"Choke+1","floor":14}],"player_experience":56202,"relics_obtained":[{"floor":9,"key":"Molten Egg 2"},{"floor":10,"key":"Orichalcum"},{"floor":12,"key":"PreservedInsect"}],"event_choices":[{"damage_healed":17,"gold_gain":0,"player_choice":"Healed","damage_taken":0,"max_hp_gain":0,"max_hp_loss":0,"event_name":"The Cleric","floor":3,"gold_loss":35},{"damage_healed":0,"gold_gain":0,"player_choice":"Success","damage_taken":3,"relics_obtained":["Girya"],"max_hp_gain":0,"max_hp_loss":0,"event_name":"Scrap Ooze","floor":5,"gold_loss":0}],"is_beta":false,"boss_relics":[],"items_purged_floors":[],"is_endless":false,"potions_floor_spawned":[4,8,12,13,14],"killed_by":"Hexaghost","ascension_level":0}}