{"host":"nn0edaa7b52nfvq0","time":1610007342,"event":{"mods":["100% Spire Juice","AchievementEnabler","Act Like it!","Aspiration","BaseMod","Better Altar","Better Note","Better Third Choice","BetterRewards","Colored Map","Friendly Minions","Gensokyo","HololiveMod","Koishi","KomeijiMod","Marisa（霧雨　魔理沙）","Minty Spire (QoL Compilation)","Permanent Neow","Reimu（博??梦）","Relic Sorter","StSLib","SuperFastMode","Waifu the Spire","WarShipGirlsR/??少女R mod","Yohane!"],"gold_per_floor":[110,110,110,110,110,122,138,138,138,50,64,64,79,92,92,193,193,207,226,243,258,277,307,232,232,232,249,282,282,296,323,323,426,426,440,440,455,471,471,471,497,510,510,610,622,641,129,164,164,164],"floor_reached":51,"playtime":3420,"items_purged":["Strike_R","Parasite"],"score":947,"play_id":"066616b1-8e45-49d0-a0f7-052679b7f9c0","local_time":"20210107001542","is_ascension_mode":true,"campfire_choices":[{"data":"Seeing Red","floor":8,"key":"SMITH"},{"data":"Pommel Strike","floor":12,"key":"SMITH"},{"data":"Body Slam","floor":15,"key":"SMITH"},{"data":"True Grit","floor":25,"key":"SMITH"},{"data":"Entrench","floor":32,"key":"SMITH"},{"data":"Offering","floor":40,"key":"SMITH"},{"data":"Entrench","floor":49,"key":"SMITH"}],"circlet_count":0,"master_deck":["Strike_R","Strike_R","Defend_R","Defend_R","Defend_R","Bash+1","Seeing Red+1","Battle Trance","Pommel Strike+1","Flash of Steel+1","Body Slam+1","Flame Barrier","True Grit+1","Iron Wave+1","True Grit+1","Iron Wave+1","Entrench+1","Entrench+1","Offering+1","Body Slam+1","Headbutt+1"],"relics":["Burning Blood","Mastiff:ReiMu","Pen Nib","HoshigumaDish","Girya","aspiration:HummingbirdHeart","MiniHakkero","aspiration:Nostalgia","Strawberry","Hololive_LightStick","Black Star","Lantern","Whetstone","Blood Vial","FossilizedHelix","Sozu","Pantograph","The Courier","CrazyTorch:ReiMu","aspiration:Lifesprig","ClockworkSouvenir","Mercury Hourglass","Nunchaku","Gremlin Horn"],"acts_visited":["Exordium","TheCity","TheBeyond"],"potions_floor_usage":[33,37,50],"damage_taken":[{"damage":7,"enemies":"Gensokyo:2_Kodama","floor":1,"turns":7},{"damage":3,"enemies":"Gensokyo:Gryphon","floor":6,"turns":3},{"damage":0,"enemies":"Gensokyo:3_Fairies","floor":7,"turns":3},{"damage":0,"enemies":"Gensokyo:3_Kodama","floor":11,"turns":3},{"damage":0,"enemies":"Gensokyo:2_Rabbits","floor":13,"turns":3},{"damage":0,"enemies":"Gensokyo:Gryphon_and_Rabbit","floor":14,"turns":3},{"damage":29,"enemies":"Gensokyo:Kokoro","floor":16,"turns":8},{"damage":0,"enemies":"3 Byrds","floor":18,"turns":3},{"damage":0,"enemies":"2 Thieves","floor":19,"turns":4},{"damage":8,"enemies":"Centurion and Healer","floor":20,"turns":3},{"damage":26,"enemies":"3 Cultists","floor":21,"turns":7},{"damage":0,"enemies":"Snake Plant","floor":22,"turns":4},{"damage":12,"enemies":"Slavers","floor":23,"turns":6},{"damage":0,"enemies":"Cultist and Chosen","floor":27,"turns":5},{"damage":0,"enemies":"Book of Stabbing","floor":28,"turns":4},{"damage":7,"enemies":"Sentry and Sphere","floor":30,"turns":4},{"damage":0,"enemies":"Slavers","floor":31,"turns":5},{"damage":21,"enemies":"Collector","floor":33,"turns":11},{"damage":0,"enemies":"Orb Walker","floor":35,"turns":2},{"damage":11,"enemies":"3 Darklings","floor":37,"turns":6},{"damage":0,"enemies":"Jaw Worm Horde","floor":38,"turns":3},{"damage":0,"enemies":"Reptomancer","floor":41,"turns":4},{"damage":0,"enemies":"Transient","floor":42,"turns":5},{"damage":0,"enemies":"Writhing Mass","floor":45,"turns":4},{"damage":0,"enemies":"4 Shapes","floor":46,"turns":5},{"damage":0,"enemies":"Giant Head","floor":48,"turns":4},{"damage":26,"enemies":"Time Eater","floor":50,"turns":11}],"seed_played":"-480949970819953505","potions_obtained":[{"floor":11,"key":"Regen Potion"},{"floor":13,"key":"Weak Potion"},{"floor":16,"key":"UndeadPotion"},{"floor":21,"key":"Fire Potion"},{"floor":30,"key":"Weak Potion"}],"is_trial":false,"path_per_floor":["M","?","?","?","T","M","M","R","T","$","M","R","M","M","R","B",null,"M","M","M","M","M","E","$","R","T","M","E","T","M","E","R","B",null,"M","?","M","M","T","R","E","M","T","?","M","M","$","E","R","B",null],"character_chosen":"IRONCLAD","items_purchased":["Flash of Steel","aspiration:Lifesprig","ClockworkSouvenir","Mercury Hourglass"],"campfire_rested":0,"item_purchase_floors":[10,47,47,47],"current_hp_per_floor":[79,47,44,44,44,47,53,53,53,53,59,59,65,71,71,48,87,87,87,85,65,71,65,65,65,65,71,77,77,78,86,86,72,87,87,83,78,83,83,83,83,83,83,83,83,83,80,80,80,60],"gold":164,"neow_bonus":"NOSTALGIA","is_daily":false,"chose_seed":false,"campfire_upgraded":7,"win_rate":0.0,"timestamp":1610007342,"path_taken":["M","?","?","?","?","M","M","R","T","$","M","R","?","M","R","BOSS","M","M","M","M","?","E","$","R","T","M","E","?","M","E","R","BOSS","M","?","M","M","?","R","E","M","T","?","M","M","$","E","R","BOSS"],"items_purchased_type":["Card","Relic","Relic","Relic"],"build_version":"2020-12-22","purchased_purges":2,"victory":true,"max_hp_per_floor":[80,80,87,87,87,87,87,87,87,87,87,87,87,87,87,87,87,87,87,87,87,87,87,87,87,87,87,87,87,87,87,87,87,87,87,83,83,83,83,83,83,83,83,83,83,83,80,80,80,80],"card_choices":[{"not_picked":["Flex","Clothesline"],"picked":"Seeing Red","floor":1},{"not_picked":["Cleave","Power Through"],"picked":"Battle Trance","floor":4},{"not_picked":["Thunderclap","Anger"],"picked":"Pommel Strike","floor":6},{"not_picked":["Fire Breathing","Infernal Blade","Heavy Blade"],"picked":"SKIP","floor":7},{"not_picked":["Hemokinesis","Anger","Sword Boomerang"],"picked":"SKIP","floor":11},{"not_picked":["Twin Strike","Heavy Blade"],"picked":"Body Slam","floor":13},{"not_picked":["Infernal Blade","Perfected Strike","Demon Form"],"picked":"SKIP","floor":14},{"not_picked":["Burning Pact","Body Slam+1"],"picked":"Flame Barrier","floor":18},{"not_picked":["Sentinel","Flex+1","Infernal Blade"],"picked":"SKIP","floor":19},{"not_picked":["Anger+1","Clash"],"picked":"True Grit","floor":20},{"not_picked":["Havoc","Inflame+1"],"picked":"Iron Wave+1","floor":21},{"not_picked":["Juggernaut","Iron Wave"],"picked":"True Grit+1","floor":22},{"not_picked":["Clash","Dual Wield"],"picked":"Iron Wave+1","floor":23},{"not_picked":["Clash+1","Pummel","Wild Strike"],"picked":"SKIP","floor":27},{"not_picked":["Infernal Blade+1","Combust+1","Searing Blow+1"],"picked":"SKIP","floor":28},{"not_picked":["Pommel Strike","Feel No Pain"],"picked":"Entrench","floor":30},{"not_picked":["Dual Wield+1","Hemokinesis+1"],"picked":"Entrench","floor":31},{"not_picked":["Immolate","Feed"],"picked":"Offering","floor":33},{"not_picked":["Twin Strike+1","Anger+1","Cleave"],"picked":"SKIP","floor":35},{"not_picked":["Power Through+1","Cleave","Battle Trance+1"],"picked":"SKIP","floor":37},{"not_picked":["Sword Boomerang","Power Through+1","Armaments+1"],"picked":"SKIP","floor":38},{"not_picked":["Dual Wield+1","Demon Form"],"picked":"Body Slam+1","floor":41},{"not_picked":["Intimidate+1","Searing Blow","Iron Wave"],"picked":"SKIP","floor":42},{"not_picked":["True Grit+1","Anger","Inflame+1"],"picked":"SKIP","floor":45},{"not_picked":["Perfected Strike","Thunderclap+1"],"picked":"Headbutt+1","floor":46},{"not_picked":["Clash+1","Carnage","Hemokinesis"],"picked":"SKIP","floor":48}],"player_experience":370216,"relics_obtained":[{"floor":5,"key":"aspiration:HummingbirdHeart"},{"floor":9,"key":"Hololive_LightStick"},{"floor":23,"key":"Lantern"},{"floor":23,"key":"Mastiff:ReiMu"},{"floor":28,"key":"Whetstone"},{"floor":28,"key":"HoshigumaDish"},{"floor":29,"key":"Blood Vial"},{"floor":31,"key":"Girya"},{"floor":31,"key":"FossilizedHelix"},{"floor":39,"key":"Pantograph"},{"floor":41,"key":"The Courier"},{"floor":41,"key":"CrazyTorch:ReiMu"},{"floor":43,"key":"Pen Nib"},{"floor":48,"key":"Nunchaku"},{"floor":48,"key":"Gremlin Horn"}],"event_choices":[{"damage_healed":0,"gold_gain":0,"player_choice":"Max HP","damage_taken":0,"max_hp_gain":0,"max_hp_loss":4,"event_name":"Winding Halls","floor":36,"gold_loss":0},{"damage_healed":0,"gold_gain":100,"player_choice":"Pray","damage_taken":0,"max_hp_gain":0,"max_hp_loss":0,"event_name":"Golden Shrine","floor":44,"gold_loss":0}],"is_beta":false,"boss_relics":[{"not_picked":["Busted Crown","Ectoplasm"],"picked":"Black Star"},{"not_picked":["SacredBark","aspiration:PoetsPen_weak"],"picked":"Sozu"}],"items_purged_floors":[24,47],"is_endless":false,"potions_floor_spawned":[11,13,16,20,21,30,33,45,46,48],"ascension_level":2}}