{"host":"txhhdwa0hqfs4jhb","time":1610059106,"event":{"mods":["AchievementEnabler","BaseMod","Better Third Choice","Filter the Spire","Minty Spire (QoL Compilation)","Relic Stats","StSLib","Thieving Mod"],"gold_per_floor":[118,46,60,135,135,135,155,185,185,185,204,204,218,244,244,344,344,357,357,357,368,293,322,338,66,115,143,63,63,88,103,103,198,198,209,14,34,34,34,34,53,53,53,53,85,85,110,129,129,129],"floor_reached":51,"playtime":1892,"items_purged":["Strike_G","Strike_G"],"score":1614,"play_id":"57aa4840-ffd3-4f46-9630-bffddfbad795","local_time":"20210107223826","is_ascension_mode":true,"campfire_choices":[{"data":"Neutralize","floor":6.0,"key":"SMITH"},{"data":"Terror","floor":12.0,"key":"SMITH"},{"data":"Survivor","floor":15.0,"key":"SMITH"},{"data":"Phantasmal Killer","floor":32.0,"key":"SMITH"},{"data":"Masterful Stab","floor":40.0,"key":"SMITH"},{"data":"Blur","floor":46,"key":"SMITH"},{"floor":49,"key":"REST"}],"circlet_count":0,"master_deck":["AscendersBane","Defend_G","Defend_G","Defend_G","Survivor+1","Neutralize+1","Masterful Stab+1","Eviscerate+1","Outmaneuver+1","Masterful Stab+1","Terror+1","Slice","After Image+1","Masterful Stab+1","Calculated Gamble","Wraith Form v2+1","Infinite Blades+1","Phantasmal Killer+1","Caltrops+1","Backflip","Noxious Fumes+1","Unload","Calculated Gamble","Deflect","Die Die Die","Blur+1","Noxious Fumes+1","Acrobatics+1","Dash+1","Prepared+1","A Thousand Cuts+1","Leg Sweep","All Out Attack"],"relics":["Astrolabe","TwistedFunnel","StoneCalendar","Ninja Scroll","Frozen Egg 2","Toy Ornithopter","Happy Flower","Philosopher\u0027s Stone","FaceOfCleric","The Courier","Mummified Hand","Anchor","PreservedInsect","Bronze Scales","Omamori","Unceasing Top","Vajra","HoveringKite","Toolbox","Snake Skull","Shuriken","Bag of Marbles","Kunai","Gremlin Horn","Ginger","Nunchaku"],"acts_visited":["Exordium","TheCity","TheBeyond"],"potions_floor_usage":[48,50],"damage_taken":[{"damage":0.0,"enemies":"Cultist","floor":1.0,"turns":2.0},{"damage":0.0,"enemies":"Jaw Worm","floor":3.0,"turns":2.0},{"damage":1.0,"enemies":"2 Louse","floor":7.0,"turns":2.0},{"damage":10.0,"enemies":"3 Sentries","floor":8.0,"turns":4.0},{"damage":0.0,"enemies":"Exordium Wildlife","floor":11.0,"turns":1.0},{"damage":2.0,"enemies":"Exordium Thugs","floor":13.0,"turns":4.0},{"damage":0.0,"enemies":"Gremlin Nob","floor":14.0,"turns":3.0},{"damage":0.0,"enemies":"Hexaghost","floor":16.0,"turns":6.0},{"damage":24.0,"enemies":"Shell Parasite","floor":18.0,"turns":4.0},{"damage":14.0,"enemies":"2 Thieves","floor":21.0,"turns":3.0},{"damage":2.0,"enemies":"Slavers","floor":23.0,"turns":5.0},{"damage":0.0,"enemies":"Centurion and Healer","floor":24.0,"turns":4.0},{"damage":0.0,"enemies":"Gremlin Leader","floor":27.0,"turns":3.0},{"damage":0.0,"enemies":"Book of Stabbing","floor":30.0,"turns":3.0},{"damage":0.0,"enemies":"Shelled Parasite and Fungi","floor":31.0,"turns":2.0},{"damage":0.0,"enemies":"Automaton","floor":33.0,"turns":5.0},{"damage":0.0,"enemies":"3 Shapes","floor":35.0,"turns":2.0},{"damage":0.0,"enemies":"3 Darklings","floor":37.0,"turns":2.0},{"damage":1.0,"enemies":"4 Shapes","floor":41.0,"turns":2.0},{"damage":0,"enemies":"Reptomancer","floor":45,"turns":1},{"damage":10,"enemies":"Nemesis","floor":47,"turns":3},{"damage":0,"enemies":"Transient","floor":48,"turns":4},{"damage":23,"enemies":"Time Eater","floor":50,"turns":9}],"seed_played":"2624391522893247300","potions_obtained":[{"floor":3.0,"key":"DuplicationPotion"},{"floor":14.0,"key":"EssenceOfSteel"},{"floor":18.0,"key":"Explosive Potion"},{"floor":23.0,"key":"CunningPotion"},{"floor":27.0,"key":"BlessingOfTheForge"},{"floor":30.0,"key":"SkillPotion"},{"floor":45,"key":"Fire Potion"},{"floor":47,"key":"DistilledChaos"},{"floor":48,"key":"Energy Potion"}],"is_trial":false,"path_per_floor":["M","$","M","?","?","R","M","E","T","T","M","R","M","E","R","B",null,"M","?","?","M","$","E","M","$","T","E","$","?","E","M","R","B",null,"M","$","M","?","$","R","M","$","T","?","E","R","E","M","R","B",null],"character_chosen":"THE_SILENT","items_purchased":["Masterful Stab","Noxious Fumes+1","Anchor","PreservedInsect","Snake Skull","Noxious Fumes+1","Acrobatics"],"campfire_rested":1,"item_purchase_floors":[2,25,25,25,36,36,36],"current_hp_per_floor":[63,63,63,52,52,52,51,41,41,41,41,41,39,39,39,44,64,40,40,40,27,27,26,37,37,37,38,38,38,44,45,45,46,69,70,70,71,71,71,71,71,71,71,71,72,72,63,69,83,61],"gold":129,"neow_bonus":"BOSS_RELIC","is_daily":false,"chose_seed":false,"campfire_upgraded":6,"win_rate":0.0,"timestamp":1610059106,"path_taken":["M","$","M","?","?","R","M","E","T","?","M","R","?","E","R","BOSS","M","?","?","M","$","E","?","$","T","E","$","?","E","?","R","BOSS","M","$","M","?","$","R","?","$","T","?","E","R","E","M","R","BOSS"],"items_purchased_type":["Card","Card","Relic","Relic","Relic","Card","Card"],"build_version":"2020-12-22","purchased_purges":2,"victory":true,"max_hp_per_floor":[70,70,70,70,70,70,70,70,70,70,70,70,70,70,70,70,70,70,70,70,71,71,72,73,73,73,74,74,74,75,76,76,77,77,78,78,79,79,79,79,80,80,80,80,81,81,82,83,83,84],"relic_stats":{"Happy Flower":[19],"Gremlin Horn":[2,2],"counters":[23,76],"Astrolabe":["Masterful Stab","Eviscerate","Outmaneuver"],"HoveringKite":[13],"StoneCalendar":[52],"PreservedInsect":213,"Snake Skull":[29],"Ginger":[1],"Nunchaku":[4],"FaceOfCleric":14,"Mummified Hand":[49],"Shuriken":[17],"Bronze Scales":[102],"Kunai":[17],"obtain_stats":[{"TwistedFunnel":2,"Gremlin Horn":43,"Vajra":30,"HoveringKite":34,"StoneCalendar":2,"Snake Skull":36,"Ginger":45,"Nunchaku":47,"FaceOfCleric":20,"Ninja Scroll":8,"Mummified Hand":25,"Toolbox":36,"Philosopher\u0027s Stone":17,"Kunai":42,"Ring of the Snake":0,"Happy Flower":14,"Astrolabe":0,"The Courier":23,"PreservedInsect":25,"Omamori":27,"Frozen Egg 2":9,"Anchor":25,"Shuriken":39,"Bronze Scales":26,"Bag of Marbles":42,"Toy Ornithopter":10,"Unceasing Top":28},{"TwistedFunnel":1,"Gremlin Horn":19,"Vajra":14,"HoveringKite":16,"StoneCalendar":1,"Snake Skull":17,"Ginger":20,"Nunchaku":21,"FaceOfCleric":9,"Ninja Scroll":4,"Mummified Hand":12,"Toolbox":17,"Philosopher\u0027s Stone":8,"Kunai":19,"Ring of the Snake":0,"Happy Flower":7,"Astrolabe":0,"The Courier":11,"PreservedInsect":12,"Omamori":13,"Frozen Egg 2":4,"Anchor":12,"Shuriken":18,"Bronze Scales":12,"Bag of Marbles":19,"Toy Ornithopter":4,"Unceasing Top":13},{"TwistedFunnel":2,"Gremlin Horn":59,"Vajra":46,"HoveringKite":53,"StoneCalendar":2,"Snake Skull":55,"Ginger":60,"Nunchaku":63,"FaceOfCleric":28,"Ninja Scroll":10,"Mummified Hand":40,"Toolbox":55,"Philosopher\u0027s Stone":24,"Kunai":59,"Ring of the Snake":0,"Happy Flower":18,"Astrolabe":0,"The Courier":36,"PreservedInsect":40,"Omamori":43,"Frozen Egg 2":10,"Anchor":40,"Shuriken":57,"Bronze Scales":40,"Bag of Marbles":59,"Toy Ornithopter":10,"Unceasing Top":43}],"Toy Ornithopter":25,"Unceasing Top":[78]},"card_choices":[{"not_picked":["Underhanded Strike","Quick Slash","Riddle With Holes"],"picked":"SKIP","floor":1.0},{"not_picked":["Bane","Blade Dance","PiercingWail"],"picked":"SKIP","floor":3.0},{"not_picked":["Accuracy","Poisoned Stab"],"picked":"Terror","floor":7.0},{"not_picked":["Endless Agony","PiercingWail"],"picked":"Slice","floor":8.0},{"not_picked":["Eviscerate","Sucker Punch"],"picked":"After Image+1","floor":11.0},{"not_picked":["Bane","Terror"],"picked":"Masterful Stab","floor":13.0},{"not_picked":["Night Terror","Bullet Time"],"picked":"Calculated Gamble","floor":14.0},{"not_picked":["Envenom+1","Malaise"],"picked":"Wraith Form v2+1","floor":16.0},{"not_picked":["Blade Dance","All Out Attack","Cloak And Dagger"],"picked":"SKIP","floor":18.0},{"not_picked":["Tactician+1","Dodge and Roll"],"picked":"Caltrops+1","floor":21.0},{"not_picked":["Dash","Deflect"],"picked":"Backflip","floor":23.0},{"not_picked":["Deflect","PiercingWail"],"picked":"Expertise+1","floor":24.0},{"not_picked":["Outmaneuver","Flying Knee","Underhanded Strike"],"picked":"SKIP","floor":27.0},{"not_picked":["Sucker Punch","Dagger Spray"],"picked":"Calculated Gamble","floor":30.0},{"not_picked":["Finisher","Expertise"],"picked":"Deflect","floor":31.0},{"not_picked":["Phantasmal Killer","Grand Finale"],"picked":"Die Die Die","floor":33.0},{"not_picked":["Sucker Punch","Expertise"],"picked":"Blur","floor":35.0},{"not_picked":["Prepared","Expertise"],"picked":"Dash+1","floor":37.0},{"not_picked":["Deflect","Expertise"],"picked":"Prepared+1","floor":41.0},{"not_picked":["Flying Knee","Well Laid Plans+1"],"picked":"A Thousand Cuts+1","floor":45},{"not_picked":["Underhanded Strike","Dagger Throw+1"],"picked":"Leg Sweep","floor":47},{"not_picked":["Finisher+1","Flying Knee"],"picked":"All Out Attack","floor":48}],"player_experience":220072,"relics_obtained":[{"floor":8.0,"key":"Ninja Scroll"},{"floor":9.0,"key":"Frozen Egg 2"},{"floor":10.0,"key":"Toy Ornithopter"},{"floor":14.0,"key":"Happy Flower"},{"floor":23.0,"key":"The Courier"},{"floor":26.0,"key":"Bronze Scales"},{"floor":27.0,"key":"Omamori"},{"floor":30.0,"key":"Vajra"},{"floor":43,"key":"Gremlin Horn"},{"floor":45,"key":"Ginger"},{"floor":47,"key":"Nunchaku"}],"event_choices":[{"damage_healed":0.0,"max_hp_gain":0.0,"max_hp_loss":0.0,"gold_gain":75.0,"event_name":"betterThird:BetterGoop","player_choice":"Gold","floor":4.0,"gold_loss":0.0,"damage_taken":11.0},{"damage_healed":0.0,"max_hp_gain":0.0,"max_hp_loss":0.0,"gold_gain":0.0,"event_name":"Living Wall","player_choice":"Grow","floor":5.0,"gold_loss":0.0,"damage_taken":0.0,"cards_upgraded":["Masterful Stab"]},{"damage_healed":0.0,"max_hp_gain":0.0,"max_hp_loss":0.0,"gold_gain":0.0,"cards_transformed":["Strike_G","Strike_G"],"event_name":"Drug Dealer","player_choice":"Became Test Subject","floor":19.0,"gold_loss":0.0,"damage_taken":0.0,"cards_obtained":["Infinite Blades","Phantasmal Killer"]},{"damage_healed":0.0,"max_hp_gain":0.0,"max_hp_loss":0.0,"gold_gain":0.0,"event_name":"FaceTrader","player_choice":"Trade","floor":20.0,"gold_loss":0.0,"damage_taken":0.0,"relics_obtained":["FaceOfCleric"]},{"damage_healed":0.0,"max_hp_gain":0.0,"max_hp_loss":0.0,"gold_gain":0.0,"event_name":"Match and Keep!","player_choice":"1 cards matched","floor":29.0,"gold_loss":0.0,"damage_taken":0.0,"cards_obtained":["Unload"]},{"damage_healed":0.0,"max_hp_gain":0.0,"max_hp_loss":0.0,"gold_gain":0.0,"event_name":"Accursed Blacksmith","player_choice":"Forge","floor":38.0,"gold_loss":0.0,"damage_taken":0.0,"cards_upgraded":["Acrobatics"]},{"cards_removed":["Expertise"],"damage_healed":0,"gold_gain":0,"player_choice":"Removed Skill","damage_taken":0,"max_hp_gain":0,"max_hp_loss":0,"event_name":"Falling","floor":44,"gold_loss":0}],"is_beta":false,"boss_relics":[{"not_picked":["Snecko Eye","Coffee Dripper"],"picked":"Philosopher\u0027s Stone"},{"not_picked":["Velvet Choker","Runic Dome"],"picked":"HoveringKite"}],"items_purged_floors":[22,28],"is_endless":false,"potions_floor_spawned":[3,14,18,23,27,30,45,47,48],"ascension_level":12}}