{"host":"htqwg582tjjtn9p7","time":1610041924,"event":{"mods":["2.2 Compatiblity","AchievementEnabler","Act Like it!","Aspiration","BaseMod","Better Third Choice","Colored Map","Conspire","Curses Come First","Displayed Cursed Tome","Energized Spire","Force Act Four","GifTheSpireLib","Hermit","Highlight Path","JesterMod","Mad Scientist","Minty Spire (QoL Compilation)","Pale of the Ancients","Permanent Neow","Random Character Button","Relic Stats","Replay The Spire","Robot Space Explorer","Somnambulant","Spicy Shops","Spikes Relics","StSLib","Stuff the Spire","The Blue Laboratory","The Disciple","The Dragon Tamer","The Forsaken","The Gatherer","The Judge","The Jungle","The Marked","The Runesmith","The Servant 0.9.4","Uncapped"],"gold_per_floor":[111,10,24,24,34,34,67,67,112,124,136,175,187,228,240,353,365,387,409,432,463,238,281,293,305,317,329,371,403,444,469,481,592,604,634,664,121,141,153,180,191,191,217,217,42,42,0,10,10,10,10],"floor_reached":50,"playtime":2654,"items_purged":["theMarked:Strike"],"score":658,"play_id":"5dd19bc0-dfe7-477f-a0e7-06a0a6132134","local_time":"20210107185204","is_ascension_mode":true,"campfire_choices":[{"data":"theMarked:SoldierOfQuellstein","floor":6,"key":"SMITH"},{"data":"theMarked:HeritageOfTheMarked","floor":8,"key":"SMITH"},{"floor":10,"key":"REST"},{"floor":15,"key":"REST"},{"floor":27,"key":"REST"},{"floor":32,"key":"REST"},{"floor":42,"key":"REST"},{"data":"theMarked:WardOff","floor":46,"key":"SMITH"},{"data":"Panacea","floor":49,"key":"SMITH"}],"circlet_count":0,"master_deck":["theMarked:Strike","theMarked:Strike","theMarked:Strike+1","theMarked:Strike","theMarked:Defend","theMarked:Defend","theMarked:Defend","theMarked:Defend","theMarked:SoldierOfQuellstein+1","theMarked:TwofoldDefense","theMarked:Opportunist+1","theMarked:HeritageOfTheMarked+1","theMarked:SelfDefenseTraining+1","theMarked:Overthink","theMarked:Seal","theMarked:StartUp","theMarked:WardOff+1","StuffTheSpire:Harmony","Panacea+1","theMarked:TwofoldDefense+1","theMarked:Levitate+1","theMarked:BanishingStrike","theMarked:BanishingStrike","theMarked:TwofoldDefense+1","theMarked:Seal"],"relics":["StuffTheSpire:ModemDavis","Meat on the Bone","MawBank","SnailShell","StuffTheSpire:NeowsTribute","RollingBoulder","Whetstone","Snecko Heart","Replay:Baseball","Pen Nib","StuffTheSpire:Barrel","Ice Cream","Ring of Chaos","PreservedInsect","Guide Book","conspire:BottledYoYo","theForsaken:Gavel","Toy Ornithopter","Red Mask"],"acts_visited":["Exordium","TheCity","TheBeyond"],"potions_floor_usage":[23,28,36,40,40,48,48,50,50],"damage_taken":[{"damage":20,"enemies":"Cultist","floor":1,"turns":5},{"damage":6,"enemies":"2 Louse","floor":3,"turns":4},{"damage":0,"enemies":"Small Slimes","floor":5,"turns":4},{"damage":21,"enemies":"3 Sentries","floor":7,"turns":7},{"damage":8,"enemies":"Replay:BlueRogue","floor":12,"turns":5},{"damage":1,"enemies":"Gremlin Nob","floor":14,"turns":5},{"damage":18,"enemies":"Fading Forest","floor":16,"turns":11},{"damage":20,"enemies":"Spheric Guardian","floor":18,"turns":6},{"damage":0,"enemies":"Shell Parasite","floor":19,"turns":3},{"damage":3,"enemies":"conspire:HollyBat","floor":20,"turns":7},{"damage":0,"enemies":"Snecko","floor":21,"turns":4},{"damage":21,"enemies":"conspire:SneckoGhost","floor":23,"turns":11},{"damage":3,"enemies":"Book of Stabbing","floor":28,"turns":5},{"damage":0,"enemies":"Centurion and Healer","floor":29,"turns":3},{"damage":20,"enemies":"Slavers","floor":30,"turns":6},{"damage":6,"enemies":"Chosen and Byrds","floor":31,"turns":7},{"damage":27,"enemies":"conspire:MysteriousRune","floor":33,"turns":10},{"damage":40,"enemies":"3 Darklings","floor":35,"turns":5},{"damage":0,"enemies":"Orb Walker","floor":36,"turns":4},{"damage":11,"enemies":"Writhing Mass","floor":38,"turns":5},{"damage":14,"enemies":"3 Darklings","floor":39,"turns":6},{"damage":39,"enemies":"Reptomancer","floor":40,"turns":4},{"damage":19,"enemies":"Sphere and 2 Shapes","floor":41,"turns":6},{"damage":9,"enemies":"Writhing Mass","floor":48,"turns":4},{"damage":88,"enemies":"Time Eater","floor":50,"turns":11}],"seed_played":"8315330339972089687","potions_obtained":[{"floor":3,"key":"blueLaboratory:SavagePotion"},{"floor":5,"key":"blueLaboratory:AbyssPotion"},{"floor":14,"key":"SteroidPotion"},{"floor":18,"key":"Adrenaline Potion"},{"floor":23,"key":"blueLaboratory:LouseDecoction"},{"floor":30,"key":"blueLaboratory:FrostheartPotion"},{"floor":31,"key":"Regen Potion"},{"floor":35,"key":"Dexterity Potion"},{"floor":38,"key":"blueLaboratory:RecallPotion"},{"floor":41,"key":"blueLaboratory:Moonshine"}],"is_trial":false,"path_per_floor":["M","$","M","?","M","R","E","R","T","R","?","E","?","E","R","B",null,"M","M","M","M","?","E","$","?","T","R","E","M","E","M","R","B",null,"M","M","$","M","M","E","M","R","T","?","$","R","?","M","R","B"],"character_chosen":"THE_DEFAULT","items_purchased":["theMarked:Opportunist","PreservedInsect","Guide Book","conspire:BottledYoYo","PowerPotion"],"campfire_rested":5,"item_purchase_floors":[2,37,37,37,45],"current_hp_per_floor":[50,50,44,49,49,49,28,28,28,50,47,39,39,38,60,42,75,55,55,52,52,52,46,46,46,46,68,68,71,54,54,75,49,75,47,68,68,63,55,34,33,55,55,55,55,55,55,70,70,0,0],"gold":10,"neow_bonus":"BOSS_RELIC","is_daily":false,"chose_seed":false,"campfire_upgraded":4,"win_rate":0.0,"timestamp":1610041924,"path_taken":["M","$","M","?","M","R","E","R","T","R","?","E","?","E","R","BOSS","M","M","M","?","?","E","$","?","T","R","E","M","E","M","R","BOSS","M","M","$","?","M","E","M","R","T","?","$","R","?","M","R","BOSS"],"items_purchased_type":["Card","Relic","Relic","Relic","Potion"],"build_version":"2020-12-22","purchased_purges":1,"victory":false,"max_hp_per_floor":[70,70,70,75,75,75,75,75,75,75,75,75,75,75,75,75,75,75,75,75,75,75,75,75,75,75,75,75,75,75,75,75,75,75,75,75,75,75,75,75,75,75,75,75,75,75,75,75,75,75,75],"relic_stats":{"counters":[25,140],"Pen Nib":[14],"PreservedInsect":58,"Whetstone":["theMarked:Strike","theMarked:SelfDefenseTraining"],"MawBank":336,"obtain_stats":[{"StuffTheSpire:ModemDavis":0,"Ice Cream":30,"SnailShell":11,"StuffTheSpire:Barrel":28,"Snecko Heart":17,"Guide Book":37,"Pen Nib":26,"Ring of Chaos":34,"PreservedInsect":37,"Whetstone":14,"MawBank":9,"theForsaken:Gavel":40,"theMarked:ArtifactOfAir":0,"Replay:Baseball":23,"RollingBoulder":13,"conspire:BottledYoYo":37,"Red Mask":47,"StuffTheSpire:NeowsTribute":12,"Toy Ornithopter":43,"Meat on the Bone":7},{"StuffTheSpire:ModemDavis":0,"Ice Cream":15,"SnailShell":4,"StuffTheSpire:Barrel":13,"Snecko Heart":7,"Guide Book":19,"Pen Nib":12,"Ring of Chaos":17,"PreservedInsect":19,"Whetstone":6,"MawBank":4,"theForsaken:Gavel":22,"theMarked:ArtifactOfAir":0,"Replay:Baseball":12,"RollingBoulder":5,"conspire:BottledYoYo":19,"Red Mask":23,"StuffTheSpire:NeowsTribute":5,"Toy Ornithopter":23,"Meat on the Bone":4},{"StuffTheSpire:ModemDavis":0,"Ice Cream":81,"SnailShell":19,"StuffTheSpire:Barrel":73,"Snecko Heart":38,"Guide Book":105,"Pen Nib":69,"Ring of Chaos":97,"PreservedInsect":105,"Whetstone":27,"MawBank":19,"theForsaken:Gavel":119,"theMarked:ArtifactOfAir":0,"Replay:Baseball":69,"RollingBoulder":23,"conspire:BottledYoYo":105,"Red Mask":125,"StuffTheSpire:NeowsTribute":23,"Toy Ornithopter":125,"Meat on the Bone":19}],"Toy Ornithopter":20,"Meat on the Bone":48},"card_choices":[{"not_picked":["theMarked:Aftermath","theMarked:WastefulAttack"],"picked":"theMarked:TwofoldDefense","floor":1},{"not_picked":["theMarked:WardOff","theMarked:GodGivenPower","theMarked:WastefulDefense"],"picked":"SKIP","floor":3},{"not_picked":["theMarked:EmpowerWeapon","theMarked:TwofoldDefense"],"picked":"theMarked:HeritageOfTheMarked","floor":5},{"not_picked":["theMarked:BanishingStrike","theMarked:StartUp"],"picked":"theMarked:SelfDefenseTraining","floor":7},{"not_picked":["theMarked:ResourceFulStrike","theMarked:ContemptForTheProud"],"picked":"theMarked:Overthink","floor":12},{"not_picked":["theMarked:ChainLightning","theMarked:Generate","theMarked:ResourceFulStrike"],"picked":"SKIP","floor":14},{"not_picked":["theMarked:RepellingDischarge","theMarked:Improvise"],"picked":"theMarked:Seal","floor":18},{"not_picked":["theMarked:Parkour","theMarked:Generate","theMarked:StartUp"],"picked":"SKIP","floor":19},{"not_picked":["theMarked:Parkour","theMarked:Generate"],"picked":"theMarked:StartUp","floor":19},{"not_picked":["theMarked:Parry+1","theMarked:HeightenedSenses"],"picked":"theMarked:WardOff","floor":20},{"not_picked":["theMarked:Improvise","theMarked:RepellingDischarge","theMarked:TakeCover+1"],"picked":"SKIP","floor":21},{"not_picked":["theMarked:ChainLightning","theMarked:RepellingDischarge+1","theMarked:WastefulAttack+1"],"picked":"SKIP","floor":23},{"not_picked":["theMarked:ChainLightning","theMarked:RepellingDischarge+1","theMarked:WastefulAttack+1"],"picked":"SKIP","floor":23},{"not_picked":["theMarked:EmpowerWeapon","theMarked:Electrocute"],"picked":"theMarked:TwofoldDefense+1","floor":28},{"not_picked":["theMarked:SwordAndMagic","theMarked:WastefulDefense","theMarked:ReduceFriction"],"picked":"SKIP","floor":29},{"not_picked":["theMarked:Defy","theMarked:WastefulAttack"],"picked":"theMarked:Levitate","floor":30},{"not_picked":["theMarked:PowerFlow","theMarked:ChainLightning"],"picked":"theMarked:BanishingStrike","floor":31},{"not_picked":["theMarked:CreepingChasm+1","theMarked:RepellingDischarge+1","theMarked:TwofoldDefense"],"picked":"SKIP","floor":35},{"not_picked":["theMarked:WardOff","theMarked:TakeCover"],"picked":"theMarked:BanishingStrike","floor":36},{"not_picked":["theMarked:TakeCover+1","theMarked:Overcharge"],"picked":"theMarked:TwofoldDefense+1","floor":38},{"not_picked":["theMarked:SwordAndMagic+1","theMarked:EmpowerWeapon"],"picked":"theMarked:Seal","floor":39},{"not_picked":["theMarked:WastefulDefense+1","theMarked:Frustration","theMarked:Static+1"],"picked":"SKIP","floor":40},{"not_picked":["theMarked:Aftermath","theMarked:HeightenedSenses","theMarked:Frustration"],"picked":"SKIP","floor":41},{"not_picked":["theMarked:SoldierForm","theMarked:Parkour","theMarked:Aftermath+1"],"picked":"SKIP","floor":48}],"player_experience":1897286,"relics_obtained":[{"floor":7,"key":"Meat on the Bone"},{"floor":9,"key":"MawBank"},{"floor":12,"key":"StuffTheSpire:NeowsTribute"},{"floor":14,"key":"Whetstone"},{"floor":23,"key":"Replay:Baseball"},{"floor":26,"key":"Pen Nib"},{"floor":28,"key":"StuffTheSpire:Barrel"},{"floor":30,"key":"Ice Cream"},{"floor":40,"key":"theForsaken:Gavel"},{"floor":43,"key":"Toy Ornithopter"}],"event_choices":[{"damage_healed":0,"gold_gain":0,"player_choice":"Donut","damage_taken":0,"max_hp_gain":5,"max_hp_loss":0,"event_name":"Big Fish","floor":4,"gold_loss":0},{"damage_healed":0,"gold_gain":0,"player_choice":"Relic ","damage_taken":3,"max_hp_gain":0,"max_hp_loss":0,"event_name":"betterThird:BetterScrap","floor":11,"gold_loss":0,"cards_obtained":["Replay:DivineShield"]},{"damage_healed":0,"gold_gain":0,"player_choice":"Gave Potion","damage_taken":0,"relics_obtained":["RollingBoulder"],"max_hp_gain":0,"max_hp_loss":0,"event_name":"WeMeetAgain","floor":13,"gold_loss":0},{"damage_healed":0,"gold_gain":0,"player_choice":"1 cards matched","damage_taken":0,"max_hp_gain":0,"max_hp_loss":0,"event_name":"Match and Keep!","floor":25,"gold_loss":0,"cards_obtained":["Panacea"]},{"damage_healed":0,"gold_gain":0,"player_choice":"Memory 1","damage_taken":0,"max_hp_gain":0,"max_hp_loss":0,"event_name":"SensoryStone","floor":44,"gold_loss":0},{"damage_healed":0,"gold_gain":0,"player_choice":"Paid","damage_taken":0,"relics_obtained":["Red Mask"],"max_hp_gain":0,"max_hp_loss":0,"event_name":"Tomb of Lord Red Mask","floor":47,"gold_loss":42}],"is_beta":false,"boss_relics":[{"not_picked":["StuffTheSpire:Kangaroo","aspiration:ServantSkillbook"],"picked":"Snecko Heart"},{"not_picked":["aspiration:FutureDiary","ReplayTheSpireMod:DimensionalGlitch"],"picked":"Ring of Chaos"}],"items_purged_floors":[45],"is_endless":false,"potions_floor_spawned":[3,5,14,18,23,30,31,35,38,41],"killed_by":"Time Eater","ascension_level":3}}