{"host":"y3h3n3f7seyagppx","time":1610039324,"event":{"mods":["BaseMod","Colored Map","Colored Powertips","DeckTracker","Minty Spire (QoL Compilation)","Random Character Button","Rare Cards Sparkle","Relic Sorter","Relic Stats","StSLib"],"gold_per_floor":[115,135,147,159,173,204,204,236,260,274,306,306,306,332,332,403,403,415,425,438,274,111,142,142,157,184,210,38,38,38,63,63,63,63],"floor_reached":33,"playtime":9054,"items_purged":[],"score":670,"play_id":"eeff18b3-b651-4f0b-8179-7da64b4dc110","local_time":"20210107120844","is_ascension_mode":true,"campfire_choices":[{"floor":7,"key":"REST"},{"data":"Fiend Fire","floor":13,"key":"SMITH"},{"data":"Armaments","floor":15,"key":"SMITH"},{"data":"Uppercut","floor":24,"key":"SMITH"},{"data":"Ghostly","floor":32,"key":"SMITH"}],"circlet_count":0,"master_deck":["AscendersBane","Strike_R","Strike_R","Strike_R","Strike_R","Strike_R","Defend_R","Defend_R","Defend_R","Defend_R","Bash","Thunderclap","Iron Wave","Sever Soul","Anger","Fiend Fire+1","Armaments+1","Uppercut+1","Feed","Battle Trance","Intimidate+1","Disarm+1","Shockwave","Fiend Fire","Doubt","Power Through+1","Feel No Pain","Ghostly+1","Ghostly","Ghostly"],"relics":["Burning Blood","Prayer Wheel","Oddly Smooth Stone","PreservedInsect","Pen Nib","Juzu Bracelet","Cursed Key","ClockworkSouvenir","Lee\u0027s Waffle","White Beast Statue","War Paint","Medical Kit","MealTicket"],"acts_visited":["Exordium","TheCity"],"potions_floor_usage":[6,16,23,27,33],"damage_taken":[{"damage":14,"enemies":"Small Slimes","floor":1,"turns":4},{"damage":6,"enemies":"Cultist","floor":2,"turns":3},{"damage":7,"enemies":"Jaw Worm","floor":3,"turns":3},{"damage":20,"enemies":"3 Louse","floor":4,"turns":5},{"damage":3,"enemies":"2 Fungi Beasts","floor":5,"turns":4},{"damage":40,"enemies":"3 Sentries","floor":6,"turns":9},{"damage":27,"enemies":"Gremlin Nob","floor":8,"turns":4},{"damage":14,"enemies":"Exordium Wildlife","floor":10,"turns":5},{"damage":8,"enemies":"3 Sentries","floor":11,"turns":5},{"damage":5,"enemies":"Lagavulin","floor":14,"turns":5},{"damage":32,"enemies":"Slime Boss","floor":16,"turns":7},{"damage":15,"enemies":"Spheric Guardian","floor":18,"turns":4},{"damage":5,"enemies":"Chosen","floor":19,"turns":5},{"damage":19,"enemies":"Snecko","floor":20,"turns":4},{"damage":6,"enemies":"Gremlin Leader","floor":23,"turns":6},{"damage":19,"enemies":"3 Cultists","floor":25,"turns":6},{"damage":20,"enemies":"Slavers","floor":27,"turns":4},{"damage":10,"enemies":"Book of Stabbing","floor":31,"turns":6},{"damage":85,"enemies":"Automaton","floor":33,"turns":12}],"seed_played":"-2088298177637346260","potions_obtained":[{"floor":2,"key":"SkillPotion"},{"floor":5,"key":"SkillPotion"},{"floor":8,"key":"FearPotion"},{"floor":14,"key":"AttackPotion"},{"floor":18,"key":"Energy Potion"},{"floor":23,"key":"DistilledChaos"},{"floor":27,"key":"Weak Potion"},{"floor":31,"key":"SpeedPotion"}],"is_trial":false,"path_per_floor":["M","M","M","M","M","E","R","E","T","M","E","?","R","E","R","B",null,"M","M","M","$","$","E","R","M","T","E","$","?","?","E","R","B"],"character_chosen":"IRONCLAD","items_purchased":["ClockworkSouvenir","Lee\u0027s Waffle","Medical Kit"],"campfire_rested":1,"item_purchase_floors":[21,22,28],"current_hp_per_floor":[67,67,66,52,55,21,45,24,24,16,14,82,82,82,82,56,76,67,68,55,55,89,89,89,79,79,68,68,68,47,46,46,0,0],"gold":63,"neow_bonus":"TEN_PERCENT_HP_BONUS","is_daily":false,"chose_seed":false,"campfire_upgraded":4,"win_rate":0.0,"timestamp":1610039324,"path_taken":["M","M","M","M","M","E","R","E","T","M","E","?","R","E","R","BOSS","M","M","M","?","$","E","R","M","T","E","$","?","?","E","R","BOSS"],"items_purchased_type":["Relic","Relic","Relic"],"build_version":"2020-12-22","purchased_purges":0,"victory":false,"max_hp_per_floor":[82,82,82,82,82,82,82,82,82,82,82,82,82,82,82,82,82,82,82,82,82,89,89,89,92,92,95,95,95,47,50,50,50,50],"relic_stats":{"Lee\u0027s Waffle":34,"counters":[19,101],"Prayer Wheel":5,"MealTicket":0,"PreservedInsect":190,"Pen Nib":[11],"Juzu Bracelet":0,"War Paint":["Disarm","Power Through"],"Cursed Key":1,"Medical Kit":[2],"obtain_stats":[{"Lee\u0027s Waffle":22,"Oddly Smooth Stone":8,"PreservedInsect":9,"Pen Nib":11,"Juzu Bracelet":14,"War Paint":27,"Cursed Key":17,"Medical Kit":28,"Burning Blood":0,"White Beast Statue":23,"ClockworkSouvenir":21,"Prayer Wheel":6,"MealTicket":31},{"Lee\u0027s Waffle":14,"Oddly Smooth Stone":7,"PreservedInsect":7,"Pen Nib":9,"Juzu Bracelet":10,"War Paint":17,"Cursed Key":11,"Medical Kit":17,"Burning Blood":0,"White Beast Statue":15,"ClockworkSouvenir":14,"Prayer Wheel":6,"MealTicket":18},{"Lee\u0027s Waffle":67,"Oddly Smooth Stone":32,"PreservedInsect":32,"Pen Nib":42,"Juzu Bracelet":47,"War Paint":83,"Cursed Key":54,"Medical Kit":83,"Burning Blood":0,"White Beast Statue":73,"ClockworkSouvenir":67,"Prayer Wheel":28,"MealTicket":89}],"Burning Blood":107},"card_choices":[{"not_picked":["Sword Boomerang","Havoc"],"picked":"Thunderclap","floor":1},{"not_picked":["Clash","Entrench"],"picked":"Iron Wave","floor":2},{"not_picked":["Clash","Warcry","True Grit"],"picked":"SKIP","floor":3},{"not_picked":["Rampage","Bloodletting"],"picked":"Sever Soul","floor":4},{"not_picked":["Pummel","Wild Strike","Heavy Blade"],"picked":"SKIP","floor":5},{"not_picked":["Juggernaut","Hemokinesis"],"picked":"Anger","floor":6},{"not_picked":["Disarm","Heavy Blade","Perfected Strike"],"picked":"SKIP","floor":8},{"not_picked":["Thunderclap","True Grit"],"picked":"Fiend Fire","floor":10},{"not_picked":["Pommel Strike","Anger"],"picked":"Armaments","floor":10},{"not_picked":["Twin Strike","Dark Embrace","Pommel Strike"],"picked":"SKIP","floor":11},{"not_picked":["Perfected Strike","True Grit"],"picked":"Uppercut","floor":14},{"not_picked":["Reaper","Brutality"],"picked":"Feed","floor":16},{"not_picked":["Body Slam","Shrug It Off"],"picked":"Battle Trance","floor":18},{"not_picked":["Whirlwind","Body Slam"],"picked":"Intimidate+1","floor":18},{"not_picked":["Clash+1","Twin Strike+1"],"picked":"Disarm","floor":19},{"not_picked":["True Grit","Sword Boomerang","Clothesline"],"picked":"SKIP","floor":19},{"not_picked":["Armaments","Thunderclap","Flex"],"picked":"SKIP","floor":20},{"not_picked":["Headbutt","Flex","Body Slam"],"picked":"SKIP","floor":20},{"not_picked":["Pommel Strike","Inflame"],"picked":"Shockwave","floor":23},{"not_picked":["Intimidate","True Grit"],"picked":"Fiend Fire","floor":25},{"not_picked":["True Grit","Heavy Blade","Havoc"],"picked":"SKIP","floor":25},{"not_picked":["Armaments+1","Seeing Red"],"picked":"Power Through","floor":27},{"not_picked":["Heavy Blade","Entrench","Thunderclap"],"picked":"SKIP","floor":31},{"not_picked":["Heavy Blade","Entrench","Thunderclap"],"picked":"SKIP","floor":31}],"player_experience":20416837,"relics_obtained":[{"floor":6,"key":"Prayer Wheel"},{"floor":8,"key":"Oddly Smooth Stone"},{"floor":9,"key":"PreservedInsect"},{"floor":11,"key":"Pen Nib"},{"floor":14,"key":"Juzu Bracelet"},{"floor":23,"key":"White Beast Statue"},{"floor":27,"key":"War Paint"},{"floor":31,"key":"MealTicket"}],"event_choices":[{"damage_healed":68,"gold_gain":0,"player_choice":"Full Heal","damage_taken":0,"max_hp_gain":0,"max_hp_loss":0,"event_name":"Wheel of Change","floor":12,"gold_loss":0},{"damage_healed":0,"gold_gain":0,"player_choice":"Read","damage_taken":0,"max_hp_gain":0,"max_hp_loss":0,"event_name":"The Library","floor":29,"gold_loss":0,"cards_obtained":["Feel No Pain"]},{"damage_healed":0,"gold_gain":0,"player_choice":"Became a Ghost","damage_taken":0,"max_hp_gain":0,"max_hp_loss":48,"event_name":"Ghosts","floor":30,"gold_loss":0,"cards_obtained":["Ghostly","Ghostly","Ghostly"]}],"is_beta":false,"boss_relics":[{"not_picked":["Fusion Hammer","Pandora\u0027s Box"],"picked":"Cursed Key"}],"items_purged_floors":[],"is_endless":false,"potions_floor_spawned":[2,5,8,14,18,23,25,27,31],"killed_by":"Automaton","ascension_level":20}}