{"host":"qxeepl7ydvsgmfdb","time":1610003559,"event":{"mods":["AchievementEnabler","BaseMod","Colored Powertips","Minty Spire (QoL Compilation)","Quick Restart","slay the spire mod where everything is the same but ironclad has a cowboy hat"],"gold_per_floor":[119,119,122,172,189,215,294,344,644,644,181,210,272,287,287,386,386,400,78,128,144,204,233,233,259,283,315,335,399,549,599,599,599,599],"floor_reached":33,"playtime":990,"items_purged":["Strike_G"],"score":549,"play_id":"9bacb961-0e6c-489e-99a7-f98ed79fa61a","local_time":"20210107021239","is_ascension_mode":true,"campfire_choices":[{"floor":10.0,"key":"REST"},{"data":"Die Die Die","floor":15.0,"key":"SMITH"},{"floor":24.0,"key":"REST"},{"floor":32,"key":"REST"}],"circlet_count":0,"master_deck":["Strike_G","Strike_G","Defend_G","Defend_G","Defend_G","Defend_G","Survivor","Neutralize","Blade Dance","Sucker Punch","Slice","Quick Slash","Poisoned Stab","Adrenaline","Die Die Die","Die Die Die+1","Poisoned Stab","Phantasmal Killer","Deflect","Prepared+1","Deadly Poison","Cloak And Dagger","Poisoned Stab","Deadly Poison","PiercingWail"],"relics":["Ring of the Snake","NeowsBlessing","SsserpentHead","Dream Catcher","Odd Mushroom","Old Coin","Ninja Scroll","Potion Belt","Bronze Scales","Meat on the Bone","Pen Nib","Art of War","Centennial Puzzle","Omamori","Incense Burner","Question Card"],"acts_visited":["Exordium","TheCity"],"potions_floor_usage":[28,30,33],"damage_taken":[{"damage":0.0,"enemies":"Small Slimes","floor":1.0,"turns":1.0},{"damage":0.0,"enemies":"Cultist","floor":5.0,"turns":1.0},{"damage":0.0,"enemies":"Lagavulin","floor":6.0,"turns":1.0},{"damage":15.0,"enemies":"The Mushroom Lair","floor":7.0,"turns":4.0},{"damage":0.0,"enemies":"Gremlin Nob","floor":12.0,"turns":2.0},{"damage":0.0,"enemies":"2 Louse","floor":13.0,"turns":1.0},{"damage":0.0,"enemies":"Lots of Slimes","floor":14.0,"turns":1.0},{"damage":56.0,"enemies":"The Guardian","floor":16.0,"turns":13.0},{"damage":3.0,"enemies":"Chosen","floor":18.0,"turns":2.0},{"damage":0.0,"enemies":"Spheric Guardian","floor":21.0,"turns":1.0},{"damage":24.0,"enemies":"Snake Plant","floor":22.0,"turns":3.0},{"damage":22.0,"enemies":"Book of Stabbing","floor":23.0,"turns":4.0},{"damage":0.0,"enemies":"Gremlin Leader","floor":25.0,"turns":3.0},{"damage":37.0,"enemies":"Book of Stabbing","floor":27.0,"turns":5.0},{"damage":0,"enemies":"3 Cultists","floor":28,"turns":4},{"damage":15,"enemies":"Shelled Parasite and Fungi","floor":29,"turns":3},{"damage":17,"enemies":"Colosseum Slavers","floor":30,"turns":2},{"damage":2,"enemies":"Colosseum Nobs","floor":30,"turns":3},{"damage":60,"enemies":"Collector","floor":33,"turns":8}],"seed_played":"8671447099234517468","potions_obtained":[{"floor":5.0,"key":"CunningPotion"},{"floor":7.0,"key":"Fire Potion"},{"floor":12.0,"key":"SteroidPotion"},{"floor":13.0,"key":"SteroidPotion"},{"floor":21.0,"key":"Weak Potion"},{"floor":22.0,"key":"PowerPotion"},{"floor":27.0,"key":"PowerPotion"},{"floor":28,"key":"FearPotion"},{"floor":30,"key":"Strength Potion"}],"is_trial":false,"path_per_floor":["M","?","$","?","M","E","?","?","T","R","$","E","M","M","R","B",null,"M","$","?","M","M","E","R","E","T","E","M","M","?","?","R","B"],"character_chosen":"THE_SILENT","items_purchased":["Sucker Punch","Ninja Scroll","Potion Belt","Die Die Die","Meat on the Bone"],"campfire_rested":3,"item_purchase_floors":[3,11,11,11,19],"current_hp_per_floor":[63,63,63,56,56,56,41,41,41,62,62,62,62,62,62,6,54,51,51,45,45,33,23,44,44,44,19,31,28,33,33,54,0,0],"gold":599,"neow_bonus":"THREE_ENEMY_KILL","is_daily":false,"chose_seed":false,"campfire_upgraded":1,"win_rate":0.0,"timestamp":1610003559,"path_taken":["M","?","?","?","M","E","?","?","T","R","$","E","?","M","R","BOSS","M","$","?","M","?","E","R","E","T","E","M","?","?","?","R","BOSS"],"items_purchased_type":["Card","Relic","Relic","Card","Relic"],"build_version":"2020-12-22","purchased_purges":1,"victory":false,"max_hp_per_floor":[70,70,70,70,70,70,70,70,70,70,70,70,70,70,70,70,70,70,70,70,70,70,70,70,70,70,70,70,70,70,70,70,70,70],"card_choices":[{"not_picked":["Dagger Throw","Outmaneuver"],"picked":"Blade Dance","floor":1.0},{"not_picked":["All Out Attack","Doppelganger"],"picked":"Slice","floor":5.0},{"not_picked":["Terror","Riddle With Holes"],"picked":"Quick Slash","floor":6.0},{"not_picked":["Blade Dance","Dagger Throw"],"picked":"Poisoned Stab","floor":7.0},{"not_picked":["A Thousand Cuts","Bane"],"picked":"Die Die Die","floor":12.0},{"not_picked":["Cloak And Dagger","Setup"],"picked":"Poisoned Stab","floor":13.0},{"not_picked":["PiercingWail","Dagger Throw","Backflip"],"picked":"SKIP","floor":14.0},{"not_picked":["Adrenaline","Night Terror"],"picked":"Phantasmal Killer","floor":16.0},{"not_picked":["Tactician","Reflex+1"],"picked":"Deflect","floor":18.0},{"not_picked":["Dash","Acrobatics","Bane"],"picked":"SKIP","floor":21.0},{"not_picked":["Setup","Endless Agony"],"picked":"Prepared+1","floor":22.0},{"not_picked":["Dagger Spray","Calculated Gamble"],"picked":"Deadly Poison","floor":23.0},{"not_picked":["Blade Dance+1","Deflect+1"],"picked":"Cloak And Dagger","floor":25.0},{"not_picked":["Crippling Poison","All Out Attack"],"picked":"Poisoned Stab","floor":27.0},{"not_picked":["Well Laid Plans+1","Cloak And Dagger"],"picked":"Deadly Poison","floor":28},{"not_picked":["Bane","Venomology","Concentrate"],"picked":"SKIP","floor":29},{"not_picked":["Dagger Spray","Outmaneuver","Caltrops"],"picked":"PiercingWail","floor":32}],"player_experience":382723,"relics_obtained":[{"floor":6.0,"key":"Dream Catcher"},{"floor":7.0,"key":"Odd Mushroom"},{"floor":9.0,"key":"Old Coin"},{"floor":12.0,"key":"Bronze Scales"},{"floor":23.0,"key":"Pen Nib"},{"floor":25.0,"key":"Art of War"},{"floor":26.0,"key":"Centennial Puzzle"},{"floor":27.0,"key":"Omamori"},{"floor":30,"key":"Incense Burner"},{"floor":30,"key":"Question Card"}],"event_choices":[{"damage_healed":0.0,"max_hp_gain":0.0,"max_hp_loss":0.0,"gold_gain":0.0,"event_name":"FaceTrader","player_choice":"Trade","floor":2.0,"gold_loss":0.0,"damage_taken":0.0,"relics_obtained":["SsserpentHead"]},{"cards_removed":["Strike_G"],"damage_healed":0.0,"max_hp_gain":0.0,"max_hp_loss":0.0,"gold_gain":0.0,"event_name":"Golden Wing","player_choice":"Card Removal","floor":4.0,"gold_loss":0.0,"damage_taken":7.0},{"damage_healed":0.0,"max_hp_gain":0.0,"max_hp_loss":0.0,"gold_gain":0.0,"event_name":"Mushrooms","player_choice":"Fought Mushrooms","floor":7.0,"gold_loss":0.0,"damage_taken":0.0},{"damage_healed":0.0,"max_hp_gain":0.0,"max_hp_loss":0.0,"gold_gain":0.0,"cards_transformed":["Strike_G"],"event_name":"Transmorgrifier","player_choice":"Transformed","floor":8.0,"gold_loss":0.0,"damage_taken":0.0,"cards_obtained":["Adrenaline"]},{"damage_healed":0.0,"max_hp_gain":0.0,"max_hp_loss":0.0,"gold_gain":0.0,"event_name":"Knowing Skull","player_choice":"","floor":20.0,"potions_obtained":[],"gold_loss":0.0,"damage_taken":6.0,"cards_obtained":[]},{"damage_healed":0,"gold_gain":0,"player_choice":"Fight","damage_taken":0,"max_hp_gain":0,"max_hp_loss":0,"event_name":"Colosseum","floor":30,"gold_loss":0},{"damage_healed":0,"gold_gain":0,"player_choice":"Fought Nobs","damage_taken":0,"max_hp_gain":0,"max_hp_loss":0,"event_name":"Colosseum","floor":30,"gold_loss":0},{"cards_removed":["Defend_G"],"damage_healed":0,"gold_gain":0,"player_choice":"Purged","damage_taken":0,"max_hp_gain":0,"max_hp_loss":0,"event_name":"Purifier","floor":31,"gold_loss":0}],"is_beta":false,"boss_relics":[{"not_picked":["Coffee Dripper","Astrolabe","Busted Crown"]}],"items_purged_floors":[19],"is_endless":false,"potions_floor_spawned":[5,7,12,13,21,22,27,28,30],"killed_by":"Collector","ascension_level":7}}