{"host":"dowi7cgbhepuzvpj","time":1610039100,"event":{"mods":["AchievementEnabler","BaseMod","Colored Map","Highlight Path","Keyboard Shortcuts","Minty Spire (QoL Compilation)","Permanent Neow","Quick Restart","StSLib","SuperFastMode"],"gold_per_floor":[114,125,125,139,289,289,300,300,300,300,315,330,30,40,40,116,116,129,179,179,179,164,164,48,48,74,74,74,89,121,131,131,131,131],"floor_reached":33,"playtime":909,"items_purged":["Strike_G"],"score":450,"play_id":"c3dc1f27-ca73-4bb8-8bbe-a7dcabb91899","local_time":"20210108020500","is_ascension_mode":true,"campfire_choices":[{"data":"After Image","floor":6,"key":"SMITH"},{"data":"Blade Dance","floor":15,"key":"SMITH"},{"data":"Accuracy","floor":23,"key":"SMITH"},{"data":"After Image","floor":25,"key":"SMITH"},{"floor":32,"key":"REST"}],"circlet_count":0,"master_deck":["AscendersBane","Strike_G","Strike_G","Strike_G","Strike_G","Defend_G","Defend_G","Defend_G","Defend_G","Defend_G","Survivor","Neutralize","After Image+1","Cloak And Dagger","Terror","PiercingWail","Doubt","PiercingWail","Blur","Escape Plan","Blade Dance+1","Accuracy+1","After Image+1","Phantasmal Killer","Leg Sweep+1","Prepared","Finisher","Backflip+1","Venomology+1"],"relics":["Ring of the Snake","Akabeko","Bottled Tornado","Membership Card","Calipers","WristBlade","Orrery","PreservedInsect","Toxic Egg 2","Potion Belt"],"acts_visited":["Exordium","TheCity"],"potions_floor_usage":[16,30],"damage_taken":[{"damage":1,"enemies":"2 Louse","floor":1,"turns":4},{"damage":0,"enemies":"Jaw Worm","floor":2,"turns":7},{"damage":0,"enemies":"Small Slimes","floor":4,"turns":4},{"damage":3,"enemies":"2 Fungi Beasts","floor":7,"turns":5},{"damage":0,"enemies":"3 Louse","floor":11,"turns":5},{"damage":3,"enemies":"Large Slime","floor":12,"turns":9},{"damage":16,"enemies":"Exordium Thugs","floor":14,"turns":8},{"damage":20,"enemies":"Hexaghost","floor":16,"turns":16},{"damage":2,"enemies":"3 Byrds","floor":18,"turns":9},{"damage":5,"enemies":"2 Thieves","floor":22,"turns":4},{"damage":0,"enemies":"Cultist and Chosen","floor":29,"turns":7},{"damage":5,"enemies":"Gremlin Leader","floor":30,"turns":2},{"damage":1,"enemies":"Snake Plant","floor":31,"turns":5},{"damage":66,"enemies":"Collector","floor":33,"turns":7}],"seed_played":"2466372147259722632","potions_obtained":[{"floor":1,"key":"PowerPotion"},{"floor":2,"key":"SteroidPotion"},{"floor":12,"key":"FairyPotion"},{"floor":18,"key":"Poison Potion"},{"floor":29,"key":"CunningPotion"}],"is_trial":false,"path_per_floor":["M","M","?","M","?","R","M","?","T","?","M","M","$","M","R","B",null,"M","?","?","?","M","R","$","R","T","T","?","M","E","M","R","B"],"character_chosen":"THE_SILENT","items_purchased":["Membership Card","Calipers","Orrery"],"campfire_rested":1,"item_purchase_floors":[13,13,24],"current_hp_per_floor":[43,43,43,43,43,43,40,29,29,51,51,48,48,32,32,12,53,51,51,33,23,18,18,18,18,18,18,18,18,13,12,33,0,0],"gold":131,"neow_bonus":"THREE_RARE_CARDS","is_daily":false,"chose_seed":false,"campfire_upgraded":4,"win_rate":0.0,"timestamp":1610039100,"path_taken":["M","M","?","M","?","R","M","?","T","?","M","M","$","M","R","BOSS","M","?","?","?","?","R","$","R","T","?","?","M","E","M","R","BOSS"],"items_purchased_type":["Relic","Relic","Relic"],"build_version":"2020-12-22","purchased_purges":1,"victory":false,"max_hp_per_floor":[66,66,66,66,66,66,66,66,66,66,66,66,66,66,66,66,66,66,66,71,71,71,71,71,71,71,71,71,71,71,71,71,71,71],"card_choices":[{"not_picked":["Unload","Burst"],"picked":"After Image","floor":0},{"not_picked":["Calculated Gamble","Leg Sweep"],"picked":"Cloak And Dagger","floor":1},{"not_picked":["Leg Sweep","Sucker Punch"],"picked":"Terror","floor":2},{"not_picked":["Sucker Punch","Dagger Spray"],"picked":"PiercingWail","floor":4},{"not_picked":["Sucker Punch","Dagger Spray"],"picked":"PiercingWail","floor":7},{"not_picked":["PiercingWail","Outmaneuver"],"picked":"Blur","floor":11},{"not_picked":["Sucker Punch","Noxious Fumes"],"picked":"Escape Plan","floor":12},{"not_picked":["Reflex","Backflip"],"picked":"Blade Dance","floor":14},{"not_picked":["Footwork","Deadly Poison"],"picked":"Accuracy","floor":18},{"not_picked":["Outmaneuver","Distraction","Riddle With Holes"],"picked":"SKIP","floor":22},{"not_picked":["Blade Dance+1","Accuracy"],"picked":"After Image","floor":24},{"not_picked":["Calculated Gamble","Eviscerate"],"picked":"Phantasmal Killer","floor":24},{"not_picked":["Flying Knee","Sucker Punch"],"picked":"Leg Sweep+1","floor":24},{"not_picked":["Dagger Throw","Eviscerate"],"picked":"Prepared","floor":24},{"not_picked":["Flying Knee","Dagger Throw"],"picked":"Finisher","floor":29},{"not_picked":["Sucker Punch","Concentrate+1"],"picked":"Backflip+1","floor":30},{"not_picked":["Quick Slash","PiercingWail+1"],"picked":"Venomology+1","floor":31}],"player_experience":770938,"relics_obtained":[{"floor":9,"key":"Bottled Tornado"},{"floor":26,"key":"PreservedInsect"},{"floor":27,"key":"Toxic Egg 2"},{"floor":30,"key":"Potion Belt"}],"event_choices":[{"damage_healed":0,"gold_gain":0,"player_choice":"Ignored","damage_taken":0,"max_hp_gain":0,"max_hp_loss":0,"event_name":"Golden Idol","floor":3,"gold_loss":0},{"damage_healed":0,"gold_gain":150,"player_choice":"AGREE","damage_taken":0,"max_hp_gain":0,"max_hp_loss":0,"event_name":"Liars Game","floor":5,"gold_loss":0,"cards_obtained":["Doubt"]},{"damage_healed":0,"gold_gain":0,"player_choice":"Success","damage_taken":11,"relics_obtained":["Akabeko"],"max_hp_gain":0,"max_hp_loss":0,"event_name":"Scrap Ooze","floor":8,"gold_loss":0},{"damage_healed":22,"gold_gain":0,"player_choice":"Banana","damage_taken":0,"max_hp_gain":0,"max_hp_loss":0,"event_name":"Big Fish","floor":10,"gold_loss":0},{"damage_healed":0,"gold_gain":50,"player_choice":"Stole From Cult","damage_taken":0,"max_hp_gain":0,"max_hp_loss":0,"event_name":"Nest","floor":19,"gold_loss":0},{"damage_healed":0,"gold_gain":0,"player_choice":"Shed Blood","damage_taken":23,"max_hp_gain":5,"max_hp_loss":0,"event_name":"Forgotten Altar","floor":20,"gold_loss":0},{"damage_healed":0,"gold_gain":0,"player_choice":"Damaged","damage_taken":10,"max_hp_gain":0,"max_hp_loss":0,"event_name":"Wheel of Change","floor":21,"gold_loss":0},{"damage_healed":0,"gold_gain":0,"player_choice":"Ignored","damage_taken":0,"max_hp_gain":0,"max_hp_loss":0,"event_name":"Ghosts","floor":28,"gold_loss":0}],"is_beta":false,"boss_relics":[{"not_picked":["HoveringKite","Astrolabe"],"picked":"WristBlade"}],"items_purged_floors":[24],"is_endless":false,"potions_floor_spawned":[1,2,4,12,18,29],"killed_by":"Collector","ascension_level":15}}