{"host":"iimv3xr0scyjt3cx","time":1610048208,"event":{"mods":["BaseMod","Hermit","Minty Spire (QoL Compilation)","Replay The Spire","StSLib","The Bladedancer","The Bug Knight","The Cursed","The Judge","The Senshi","The Servant 0.9.4","The Wild Card"],"gold_per_floor":[119,134,134,149,169,169,196,196,222,234,265,277,306,329,341,448,460,487,271,370,381,397,397,21,54,54,71,89,89,89],"floor_reached":29,"playtime":1997,"items_purged":[],"score":249,"play_id":"be59f28b-eb7b-4a3f-828c-b3804c4ad966","local_time":"20210107203648","is_ascension_mode":false,"campfire_choices":[{"data":"hermit:Maintenance","floor":6,"key":"SMITH"},{"floor":12,"key":"REST"},{"floor":15,"key":"REST"},{"data":"hermit:Determination","floor":23,"key":"SMITH"}],"circlet_count":0,"master_deck":["hermit:Strike_Hermit","hermit:Strike_Hermit","hermit:Strike_Hermit","hermit:Strike_Hermit","hermit:Defend_Hermit","hermit:Defend_Hermit","hermit:Defend_Hermit","hermit:Defend_Hermit","hermit:Snapshot+1","hermit:Covet","hermit:TakeAim","hermit:Determination+1","hermit:Maintenance+1","hermit:GoldenBullet","hermit:Showdown","hermit:TakeCover","hermit:LowProfile","hermit:ShadowCloak","hermit:Gambit","hermit:Enervate","hermit:GhostlyPresence","hermit:Vantage","hermit:Brawl","hermit:BigShot"],"relics":["hermit:Momento","Vajra","Replay:Wax Seal","MawBank","Painkiller Herb","Anchor","PreservedInsect","Lee\u0027s Waffle","Nunchaku","Turnip"],"acts_visited":["Exordium","TheCity"],"potions_floor_usage":[7,16,16,18,25,29],"damage_taken":[{"damage":0,"enemies":"Cultist","floor":1,"turns":3},{"damage":1,"enemies":"Jaw Worm","floor":2,"turns":4},{"damage":2,"enemies":"Small Slimes","floor":4,"turns":4},{"damage":16,"enemies":"Blue Slaver","floor":5,"turns":5},{"damage":20,"enemies":"Gremlin Nob","floor":7,"turns":4},{"damage":8,"enemies":"Red Slaver","floor":11,"turns":2},{"damage":10,"enemies":"3 Louse","floor":13,"turns":4},{"damage":4,"enemies":"Exordium Wildlife","floor":14,"turns":6},{"damage":37,"enemies":"Hexaghost","floor":16,"turns":9},{"damage":8,"enemies":"3 Byrds","floor":18,"turns":10},{"damage":8,"enemies":"Spheric Guardian","floor":21,"turns":4},{"damage":8,"enemies":"Snecko","floor":22,"turns":6},{"damage":43,"enemies":"Slavers","floor":25,"turns":7},{"damage":8,"enemies":"Cultist and Chosen","floor":27,"turns":7},{"damage":27,"enemies":"Shelled Parasite and Fungi","floor":28,"turns":7},{"damage":1,"enemies":"Chosen and Byrds","floor":29,"turns":5}],"seed_played":"6629873106218326555","potions_obtained":[{"floor":1,"key":"Death Potion"},{"floor":4,"key":"Strength Potion"},{"floor":13,"key":"CultistPotion"},{"floor":16,"key":"Flashbang"},{"floor":18,"key":"Energy Potion"},{"floor":27,"key":"SkillPotion"}],"is_trial":false,"path_per_floor":["M","M","?","M","M","R","E","?","T","?","M","R","M","M","R","B",null,"?","T","?","?","?","T","T","E","T","?","?","?"],"character_chosen":"HERMIT","items_purchased":["Anchor","hermit:GhostlyPresence","PreservedInsect","Lee\u0027s Waffle","hermit:Brawl"],"campfire_rested":2,"item_purchase_floors":[19,19,24,24,24],"current_hp_per_floor":[75,74,74,72,56,56,36,18,18,18,10,32,22,18,40,3,75,67,67,67,59,51,51,82,39,39,31,4,3,3],"gold":89,"neow_bonus":"UPGRADE_CARD","is_daily":false,"chose_seed":false,"campfire_upgraded":2,"win_rate":0.0,"timestamp":1610048208,"path_taken":["M","?","?","M","?","R","E","?","T","?","M","R","?","M","R","BOSS","?","T","?","?","?","T","T","E","T","?","?","?"],"items_purchased_type":["Relic","Card","Relic","Relic","Card"],"build_version":"2020-12-22","purchased_purges":0,"victory":false,"max_hp_per_floor":[75,75,75,75,75,75,75,75,75,75,75,75,75,75,75,75,75,75,75,75,75,75,75,82,82,82,82,82,82,82],"card_choices":[{"not_picked":["hermit:SprayPray","hermit:WideOpen"],"picked":"hermit:TakeAim","floor":1},{"not_picked":["hermit:LowProfile","hermit:LoneWolf"],"picked":"hermit:Determination","floor":2},{"not_picked":["hermit:WideOpen","hermit:Midnight"],"picked":"hermit:GoldenBullet","floor":4},{"not_picked":["hermit:Midnight","hermit:Desperado"],"picked":"hermit:Showdown","floor":5},{"not_picked":["hermit:Roulette","hermit:OverwhelmingPower"],"picked":"hermit:NoHoldsBarred","floor":7},{"not_picked":["hermit:Headshot","hermit:Vantage"],"picked":"hermit:TakeCover","floor":11},{"not_picked":["hermit:Roulette","hermit:Spite"],"picked":"hermit:LowProfile","floor":13},{"not_picked":["hermit:Manifest","hermit:LowProfile"],"picked":"hermit:ShadowCloak","floor":14},{"not_picked":["hermit:FinalCanter","hermit:BlackWind"],"picked":"hermit:Gambit","floor":16},{"not_picked":["hermit:Showdown","hermit:Snipe+1"],"picked":"hermit:Enervate","floor":18},{"not_picked":["hermit:Ricochet","hermit:LowProfile","hermit:GhostlyPresence"],"picked":"SKIP","floor":21},{"not_picked":["hermit:Manifest","hermit:Dive"],"picked":"hermit:Vantage","floor":22},{"not_picked":["hermit:GhostlyPresence","hermit:Glare+1"],"picked":"hermit:BigShot","floor":25},{"not_picked":["hermit:Manifest","hermit:Cheat","hermit:CursedWeapon"],"picked":"SKIP","floor":27},{"not_picked":["hermit:ItchyTrigger","hermit:SprayPray","hermit:FinalCanter"],"picked":"SKIP","floor":28}],"player_experience":480198,"relics_obtained":[{"floor":7,"key":"Vajra"},{"floor":9,"key":"MawBank"},{"floor":25,"key":"Nunchaku"},{"floor":26,"key":"Turnip"}],"event_choices":[{"damage_healed":0,"gold_gain":0,"player_choice":"1 cards matched","damage_taken":0,"max_hp_gain":0,"max_hp_loss":0,"event_name":"Match and Keep!","floor":3,"gold_loss":0,"cards_obtained":["hermit:Maintenance"]},{"damage_healed":0,"gold_gain":0,"player_choice":"Success","damage_taken":18,"relics_obtained":["Replay:Wax Seal"],"max_hp_gain":0,"max_hp_loss":0,"event_name":"Scrap Ooze","floor":8,"gold_loss":0},{"cards_removed":["hermit:NoHoldsBarred"],"damage_healed":0,"gold_gain":0,"player_choice":"Purged","damage_taken":0,"max_hp_gain":0,"max_hp_loss":0,"event_name":"Purifier","floor":10,"gold_loss":0},{"damage_healed":0,"gold_gain":99,"player_choice":"Stole From Cult","damage_taken":0,"max_hp_gain":0,"max_hp_loss":0,"event_name":"Nest","floor":20,"gold_loss":0}],"is_beta":false,"boss_relics":[{"not_picked":["hermit:DentedPlate","Replay:Bronze Core"],"picked":"Painkiller Herb"}],"items_purged_floors":[],"is_endless":false,"potions_floor_spawned":[1,4,13,16,18,27],"killed_by":"Chosen and Byrds","ascension_level":0}}