{"host":"jlioisuqr94vbevf","time":1610036099,"event":{"mods":["BaseMod","Colored Powertips","Minty Spire (QoL Compilation)","StSLib"],"gold_per_floor":[110,123,141,157,1,35,56,87,139,151,182,194,206,235,247,356,368,397,425,453,209,209,242,242,269,269,269,285,298,223,238,238,238,238],"floor_reached":33,"playtime":1828,"items_purged":["Crescendo"],"score":401,"play_id":"de05ee20-9af2-4427-aae0-6b486029fa28","local_time":"20210107171459","is_ascension_mode":true,"campfire_choices":[{"data":"ForeignInfluence","floor":10,"key":"SMITH"},{"floor":12,"key":"REST"},{"data":"Crescendo","floor":15,"key":"SMITH"},{"floor":24,"key":"REST"},{"floor":27,"key":"REST"},{"floor":32,"key":"REST"}],"circlet_count":0,"master_deck":["Strike_P+1","Strike_P","Strike_P","Defend_P","Defend_P","Defend_P","Defend_P","Eruption+1","Vigilance","ForeignInfluence+1","Tantrum","Conclude","CarveReality","Prostrate","ThirdEye","Brilliance","Crescendo+1","Devotion","SandsOfTime","InnerPeace+1","CutThroughFate","Swivel","ClearTheMind","Adaptation+1","Halt","Protect+1","Protect"],"relics":["PureWater","Torii","Nunchaku","Orichalcum","Odd Mushroom","White Beast Statue","MawBank","Philosopher\u0027s Stone","Lantern","MutagenicStrength","Whetstone","Art of War","Sundial"],"acts_visited":["Exordium","TheCity"],"potions_floor_usage":[6,7,16,16,18,19,23,23,29,31,33,33],"damage_taken":[{"damage":9,"enemies":"Small Slimes","floor":1,"turns":7},{"damage":0,"enemies":"Cultist","floor":2,"turns":2},{"damage":0,"enemies":"2 Louse","floor":3,"turns":1},{"damage":1,"enemies":"Looter","floor":4,"turns":2},{"damage":0,"enemies":"Gremlin Nob","floor":6,"turns":2},{"damage":1,"enemies":"The Mushroom Lair","floor":7,"turns":2},{"damage":0,"enemies":"3 Sentries","floor":8,"turns":2},{"damage":30,"enemies":"Lots of Slimes","floor":11,"turns":3},{"damage":0,"enemies":"Exordium Thugs","floor":14,"turns":3},{"damage":6,"enemies":"Slime Boss","floor":16,"turns":6},{"damage":1,"enemies":"Chosen","floor":18,"turns":3},{"damage":7,"enemies":"Spheric Guardian","floor":19,"turns":3},{"damage":11,"enemies":"Centurion and Healer","floor":20,"turns":4},{"damage":29,"enemies":"Gremlin Leader","floor":23,"turns":2},{"damage":26,"enemies":"Book of Stabbing","floor":25,"turns":4},{"damage":31,"enemies":"Sentry and Sphere","floor":28,"turns":4},{"damage":12,"enemies":"Shelled Parasite and Fungi","floor":29,"turns":3},{"damage":1,"enemies":"Cultist and Chosen","floor":31,"turns":4},{"damage":51,"enemies":"Collector","floor":33,"turns":3}],"seed_played":"6630038968922807534","potions_obtained":[{"floor":2,"key":"SpeedPotion"},{"floor":3,"key":"Swift Potion"},{"floor":4,"key":"BlessingOfTheForge"},{"floor":11,"key":"Energy Potion"},{"floor":14,"key":"EssenceOfSteel"},{"floor":16,"key":"Ancient Potion"},{"floor":18,"key":"ColorlessPotion"},{"floor":19,"key":"Strength Potion"},{"floor":20,"key":"Strength Potion"},{"floor":23,"key":"FairyPotion"},{"floor":25,"key":"Energy Potion"},{"floor":28,"key":"SneckoOil"},{"floor":29,"key":"EssenceOfSteel"},{"floor":31,"key":"SteroidPotion"}],"is_trial":false,"path_per_floor":["M","M","M","M","$","E","?","E","T","R","M","R","?","M","R","B",null,"M","M","M","$","?","E","R","E","T","R","M","M","?","M","R","B"],"character_chosen":"WATCHER","items_purchased":["Nunchaku","Lantern","Swivel"],"campfire_rested":4,"item_purchase_floors":[5,21,21],"current_hp_per_floor":[56,56,56,55,55,55,54,54,54,54,24,43,43,43,43,37,65,64,57,46,46,46,17,36,10,10,29,19,7,7,6,25,0,0],"gold":238,"neow_bonus":"ONE_RARE_RELIC","is_daily":false,"chose_seed":false,"campfire_upgraded":2,"win_rate":0.0,"timestamp":1610036099,"path_taken":["M","M","M","M","$","E","?","E","T","R","M","R","?","?","R","BOSS","M","M","M","$","?","E","R","E","T","R","M","M","?","M","R","BOSS"],"items_purchased_type":["Relic","Relic","Card"],"build_version":"2020-12-22","purchased_purges":1,"victory":false,"max_hp_per_floor":[65,65,65,65,65,65,65,65,65,65,65,65,65,65,65,65,65,65,65,65,65,65,65,65,65,65,65,65,65,65,65,65,65,65],"card_choices":[{"not_picked":["Halt","Worship"],"picked":"ForeignInfluence","floor":1},{"not_picked":["Indignation","Fasting2"],"picked":"Tantrum","floor":2},{"not_picked":["CrushJoints","WindmillStrike"],"picked":"Conclude","floor":3},{"not_picked":["JustLucky","FlurryOfBlows"],"picked":"Crescendo","floor":4},{"not_picked":["FlyingSleeves","Nirvana"],"picked":"JustLucky","floor":6},{"not_picked":["Conclude","SashWhip"],"picked":"CarveReality","floor":7},{"not_picked":["CrushJoints","EmptyFist"],"picked":"Prostrate","floor":8},{"not_picked":["WaveOfTheHand","CrushJoints"],"picked":"ThirdEye","floor":11},{"not_picked":["JustLucky","Weave"],"picked":"Crescendo","floor":14},{"not_picked":["Omniscience","Alpha"],"picked":"Devotion","floor":16},{"not_picked":["FlyingSleeves","JustLucky"],"picked":"SandsOfTime","floor":18},{"not_picked":["JustLucky","Tantrum"],"picked":"InnerPeace+1","floor":19},{"not_picked":["Crescendo","FollowUp"],"picked":"CutThroughFate","floor":20},{"not_picked":["Crescendo+1","Consecrate+1"],"picked":"ClearTheMind","floor":23},{"not_picked":["ThirdEye","CutThroughFate"],"picked":"Adaptation+1","floor":25},{"not_picked":["ClearTheMind","ForeignInfluence"],"picked":"Halt","floor":28},{"not_picked":["Establishment","ForeignInfluence"],"picked":"Protect+1","floor":29},{"not_picked":["Consecrate","Sanctity"],"picked":"Protect","floor":31}],"player_experience":375143,"relics_obtained":[{"floor":6,"key":"Orichalcum"},{"floor":7,"key":"Odd Mushroom"},{"floor":8,"key":"White Beast Statue"},{"floor":9,"key":"MawBank"},{"floor":23,"key":"Whetstone"},{"floor":25,"key":"Art of War"},{"floor":26,"key":"Sundial"}],"event_choices":[{"damage_healed":0,"gold_gain":0,"player_choice":"Fought Mushrooms","damage_taken":0,"max_hp_gain":0,"max_hp_loss":0,"event_name":"Mushrooms","floor":7,"gold_loss":0},{"damage_healed":0,"gold_gain":0,"cards_transformed":["JustLucky"],"player_choice":"Transformed","damage_taken":0,"max_hp_gain":0,"max_hp_loss":0,"event_name":"Transmorgrifier","floor":13,"gold_loss":0,"cards_obtained":["Brilliance"]},{"damage_healed":0,"gold_gain":0,"player_choice":"Inject Mutagens","damage_taken":0,"relics_obtained":["MutagenicStrength"],"max_hp_gain":0,"max_hp_loss":0,"event_name":"Drug Dealer","floor":22,"gold_loss":0},{"cards_removed":["Strike_P"],"damage_healed":0,"gold_gain":0,"player_choice":"Gave Gold","damage_taken":0,"max_hp_gain":0,"max_hp_loss":0,"event_name":"Beggar","floor":30,"gold_loss":75}],"is_beta":false,"boss_relics":[{"not_picked":["Fusion Hammer","Pandora\u0027s Box"],"picked":"Philosopher\u0027s Stone"}],"items_purged_floors":[21],"is_endless":false,"potions_floor_spawned":[2,3,4,11,14,16,18,19,20,23,25,28,29,31],"killed_by":"Collector","ascension_level":3}}