{"host":"wap9tdlvdoka6bjt","time":1610037399,"event":{"mods":["BaseMod","Block Reminder","DeckTracker","Highlight Path","Minty Spire (QoL Compilation)","Relic Stats"],"gold_per_floor":[118,118,131,131,206,250,250,250,250],"floor_reached":8,"playtime":125,"items_purged":[],"score":115,"play_id":"5c3cd482-7d18-43c4-b401-3a3e94abd4b6","local_time":"20210107113639","is_ascension_mode":true,"campfire_choices":[{"data":"Footwork","floor":7,"key":"SMITH"}],"circlet_count":0,"master_deck":["Strike_G","Strike_G","Strike_G","Strike_G","Strike_G","Defend_G","Defend_G","Defend_G","Defend_G","Defend_G","Survivor","Neutralize","Footwork+1","Corpse Explosion"],"relics":["Ring of the Snake","NeowsBlessing","Tingsha","Golden Idol","Matryoshka"],"acts_visited":[],"potions_floor_usage":[],"damage_taken":[{"damage":0.0,"enemies":"Small Slimes","floor":1.0,"turns":1.0},{"damage":0.0,"enemies":"Cultist","floor":3.0,"turns":1.0},{"damage":0,"enemies":"Lagavulin","floor":6,"turns":1},{"damage":25,"enemies":"Gremlin Nob","floor":8,"turns":4}],"seed_played":"-5694272236782825822","potions_obtained":[{"floor":3.0,"key":"PowerPotion"}],"is_trial":false,"path_per_floor":["M","?","M","?","?","E","R","E"],"character_chosen":"THE_SILENT","items_purchased":[],"campfire_rested":0,"item_purchase_floors":[],"current_hp_per_floor":[63,63,63,46,35,35,35,10,10],"gold":250,"neow_bonus":"THREE_ENEMY_KILL","is_daily":false,"chose_seed":false,"campfire_upgraded":1,"win_rate":0.0,"timestamp":1610037399,"path_taken":["M","?","?","?","?","E","R","E"],"items_purchased_type":[],"build_version":"2020-12-22","purchased_purges":0,"victory":false,"max_hp_per_floor":[70,70,70,70,70,70,70,70,70],"relic_stats":{"counters":[2,5],"Golden Idol":9,"Tingsha":[0],"obtain_stats":[{"Matryoshka":6,"NeowsBlessing":0,"Golden Idol":4,"Tingsha":0,"Ring of the Snake":0},{"Matryoshka":1,"NeowsBlessing":0,"Golden Idol":0,"Tingsha":0,"Ring of the Snake":0},{"Matryoshka":1,"NeowsBlessing":0,"Golden Idol":0,"Tingsha":0,"Ring of the Snake":0}],"Ring of the Snake":[4]},"card_choices":[{"not_picked":["Slice","Poisoned Stab"],"picked":"Underhanded Strike","floor":1.0},{"not_picked":["Dodge and Roll","Prepared"],"picked":"Footwork","floor":3.0},{"not_picked":["Predator","Cloak And Dagger"],"picked":"Corpse Explosion","floor":6}],"player_experience":251374,"relics_obtained":[{"floor":6,"key":"Matryoshka"}],"event_choices":[{"cards_removed":["Underhanded Strike"],"damage_healed":0.0,"max_hp_gain":0.0,"max_hp_loss":0.0,"gold_gain":0.0,"event_name":"WeMeetAgain","player_choice":"Gave Card","floor":2.0,"gold_loss":0.0,"damage_taken":0.0,"relics_obtained":["Tingsha"]},{"damage_healed":0,"gold_gain":0,"player_choice":"Take Damage","damage_taken":17,"relics_obtained":["Golden Idol"],"max_hp_gain":0,"max_hp_loss":0,"event_name":"Golden Idol","floor":4,"gold_loss":0},{"damage_healed":0,"gold_gain":75,"player_choice":"Gather Gold","damage_taken":11,"max_hp_gain":0,"max_hp_loss":0,"event_name":"World of Goop","floor":5,"gold_loss":0}],"is_beta":false,"boss_relics":[],"items_purged_floors":[],"is_endless":false,"potions_floor_spawned":[3],"killed_by":"Gremlin Nob","ascension_level":9}}