{"host":"y6zg4wwu39otf01a","time":1610046990,"event":{"mods":["Act Like it!","Aspiration","BaseMod","Better Altar","Better Match","Better Note","Better Sensory Stone","Better Skull","Better Third Choice","Colored Map","Colored Powertips","Conspire","GifTheSpireLib","Glutton Mod","Halation","Hermit","Highlight Path","Hubris","Infinite Spire","Mimic Mod","Minty Spire (QoL Compilation)","Quick Restart","Random Character Button","Rare Cards Sparkle","Replay The Spire","Retaliation","Shade Mod","Spicy Shops","StSLib","Stuff the Spire","The Blue Laboratory","The Jungle","TheArtist","thorton","vexMod"],"gold_per_floor":[111,111,111,286,286,300,300,300,300],"floor_reached":8,"playtime":307,"items_purged":[],"score":46,"play_id":"36e6cd6c-bde1-4e0c-ba31-bff99d1033e3","local_time":"20210107141630","is_ascension_mode":true,"campfire_choices":[],"circlet_count":0,"master_deck":["Strike_B","Strike_B","Strike_B","Strike_B","Defend_B","Defend_B","Defend_B","Defend_B","Zap","Dualcast","Redo","Doubt","Fusion+1","infinitespire:UltimateForm"],"relics":["Cracked Core","Toxic Egg 2","aspiration:HatOfInfinitePower"],"acts_visited":["Exordium"],"potions_floor_usage":[],"damage_taken":[{"damage":7,"enemies":"2 Louse","floor":1,"turns":2},{"damage":7,"enemies":"Small Slimes","floor":6,"turns":2},{"damage":75,"enemies":"Gremlin Nob","floor":8,"turns":5}],"seed_played":"-4670595411703154594","potions_obtained":[],"is_trial":false,"path_per_floor":["M","?","?","?","?","M","?","E"],"character_chosen":"DEFECT","items_purchased":[],"campfire_rested":0,"item_purchase_floors":[],"current_hp_per_floor":[75,75,75,75,75,68,47,0,0],"gold":300,"neow_bonus":"TEN_PERCENT_HP_BONUS","is_daily":false,"chose_seed":false,"campfire_upgraded":0,"win_rate":0.0,"timestamp":1610046990,"path_taken":["M","?","?","?","?","M","?","E"],"items_purchased_type":[],"build_version":"2020-12-22","purchased_purges":0,"victory":false,"max_hp_per_floor":[82,82,82,82,82,82,82,82,82],"card_choices":[{"not_picked":["Conserve Battery","Cold Snap"],"picked":"Redo","floor":1},{"not_picked":["Barrage","StuffTheSpire:GlassShard"],"picked":"Fusion+1","floor":6},{"not_picked":["infinitespire:NeuralNetwork","ReplayTheSpireMod:Echoes of Time"],"picked":"infinitespire:UltimateForm","floor":7}],"player_experience":673192,"relics_obtained":[{"floor":2,"key":"Toxic Egg 2"}],"event_choices":[{"damage_healed":0,"gold_gain":175,"player_choice":"AGREE","damage_taken":111,"max_hp_gain":0,"max_hp_loss":0,"event_name":"betterThird:BetterSerpent","floor":4,"gold_loss":0}],"is_beta":false,"boss_relics":[],"items_purged_floors":[],"is_endless":false,"potions_floor_spawned":[],"killed_by":"Gremlin Nob","ascension_level":1}}