{"host":"wha9hktbkslqvblg","time":1610022403,"event":{"mods":["BaseMod","Colored Map","Minty Spire (QoL Compilation)","Relic Stats","SuperFastMode","everything is the same but u backflip on backflip"],"gold_per_floor":[116,191,116,134,34,59,59,98,98,98,112,146,161,161,161,254,254,275,74,74,74],"floor_reached":20,"playtime":348,"items_purged":["Defend_P","Defend_P","Strike_P"],"score":430,"play_id":"d67d66a1-049d-435f-a34f-8c422eb309be","local_time":"20210107212643","is_ascension_mode":true,"campfire_choices":[{"data":"Eruption","floor":10.0,"key":"SMITH"},{"data":"InnerPeace","floor":15.0,"key":"SMITH"}],"circlet_count":0,"master_deck":["AscendersBane","Strike_P","Strike_P","Strike_P","Defend_P","Defend_P","Eruption+1","Vigilance","Wallop","CarveReality","InnerPeace+1","Vault","Adaptation"],"relics":["PureWater","NeowsBlessing","Golden Idol","Bottled Flame","Pantograph","VioletLotus"],"acts_visited":["Exordium","TheCity"],"potions_floor_usage":[20],"damage_taken":[{"damage":0.0,"enemies":"2 Louse","floor":1.0,"turns":1.0},{"damage":0.0,"enemies":"Jaw Worm","floor":4.0,"turns":1.0},{"damage":0.0,"enemies":"Lagavulin","floor":6.0,"turns":1.0},{"damage":16.0,"enemies":"Gremlin Nob","floor":8.0,"turns":3.0},{"damage":0.0,"enemies":"Small Slimes","floor":11.0,"turns":2.0},{"damage":12.0,"enemies":"Lagavulin","floor":12.0,"turns":5.0},{"damage":0.0,"enemies":"Looter","floor":13.0,"turns":1.0},{"damage":29.0,"enemies":"The Guardian","floor":16.0,"turns":10.0},{"damage":26,"enemies":"Shell Parasite","floor":18,"turns":4},{"damage":3,"enemies":"3 Byrds","floor":20,"turns":3}],"seed_played":"-6108130207993598037","potions_obtained":[{"floor":6.0,"key":"Fire Potion"},{"floor":11.0,"key":"FairyPotion"},{"floor":12.0,"key":"Fire Potion"}],"is_trial":false,"path_per_floor":["M","?","$","M","$","E","?","E","T","R","M","E","M","?","R","B",null,"M","$","M"],"character_chosen":"WATCHER","items_purchased":["Adaptation"],"campfire_rested":0,"item_purchase_floors":[19],"current_hp_per_floor":[61,50,50,50,50,50,50,34,34,34,34,22,22,27,27,23,56,30,30,27,27],"gold":74,"neow_bonus":"THREE_ENEMY_KILL","is_daily":false,"chose_seed":false,"campfire_upgraded":2,"win_rate":0.0,"timestamp":1610022403,"path_taken":["M","?","$","M","$","E","?","E","T","R","M","E","M","?","R","BOSS","M","$","M"],"items_purchased_type":["Card"],"build_version":"2020-12-22","purchased_purges":3,"victory":false,"max_hp_per_floor":[68,68,68,68,68,68,62,62,62,62,62,62,62,67,67,67,67,67,67,67,67],"relic_stats":{"counters":[10,31],"Golden Idol":44,"Pantograph":25,"VioletLotus":[1],"obtain_stats":[{"Bottled Flame":8,"NeowsBlessing":0,"Golden Idol":7,"Pantograph":12,"VioletLotus":17,"PureWater":0},{"Bottled Flame":4,"NeowsBlessing":0,"Golden Idol":3,"Pantograph":6,"VioletLotus":8,"PureWater":0},{"Bottled Flame":6,"NeowsBlessing":0,"Golden Idol":3,"Pantograph":13,"VioletLotus":24,"PureWater":0}]},"card_choices":[{"not_picked":["BowlingBash","Crescendo"],"picked":"Wallop","floor":1.0},{"not_picked":["Protect","Swivel","Pray"],"picked":"SKIP","floor":4.0},{"not_picked":["FollowUp","CutThroughFate","Protect"],"picked":"SKIP","floor":6.0},{"not_picked":["ThirdEye","SignatureMove","Brilliance"],"picked":"SKIP","floor":8.0},{"not_picked":["Crescendo","JustLucky","Prostrate"],"picked":"SKIP","floor":11.0},{"not_picked":["Protect","Meditate"],"picked":"CarveReality","floor":12.0},{"not_picked":["ReachHeaven","Protect"],"picked":"InnerPeace","floor":13.0},{"not_picked":["SpiritShield","Wish"],"picked":"Vault","floor":16.0},{"not_picked":["Worship","CrushJoints","Wallop"],"picked":"SKIP","floor":18}],"player_experience":941814,"relics_obtained":[{"floor":8.0,"key":"Bottled Flame"},{"floor":12.0,"key":"Pantograph"}],"event_choices":[{"damage_healed":0.0,"max_hp_gain":0.0,"max_hp_loss":0.0,"gold_gain":75.0,"event_name":"World of Goop","player_choice":"Gather Gold","floor":2.0,"gold_loss":0.0,"damage_taken":11.0},{"damage_healed":0.0,"max_hp_gain":0.0,"max_hp_loss":6.0,"gold_gain":0.0,"event_name":"Golden Idol","player_choice":"Lose Max HP","floor":7.0,"gold_loss":0.0,"damage_taken":0.0,"relics_obtained":["Golden Idol"]},{"damage_healed":0.0,"max_hp_gain":5.0,"max_hp_loss":0.0,"gold_gain":0.0,"event_name":"Big Fish","player_choice":"Donut","floor":14.0,"gold_loss":0.0,"damage_taken":0.0}],"is_beta":false,"boss_relics":[{"not_picked":["SlaversCollar","Astrolabe"],"picked":"VioletLotus"}],"items_purged_floors":[3,5,19],"is_endless":false,"potions_floor_spawned":[6,11,12,16],"killed_by":"3 Byrds","ascension_level":20}}