{"host":"vh84ep2bvzg72dp7","time":1610048452,"event":{"mods":["AchievementEnabler","Act Like it!","Aspiration","Astrologer","Bard","BaseMod","Beaked The Cultist","Better Altar","Better Match","Better Note","Better Sensory Stone","Better Skull","Better Third Choice","BetterRewards","Conspire","Downfall","Gensokyo","Halation","Hermit","Infinite Spire","Jorbs\u0027s Wanderer Trilogy","Marisa（霧雨　魔理沙）","Minty Spire (QoL Compilation)","MostiFishMod","Replay The Spire","Shop Mod","Spicy Shops","StSLib","The Alterego","The Animator","The Construct","The Cursed","The Hierophant","The Jungle","The Poker Player","The Runesmith","The Servant 0.9.4","The Wild Card","TheArtist","WarShipGirlsR/战舰少女R mod"],"gold_per_floor":[99,111,127,144,144,158,184,34,134,152,169,202,202,213,224,324,324,324,341,356,356,366,366,447,461,478,492,517,531,456,0,13,13,13,13],"floor_reached":33,"playtime":2062,"items_purged":[],"score":302,"play_id":"32197246-a397-45e5-af1c-2d5ef1b2c9e1","local_time":"20210108024052","is_ascension_mode":false,"campfire_choices":[{"floor":1,"key":"RECALL"},{"data":"champ:Taunt","floor":8,"key":"SMITH"},{"data":"champ:VampiricStrike","floor":18,"key":"SMITH"},{"floor":23,"key":"REST"},{"floor":30,"key":"REST"}],"circlet_count":0,"master_deck":["champ:Strike","champ:Strike","champ:Strike","champ:Strike","champ:Defend","champ:Defend","champ:Defend","champ:Defend","champ:Execute","champ:Taunt+1","champ:FanOfKnives","champ:FlashCut","champ:FanOfKnives","champ:SkillfulDodge","champ:PerfectedStrike","champ:ShieldWall","champ:DefensiveShout","Jack Of All Trades","champ:StanceDance","champ:GladiatorStyle","champ:VampiricStrike+1","champ:DeathBlow","champ:PerfectedStrike+1","champ:BerserkersShout","champ:GutPunch+1","champ:FanOfKnives","champ:ShieldThrow","champ:EnragedBash+1","champ:Backstep+1","champ:Haymaker","champ:GladiatorsShout","champ:TornadoPunch","expansioncontent:ChargeUp","champ:ShieldSlam"],"relics":["champ:ChampionCrownUpgraded","DaveBox","JellyFishMachine","downfall:HeartBlessingRed","downfall:HeartBlessingBlue","Gremlin Horn","Garlic","ReplayFunnel","downfall:HeartBlessingGreen","Mercury Hourglass"],"acts_visited":["Exordium","TheCity"],"potions_floor_usage":[],"damage_taken":[{"damage":6,"enemies":"Small Slimes","floor":2,"turns":4},{"damage":10,"enemies":"2 Louse","floor":3,"turns":3},{"damage":5,"enemies":"Cultist","floor":4,"turns":2},{"damage":15,"enemies":"Gremlin Gang","floor":6,"turns":4},{"damage":2,"enemies":"3 Louse","floor":10,"turns":3},{"damage":15,"enemies":"Blue Slaver","floor":11,"turns":2},{"damage":7,"enemies":"Lagavulin","floor":12,"turns":6},{"damage":0,"enemies":"Large Slime","floor":14,"turns":3},{"damage":0,"enemies":"3 Louse","floor":15,"turns":1},{"damage":50,"enemies":"downfall:Ironclad","floor":16,"turns":8},{"damage":12,"enemies":"Chosen","floor":19,"turns":4},{"damage":112,"enemies":"Centurion and Healer","floor":20,"turns":11},{"damage":35,"enemies":"Snecko","floor":22,"turns":4},{"damage":22,"enemies":"Snake Plant","floor":25,"turns":5},{"damage":25,"enemies":"Centurion and Healer","floor":26,"turns":5},{"damage":28,"enemies":"Shelled Parasite and Fungi","floor":27,"turns":5},{"damage":58,"enemies":"Replay:Snechameleon","floor":28,"turns":6},{"damage":11,"enemies":"3 Cultists","floor":29,"turns":3},{"damage":38,"enemies":"downfall:FleeingMerchant","floor":31,"turns":4},{"damage":33,"enemies":"Centurion and Healer","floor":32,"turns":3},{"damage":136,"enemies":"downfall:Silent","floor":33,"turns":9}],"seed_played":"-368685228768182300","potions_obtained":[{"floor":2,"key":"sneckomod:MuddlingPotion"},{"floor":3,"key":"Swift Potion"},{"floor":10,"key":"ColorlessPotion"}],"is_trial":false,"path_per_floor":["R","M","M","M","?","M","T","R","?","M","M","E","?","M","M","B",null,"R","M","M","?","M","R","T","M","M","M","E","M","R","$","M","B"],"character_chosen":"THE_CHAMP","items_purchased":["champ:GladiatorsShout","champ:TornadoPunch","expansioncontent:ChargeUp","Mercury Hourglass"],"campfire_rested":2,"item_purchase_floors":[31,31,31,31],"current_hp_per_floor":[99,93,88,88,93,83,83,93,93,91,79,75,75,75,75,33,114,114,110,46,41,37,71,71,61,58,52,35,35,69,95,93,0,0,0],"gold":13,"neow_bonus":"TEN_PERCENT_HP_BONUS","is_daily":false,"chose_seed":false,"campfire_upgraded":2,"win_rate":0.0,"timestamp":1610048452,"path_taken":["R","M","M","M","?","M","T","R","?","?","?","E","?","M","M","BOSS","R","M","M","?","M","R","T","M","M","M","E","M","R","$","M","BOSS"],"items_purchased_type":["Card","Card","Card","Relic"],"build_version":"2020-12-22","purchased_purges":0,"victory":false,"max_hp_per_floor":[99,99,99,99,104,104,104,114,114,114,114,114,114,114,114,114,114,114,114,114,114,114,114,114,114,114,114,114,114,114,114,114,114,114,114],"card_choices":[{"not_picked":["champ:BerserkersShout","champ:RapidStrikes"],"picked":"champ:FanOfKnives","floor":2},{"not_picked":["champ:BladeFlurry","champ:FalseCounter"],"picked":"champ:FlashCut","floor":3},{"not_picked":["champ:Shatter","champ:EnGarde"],"picked":"champ:FanOfKnives","floor":4},{"not_picked":["champ:PreciseThrust","champ:FanOfKnives"],"picked":"champ:SkillfulDodge","floor":6},{"not_picked":["champ:FanOfKnives","champ:StanceDance"],"picked":"champ:PerfectedStrike","floor":10},{"not_picked":["champ:Circumvent","champ:FocusedDefense"],"picked":"champ:ShieldWall","floor":11},{"not_picked":["champ:GladiatorsShout","champ:Lariat"],"picked":"champ:DefensiveShout","floor":12},{"not_picked":["expansioncontent:Torchfire","Crow Ritual"],"picked":"Jack Of All Trades","floor":13},{"not_picked":["champ:Haymaker","champ:EndlessRage"],"picked":"champ:StanceDance","floor":14},{"not_picked":["champ:DefensiveShout","champ:PerfectedStrike"],"picked":"champ:GladiatorStyle","floor":15},{"not_picked":["champ:Improvising","champ:ShieldThrow"],"picked":"champ:VampiricStrike","floor":16},{"not_picked":["champ:Lariat","champ:Riposte+1"],"picked":"champ:DeathBlow","floor":19},{"not_picked":["champ:Duel","champ:AdrenalArmor"],"picked":"champ:PerfectedStrike+1","floor":20},{"not_picked":["champ:BerserkerStyle","champ:EnGarde+1"],"picked":"champ:BerserkersShout","floor":22},{"not_picked":["champ:SkillfulDodge","champ:CrookedStrike+1"],"picked":"champ:GutPunch+1","floor":25},{"not_picked":["champ:TornadoPunch","champ:BerserkerStyle+1"],"picked":"champ:FanOfKnives","floor":26},{"not_picked":["champ:FocusedDefense","champ:BerserkerStyle"],"picked":"champ:ShieldThrow","floor":27},{"not_picked":["champ:CalledShot+1","champ:DefensiveShout+1"],"picked":"champ:EnragedBash+1","floor":28},{"not_picked":["champ:EnGarde","champ:CrookedStrike"],"picked":"champ:Backstep+1","floor":29},{"not_picked":["champ:GladiatorsShout","champ:PerfectedStrike+1"],"picked":"champ:Haymaker","floor":31},{"not_picked":["champ:RecklessLeap+1","champ:GladiatorStyle"],"picked":"champ:ShieldSlam","floor":32}],"player_experience":317079,"relics_obtained":[{"floor":12,"key":"Gremlin Horn"},{"floor":24,"key":"Garlic"},{"floor":28,"key":"ReplayFunnel"}],"event_choices":[{"damage_healed":0,"gold_gain":0,"player_choice":"Donut","damage_taken":0,"max_hp_gain":5,"max_hp_loss":0,"event_name":"Big Fish","floor":5,"gold_loss":0},{"damage_healed":0,"gold_gain":100,"player_choice":"Gold","damage_taken":0,"max_hp_gain":0,"max_hp_loss":0,"event_name":"Wheel of Change","floor":9,"gold_loss":0},{"damage_healed":0,"gold_gain":1,"player_choice":"1","damage_taken":0,"max_hp_gain":0,"max_hp_loss":0,"event_name":"betterStone:BetterStone","floor":13,"gold_loss":0}],"is_beta":false,"boss_relics":[{"not_picked":["HaiYi:Twilight","ShadowXiaoBlade"],"picked":"champ:ChampionCrownUpgraded"}],"items_purged_floors":[],"is_endless":false,"potions_floor_spawned":[2,3,10,11,14,20,22,25,32],"killed_by":"downfall:Silent","ascension_level":0}}