{"host":"kn32u0f2pym5bozc","time":1610020802,"event":{"mods":["2.2 Compatiblity","BaseMod","Better Third Choice","Minty Spire (QoL Compilation)","Permanent Neow","Relic Stats","StSLib","The Animator"],"gold_per_floor":[110,152,152,188,77,113,113,134,189,217,254,291,303,315,327,429,441,471,483,268,268,268,268,293,313,313,313,339,339,380,396,396,396,396],"floor_reached":33,"playtime":1676,"items_purged":[],"score":513,"play_id":"841ab81e-70e8-4da2-b66e-ae625db2a227","local_time":"20210107070002","is_ascension_mode":true,"campfire_choices":[{"data":"animator:Alexander","floor":7.0,"key":"SMITH"},{"floor":13.0,"key":"REST"},{"floor":15.0,"key":"REST"},{"floor":23.0,"key":"REST"},{"floor":27.0,"key":"REST"},{"data":"animator:Kaijin","floor":29.0,"key":"SMITH"},{"floor":32.0,"key":"REST"}],"circlet_count":0,"master_deck":["AscendersBane","animator:Strike_HitsugiNoChaika+1","animator:Strike+1","animator:Strike+1","animator:Strike+1","animator:Defend+1","animator:Defend+1","animator:Defend+1","animator:AcuraAkari+1","animator:Gillette","animator:Alexander+1","animator:UneriGinkaku","animator:Tyuule","animator:RoryMercury","animator:Benimaru","animator:Kuribayashi","animator:Hakurou","animator:IzunaHatsuse","animator:Viivi+1","animator:Saber","animator:Guy","animator:Kaijin+1","animator:AcuraTooru","animator:PandorasActor","animator:Emonzaemon","animator:Spearman","animator:Shichika","animator:ZankiKiguchi","animator:Layla","animator:Mikaela"],"relics":["animator:LivingPicture","animator:TheMissingPiece","animator:PurgingStone","Bloody Idol","Question Card","MawBank","animator:HolyGrailRelic","Bag of Marbles","The Courier","MealTicket"],"acts_visited":["Exordium","TheCity"],"potions_floor_usage":[33],"damage_taken":[{"damage":0.0,"enemies":"2 Louse","floor":1.0,"turns":3.0},{"damage":2.0,"enemies":"Jaw Worm","floor":4.0,"turns":2.0},{"damage":32.0,"enemies":"3 Sentries","floor":6.0,"turns":7.0},{"damage":0.0,"enemies":"Small Slimes","floor":8.0,"turns":2.0},{"damage":8.0,"enemies":"3 Louse","floor":10.0,"turns":2.0},{"damage":1.0,"enemies":"Exordium Wildlife","floor":11.0,"turns":4.0},{"damage":12.0,"enemies":"Large Slime","floor":12.0,"turns":3.0},{"damage":22.0,"enemies":"The Guardian","floor":16.0,"turns":9.0},{"damage":39.0,"enemies":"3 Byrds","floor":18.0,"turns":5.0},{"damage":15.0,"enemies":"Book of Stabbing","floor":24.0,"turns":3.0},{"damage":3.0,"enemies":"Spheric Guardian","floor":25.0,"turns":3.0},{"damage":30.0,"enemies":"Cultist and Chosen","floor":28.0,"turns":5.0},{"damage":33.0,"enemies":"Slavers","floor":30.0,"turns":4.0},{"damage":5.0,"enemies":"Centurion and Healer","floor":31.0,"turns":2.0},{"damage":41,"enemies":"Collector","floor":33,"turns":3}],"seed_played":"-4380683662544224398","potions_obtained":[{"floor":4.0,"key":"EssenceOfSteel"},{"floor":11.0,"key":"Dexterity Potion"},{"floor":16.0,"key":"SteroidPotion"},{"floor":30.0,"key":"PowerPotion"}],"is_trial":false,"path_per_floor":["M","?","?","M","$","E","R","M","T","M","M","M","R","?","R","B",null,"M","?","$","?","?","R","E","M","T","R","M","R","E","M","R","B"],"character_chosen":"THE_ANIMATOR","items_purchased":["animator:Tyuule","animator:RoryMercury","animator:Kaijin","animator:AcuraTooru","animator:PandorasActor","animator:Emonzaemon"],"campfire_rested":5,"item_purchase_floors":[5,5,20,20,20,20],"current_hp_per_floor":[54,54,54,52,52,20,20,20,20,12,11,3,19,19,35,13,52,20,20,20,20,20,39,29,32,32,50,32,32,13,15,34,0,0],"gold":396,"neow_bonus":"UPGRADE_CARD","is_daily":false,"chose_seed":false,"campfire_upgraded":2,"win_rate":0.0,"timestamp":1610020802,"path_taken":["M","?","?","M","$","E","R","M","T","M","M","M","R","?","R","BOSS","M","?","$","?","?","R","E","M","T","R","M","R","E","M","R","BOSS"],"items_purchased_type":["Card","Card","Card","Card","Card","Card"],"build_version":"2020-12-22","purchased_purges":0,"victory":false,"max_hp_per_floor":[60,60,54,54,54,54,54,54,54,54,54,54,54,54,54,54,62,65,65,65,65,65,65,62,63,63,63,65,65,62,64,64,61,61],"relic_stats":{"counters":[15,57],"Bloody Idol":35,"MealTicket":0,"Question Card":36,"MawBank":132,"obtain_stats":[{"animator:HolyGrailRelic":17,"animator:PurgingStone":0,"Golden Idol":3,"animator:TheMissingPiece":0,"Bloody Idol":21,"MealTicket":30,"animator:LivingPicture":0,"The Courier":26,"Bag of Marbles":24,"Question Card":6,"MawBank":9},{"animator:HolyGrailRelic":8,"animator:PurgingStone":0,"Golden Idol":1,"animator:TheMissingPiece":0,"Bloody Idol":9,"MealTicket":13,"animator:LivingPicture":0,"The Courier":11,"Bag of Marbles":10,"Question Card":3,"MawBank":4},{"animator:HolyGrailRelic":32,"animator:PurgingStone":0,"Golden Idol":3,"animator:TheMissingPiece":0,"Bloody Idol":37,"MealTicket":52,"animator:LivingPicture":0,"The Courier":43,"Bag of Marbles":40,"Question Card":12,"MawBank":14}]},"card_choices":[{"not_picked":["animator:Illya","animator:Gillette"],"picked":"animator:Alexander","floor":1.0},{"not_picked":["animator:Shinoa","animator:Assassin"],"picked":"animator:UneriGinkaku","floor":4.0},{"not_picked":["animator:RinTohsaka","animator:Sonic"],"picked":"animator:Benimaru","floor":6.0},{"not_picked":["animator:YaoHaDucy","animator:Tyuule","animator:LeleiLaLalena"],"picked":"animator:Kuribayashi","floor":8.0},{"not_picked":["animator:RoryMercury","animator:Nanami","animator:Melzalgald"],"picked":"animator:Hakurou","floor":10.0},{"not_picked":["animator:Gillette","animator:SilverFang","animator:Bozes"],"picked":"animator:IzunaHatsuse","floor":11.0},{"not_picked":["animator:EmiyaShirou","animator:Hakurou","animator:Assassin"],"picked":"animator:Viivi","floor":12.0},{"not_picked":["animator:PinaCoLada","animator:Ainz","animator:Guren"],"picked":"animator:Saber","floor":16.0},{"not_picked":["animator:Viivi","animator:Gillette","animator:ChaikaBohdan"],"picked":"animator:Guy","floor":18.0},{"not_picked":["animator:Yoichi","animator:Viivi","animator:MetalKnight"],"picked":"animator:Spearman","floor":24.0},{"not_picked":["animator:Sebas","animator:Sonic","animator:Spearman"],"picked":"animator:Shichika","floor":25.0},{"not_picked":["animator:ChaikaBohdan","animator:RinTohsaka+1","animator:DolaCouronne"],"picked":"animator:ZankiKiguchi","floor":28.0},{"not_picked":["animator:Guy","animator:AcuraAkari","animator:AcuraTooru"],"picked":"animator:Layla","floor":30.0},{"not_picked":["animator:Konayuki","animator:Demiurge","animator:Gillette"],"picked":"animator:Mikaela","floor":31.0}],"player_experience":803866,"relics_obtained":[{"floor":6.0,"key":"Question Card"},{"floor":9.0,"key":"MawBank"},{"floor":24.0,"key":"Bag of Marbles"},{"floor":26.0,"key":"The Courier"},{"floor":30.0,"key":"MealTicket"}],"event_choices":[{"damage_healed":0.0,"max_hp_gain":0.0,"max_hp_loss":6.0,"gold_gain":0.0,"event_name":"Golden Idol","player_choice":"Lose Max HP","floor":3.0,"gold_loss":0.0,"damage_taken":0.0,"relics_obtained":["Golden Idol"]},{"damage_healed":0.0,"max_hp_gain":0.0,"max_hp_loss":0.0,"gold_gain":0.0,"event_name":"Living Wall","player_choice":"Grow","floor":14.0,"gold_loss":0.0,"damage_taken":0.0,"cards_upgraded":["animator:Viivi"]},{"damage_healed":0.0,"max_hp_gain":0.0,"max_hp_loss":7.0,"gold_gain":0.0,"event_name":"betterThird:BetterWriting","player_choice":"Simplicity","floor":19.0,"gold_loss":0.0,"damage_taken":0.0},{"damage_healed":0.0,"max_hp_gain":0.0,"max_hp_loss":0.0,"gold_gain":0.0,"event_name":"Forgotten Altar","player_choice":"Gave Idol","floor":21.0,"relics_lost":["Golden Idol"],"gold_loss":0.0,"damage_taken":0.0,"relics_obtained":["Bloody Idol"]},{"damage_healed":0.0,"max_hp_gain":0.0,"max_hp_loss":0.0,"gold_gain":0.0,"event_name":"Vampires","player_choice":"Ignored","floor":22.0,"gold_loss":0.0,"damage_taken":0.0}],"is_beta":false,"boss_relics":[{"not_picked":["Pandora\u0027s Box","Tiny House"],"picked":"animator:HolyGrailRelic"}],"items_purged_floors":[],"is_endless":false,"potions_floor_spawned":[4,11,16,18,30],"killed_by":"Collector","ascension_level":16}}