{"host":"z9811rt50ti81n54","time":1610014132,"event":{"mods":["BaseMod","Minty Spire (QoL Compilation)","Relic Stats","SuperFastMode"],"gold_per_floor":[115,190,108,120,120,151,151,185,185,259,270,283,297,297,297,297,297],"floor_reached":16,"playtime":444,"items_purged":[],"score":110,"play_id":"9fd78111-b40e-49ce-bdb1-da6570bd2eaa","local_time":"20210107190852","is_ascension_mode":false,"campfire_choices":[{"floor":7,"key":"REST"},{"floor":15,"key":"REST"}],"circlet_count":0,"master_deck":["Strike_R","Strike_R","Strike_R","Strike_R","Defend_R","Defend_R","Defend_R","Bash","Clothesline","Rage","Metallicize","Feel No Pain","True Grit","Flame Barrier","Metallicize","Dropkick","Feel No Pain","Battle Trance"],"relics":["Burning Blood","The Courier","PreservedInsect","Prayer Wheel","Blue Candle"],"acts_visited":["Exordium"],"potions_floor_usage":[16,16],"damage_taken":[{"damage":3.0,"enemies":"Jaw Worm","floor":1.0,"turns":4.0},{"damage":3,"enemies":"Small Slimes","floor":4,"turns":3},{"damage":34,"enemies":"Lagavulin","floor":6,"turns":9},{"damage":25,"enemies":"3 Sentries","floor":8,"turns":8},{"damage":5,"enemies":"Cultist","floor":11,"turns":4},{"damage":10,"enemies":"Large Slime","floor":12,"turns":6},{"damage":9,"enemies":"3 Louse","floor":13,"turns":6},{"damage":48,"enemies":"Slime Boss","floor":16,"turns":15}],"seed_played":"4698721180692199396","potions_obtained":[{"floor":11,"key":"ElixirPotion"},{"floor":13,"key":"Dexterity Potion"}],"is_trial":false,"path_per_floor":["M","?","?","M","?","E","R","E","T","?","M","M","M","?","R","B"],"character_chosen":"IRONCLAD","items_purchased":[],"campfire_rested":2,"item_purchase_floors":[],"current_hp_per_floor":[59,48,48,51,51,23,47,28,28,28,29,25,22,22,46,0,0],"gold":297,"neow_bonus":"REMOVE_TWO","is_daily":false,"chose_seed":false,"campfire_upgraded":0,"win_rate":0.0,"timestamp":1610014132,"path_taken":["M","?","?","?","?","E","R","E","T","?","M","?","?","?","R","BOSS"],"items_purchased_type":[],"build_version":"2020-12-22","purchased_purges":0,"victory":false,"max_hp_per_floor":[80,80,80,80,80,80,80,80,80,80,80,80,80,80,80,80,80],"relic_stats":{"counters":[8,55],"Blue Candle":[0],"Prayer Wheel":3,"PreservedInsect":32,"obtain_stats":[{"Blue Candle":9,"Prayer Wheel":8,"The Courier":3,"PreservedInsect":6,"Burning Blood":0},{"Blue Candle":4,"Prayer Wheel":4,"The Courier":1,"PreservedInsect":3,"Burning Blood":0},{"Blue Candle":24,"Prayer Wheel":24,"The Courier":4,"PreservedInsect":16,"Burning Blood":0}],"Burning Blood":42},"card_choices":[{"not_picked":["Wild Strike","Headbutt"],"picked":"Clothesline","floor":1.0},{"not_picked":["Headbutt","Warcry"],"picked":"Rage","floor":4},{"not_picked":["Armaments","Thunderclap"],"picked":"Metallicize","floor":6},{"not_picked":["Ghostly Armor","Twin Strike"],"picked":"Feel No Pain","floor":8},{"not_picked":["Anger","Wild Strike"],"picked":"True Grit","floor":11},{"not_picked":["Anger","Flex"],"picked":"Flame Barrier","floor":11},{"not_picked":["Iron Wave","Perfected Strike"],"picked":"Metallicize","floor":12},{"not_picked":["Shrug It Off","Twin Strike"],"picked":"Dropkick","floor":12},{"not_picked":["Perfected Strike","Sword Boomerang"],"picked":"Feel No Pain","floor":13},{"not_picked":["Anger","Clothesline"],"picked":"Battle Trance","floor":13}],"player_experience":305134,"relics_obtained":[{"floor":6,"key":"PreservedInsect"},{"floor":8,"key":"Prayer Wheel"},{"floor":9,"key":"Blue Candle"}],"event_choices":[{"damage_healed":0.0,"max_hp_gain":0.0,"max_hp_loss":0.0,"gold_gain":75.0,"event_name":"World of Goop","player_choice":"Gather Gold","floor":2.0,"gold_loss":0.0,"damage_taken":11.0},{"damage_healed":0.0,"max_hp_gain":0.0,"max_hp_loss":0.0,"gold_gain":0.0,"event_name":"WeMeetAgain","player_choice":"Paid Gold","floor":3.0,"gold_loss":82.0,"damage_taken":0.0,"relics_obtained":["The Courier"]},{"damage_healed":0,"gold_gain":0,"player_choice":"Ignored","damage_taken":0,"max_hp_gain":0,"max_hp_loss":0,"event_name":"Liars Game","floor":5,"gold_loss":0},{"damage_healed":0,"gold_gain":74,"player_choice":"Gained Gold","damage_taken":0,"max_hp_gain":0,"max_hp_loss":0,"event_name":"Golden Wing","floor":10,"gold_loss":0},{"damage_healed":0,"gold_gain":0,"player_choice":"Searched \u00271\u0027 times","damage_taken":0,"max_hp_gain":0,"max_hp_loss":0,"event_name":"Dead Adventurer","floor":14,"gold_loss":0}],"is_beta":false,"boss_relics":[],"items_purged_floors":[],"is_endless":false,"potions_floor_spawned":[11,13],"killed_by":"Slime Boss","ascension_level":0}}