{"host":"g01l53quoe6lrer0","time":1610019892,"event":{"mods":["2.2 Compatiblity","AchievementEnabler","BaseMod","Colored Map","Highlight Path","Keyboard Shortcuts","Minty Spire (QoL Compilation)","Permanent Neow","StSLib","SuperFastMode","everything is the same but u backflip on backflip"],"gold_per_floor":[12,12,27,45,62,89,89,103,152,152,77,97,127,141,141,243,243,253,269,130,130,5,5,17,35,59,7,7,7,27,40,40,138,138,149,4,1003,1003,1003,1003,1033,608,633,633,646,122,140,156,156,156],"floor_reached":51,"playtime":1193,"items_purged":["Strike_R","Strike_R","Strike_R","Strike_R","Normality"],"score":729,"play_id":"492f9f03-33d4-4e69-9273-5a2796543ef2","local_time":"20210107204452","is_ascension_mode":false,"campfire_choices":[{"data":"Inflame","floor":7.0,"key":"SMITH"},{"data":"Heavy Blade","floor":10.0,"key":"SMITH"},{"data":"Pommel Strike","floor":15.0,"key":"SMITH"},{"data":"Limit Break","floor":23.0,"key":"SMITH"},{"floor":29.0,"key":"REST"},{"data":"Flex","floor":32.0,"key":"SMITH"},{"data":"J.A.X.","floor":40.0,"key":"SMITH"},{"floor":44.0,"key":"REST"},{"floor":49,"key":"REST"}],"circlet_count":0,"master_deck":["Defend_R","Defend_R","Defend_R","Defend_R","Bash","Reaper","Pommel Strike+1","Inflame+1","Seeing Red","Headbutt","Heavy Blade+1","Twin Strike","Clash","Limit Break+1","Flex+1","Flex+1","Spot Weakness","Headbutt","J.A.X.+1","Thunderclap","Reaper","Offering","Warcry+1","Normality","Whirlwind","Double Tap","Dual Wield","Reaper","Thinking Ahead","Sword Boomerang+1"],"relics":["Burning Blood"],"acts_visited":["Exordium","TheCity","TheBeyond"],"potions_floor_usage":[47,50,50],"damage_taken":[{"damage":3.0,"enemies":"Jaw Worm","floor":1.0,"turns":4.0},{"damage":5.0,"enemies":"Cultist","floor":3.0,"turns":4.0},{"damage":5.0,"enemies":"2 Louse","floor":4.0,"turns":4.0},{"damage":28.0,"enemies":"Exordium Thugs","floor":5.0,"turns":4.0},{"damage":37.0,"enemies":"Gremlin Nob","floor":6.0,"turns":5.0},{"damage":11.0,"enemies":"Red Slaver","floor":8.0,"turns":4.0},{"damage":6.0,"enemies":"Exordium Wildlife","floor":12.0,"turns":3.0},{"damage":9.0,"enemies":"Blue Slaver","floor":14.0,"turns":3.0},{"damage":6.0,"enemies":"Slime Boss","floor":16.0,"turns":6.0},{"damage":19.0,"enemies":"Chosen","floor":18.0,"turns":5.0},{"damage":30.0,"enemies":"2 Thieves","floor":19.0,"turns":4.0},{"damage":31.0,"enemies":"Chosen and Byrds","floor":24.0,"turns":5.0},{"damage":10.0,"enemies":"Snecko","floor":25.0,"turns":3.0},{"damage":16.0,"enemies":"Centurion and Healer","floor":30.0,"turns":5.0},{"damage":18.0,"enemies":"3 Cultists","floor":31.0,"turns":5.0},{"damage":60.0,"enemies":"Champ","floor":33.0,"turns":7.0},{"damage":9.0,"enemies":"Orb Walker","floor":35.0,"turns":1.0},{"damage":51.0,"enemies":"Nemesis","floor":41.0,"turns":5.0},{"damage":21.0,"enemies":"3 Shapes","floor":45.0,"turns":3.0},{"damage":42,"enemies":"Maw","floor":47,"turns":6},{"damage":56,"enemies":"Spire Growth","floor":48,"turns":4},{"damage":53,"enemies":"Donu and Deca","floor":50,"turns":4}],"seed_played":"8968531944871152711","potions_obtained":[{"floor":3.0,"key":"BlessingOfTheForge"},{"floor":8.0,"key":"Weak Potion"},{"floor":12.0,"key":"PowerPotion"},{"floor":18.0,"key":"EssenceOfSteel"},{"floor":24.0,"key":"Ancient Potion"},{"floor":41.0,"key":"Swift Potion"},{"floor":48,"key":"DistilledChaos"}],"is_trial":false,"path_per_floor":["M","?","M","M","M","E","R","M","T","R","$","M","?","M","R","B",null,"M","M","$","?","$","R","M","M","T","$","?","R","M","M","R","B",null,"M","$","?","?","?","R","E","$","T","R","M","$","M","M","R","B",null],"character_chosen":"IRONCLAD","items_purchased":["Spot Weakness","Headbutt","FearPotion","CultistPotion","Double Tap","Dual Wield","PowerPotion","SteroidPotion","Reaper","Thinking Ahead"],"campfire_rested":3,"item_purchase_floors":[20,27,36,36,42,42,42,42,46,46],"current_hp_per_floor":[80,80,80,80,70,39,39,34,34,34,34,42,42,39,39,39,80,67,43,43,43,43,43,30,26,26,26,26,50,80,77,77,26,80,80,80,80,80,80,80,46,46,46,70,68,68,72,31,55,32],"gold":156,"neow_bonus":"THREE_RARE_CARDS","is_daily":false,"chose_seed":false,"campfire_upgraded":6,"win_rate":0.0,"timestamp":1610019892,"path_taken":["M","?","M","M","?","E","R","M","T","R","$","M","?","M","R","BOSS","M","M","$","?","?","R","?","M","T","?","?","R","M","M","R","BOSS","M","$","?","?","?","R","E","?","T","R","?","$","M","M","R","BOSS"],"items_purchased_type":["Card","Card","Potion","Potion","Card","Card","Potion","Potion","Card","Card"],"build_version":"2020-12-22","purchased_purges":5,"victory":true,"max_hp_per_floor":[80,80,80,80,80,80,80,80,80,80,80,80,80,80,80,80,80,80,80,80,80,80,80,80,80,80,80,80,80,80,80,80,80,80,80,80,80,80,80,80,80,80,80,80,80,80,80,80,80,80],"card_choices":[{"not_picked":["Juggernaut","Bludgeon"],"picked":"Reaper","floor":0.0},{"not_picked":["Clothesline","Second Wind"],"picked":"Pommel Strike","floor":1.0},{"not_picked":["Pommel Strike","True Grit"],"picked":"Inflame","floor":3.0},{"not_picked":["Havoc","True Grit","Blood for Blood"],"picked":"SKIP","floor":4.0},{"not_picked":["Second Wind","Clothesline"],"picked":"Seeing Red","floor":5.0},{"not_picked":["Corruption","Rampage"],"picked":"Headbutt","floor":6.0},{"not_picked":["Carnage","Iron Wave"],"picked":"Heavy Blade","floor":8.0},{"not_picked":["Havoc","Uppercut"],"picked":"Twin Strike","floor":12.0},{"not_picked":["Infernal Blade","Uppercut"],"picked":"Clash","floor":14.0},{"not_picked":["Offering","Demon Form"],"picked":"Limit Break","floor":16.0},{"not_picked":["Evolve","Havoc+1"],"picked":"Flex","floor":18.0},{"not_picked":["Heavy Blade+1","Combust+1"],"picked":"Flex+1","floor":19.0},{"not_picked":["Feel No Pain","Seeing Red","Heavy Blade"],"picked":"SKIP","floor":24.0},{"not_picked":["Rampage","Iron Wave","Pommel Strike"],"picked":"SKIP","floor":25.0},{"not_picked":["Feel No Pain","Clothesline"],"picked":"Thunderclap","floor":30.0},{"not_picked":["Clash","Warcry"],"picked":"Reaper","floor":31.0},{"not_picked":["Barricade","Berserk"],"picked":"Offering","floor":33.0},{"not_picked":["Uppercut","Clash"],"picked":"Warcry+1","floor":35.0},{"not_picked":["Havoc","Iron Wave"],"picked":"Whirlwind","floor":41.0},{"not_picked":["Burning Pact","Fire Breathing","Reckless Charge"],"picked":"SKIP","floor":45.0},{"not_picked":["Dropkick+1","Perfected Strike+1","Anger"],"picked":"SKIP","floor":47},{"not_picked":["Clash","Wild Strike"],"picked":"Sword Boomerang+1","floor":48}],"player_experience":57430,"relics_obtained":[],"event_choices":[{"damage_healed":0.0,"max_hp_gain":0.0,"max_hp_loss":0.0,"gold_gain":0.0,"event_name":"Wheel of Change","player_choice":"Relic","floor":2.0,"gold_loss":0.0,"damage_taken":0.0},{"damage_healed":0.0,"max_hp_gain":0.0,"max_hp_loss":0.0,"gold_gain":30.0,"event_name":"Dead Adventurer","player_choice":"Searched \u00271\u0027 times","floor":13.0,"gold_loss":0.0,"damage_taken":0.0},{"cards_removed":["Strike_R"],"damage_healed":0.0,"max_hp_gain":0.0,"max_hp_loss":0.0,"gold_gain":0.0,"event_name":"Purifier","player_choice":"Purged","floor":21.0,"gold_loss":0.0,"damage_taken":0.0},{"damage_healed":0.0,"max_hp_gain":0.0,"max_hp_loss":0.0,"gold_gain":0.0,"event_name":"Drug Dealer","player_choice":"Obtain J.A.X.","floor":28.0,"gold_loss":0.0,"damage_taken":0.0,"cards_obtained":["J.A.X."]},{"damage_healed":0.0,"max_hp_gain":0.0,"max_hp_loss":0.0,"gold_gain":999.0,"event_name":"MindBloom","player_choice":"Gold","floor":37.0,"gold_loss":0.0,"damage_taken":0.0,"cards_obtained":["Normality","Normality"]},{"damage_healed":0.0,"max_hp_gain":0.0,"max_hp_loss":0.0,"gold_gain":0.0,"event_name":"Mysterious Sphere","player_choice":"Ignored","floor":38.0,"gold_loss":0.0,"damage_taken":0.0},{"damage_healed":0.0,"max_hp_gain":0.0,"max_hp_loss":0.0,"gold_gain":0.0,"event_name":"Tomb of Lord Red Mask","player_choice":"Ignored","floor":39.0,"gold_loss":0.0,"damage_taken":0.0}],"is_beta":false,"boss_relics":[{"not_picked":["Cursed Key","Philosopher\u0027s Stone","Astrolabe"]},{"not_picked":["Cursed Key","Philosopher\u0027s Stone","Astrolabe"]}],"items_purged_floors":[11,20,22,42,46],"is_endless":false,"potions_floor_spawned":[3,8,12,18,24,41,48],"ascension_level":0}}