{"host":"qdfumeom6htv8yxl","time":1610050229,"event":{"mods":["AchievementEnabler","BaseMod","Block Reminder","Minty Spire (QoL Compilation)","Quick Restart","Relic Stats"],"gold_per_floor":[115,190,190,200,216,216,248,248,326,341,341,375,375,59,59,59,59],"floor_reached":16,"playtime":773,"items_purged":["Strike_G"],"score":211,"play_id":"32f0405b-d80d-49b0-842d-17bf6195b4f3","local_time":"20210107141029","is_ascension_mode":true,"campfire_choices":[{"data":"Bouncing Flask","floor":6,"key":"SMITH"},{"floor":11,"key":"REST"},{"floor":13,"key":"REST"},{"data":"Catalyst","floor":15,"key":"SMITH"}],"circlet_count":0,"master_deck":["AscendersBane","Strike_G","Strike_G","Strike_G","Strike_G","Defend_G","Defend_G","Defend_G","Defend_G","Defend_G","Survivor","Neutralize","Deadly Poison","Bouncing Flask+1","Skewer","Poisoned Stab","Catalyst+1"],"relics":["Velvet Choker","Regal Pillow","Darkstone Periapt","Bronze Scales","ClockworkSouvenir"],"acts_visited":["Exordium"],"potions_floor_usage":[12,16],"damage_taken":[{"damage":4.0,"enemies":"Jaw Worm","floor":1.0,"turns":6.0},{"damage":5,"enemies":"2 Louse","floor":4,"turns":3},{"damage":0,"enemies":"Cultist","floor":5,"turns":3},{"damage":20,"enemies":"Lagavulin","floor":7,"turns":6},{"damage":1,"enemies":"2 Fungi Beasts","floor":10,"turns":4},{"damage":11,"enemies":"Gremlin Nob","floor":12,"turns":3},{"damage":49,"enemies":"Slime Boss","floor":16,"turns":8}],"seed_played":"8727506043292364053","potions_obtained":[{"floor":4,"key":"CunningPotion"},{"floor":5,"key":"Weak Potion"},{"floor":12,"key":"Dexterity Potion"}],"is_trial":false,"path_per_floor":["M","?","?","M","M","R","E","?","T","M","R","E","R","$","R","B"],"character_chosen":"THE_SILENT","items_purchased":["Catalyst","ClockworkSouvenir"],"campfire_rested":2,"item_purchase_floors":[14,14],"current_hp_per_floor":[55,44,40,35,35,35,15,15,15,14,48,37,66,66,66,17,17],"gold":59,"neow_bonus":"BOSS_RELIC","is_daily":false,"chose_seed":false,"campfire_upgraded":2,"win_rate":0.0,"timestamp":1610050229,"path_taken":["M","?","?","M","?","R","E","?","T","?","R","E","R","$","R","BOSS"],"items_purchased_type":["Card","Relic"],"build_version":"2020-12-22","purchased_purges":1,"victory":false,"max_hp_per_floor":[66,66,66,66,66,66,66,66,66,66,66,66,66,66,66,66,66],"relic_stats":{"Darkstone Periapt":0,"Regal Pillow":25,"counters":[7,33],"Bronze Scales":[12],"obtain_stats":[{"Darkstone Periapt":9,"Regal Pillow":7,"Bronze Scales":12,"Velvet Choker":0,"Ring of the Snake":0,"ClockworkSouvenir":14},{"Darkstone Periapt":4,"Regal Pillow":4,"Bronze Scales":6,"Velvet Choker":0,"Ring of the Snake":0,"ClockworkSouvenir":6},{"Darkstone Periapt":18,"Regal Pillow":18,"Bronze Scales":25,"Velvet Choker":0,"Ring of the Snake":0,"ClockworkSouvenir":25}]},"card_choices":[{"not_picked":["Cloak And Dagger","Slice"],"picked":"Deadly Poison","floor":1.0},{"not_picked":["Tactician","Flying Knee","Blade Dance"],"picked":"SKIP","floor":4},{"not_picked":["Setup","Deadly Poison"],"picked":"Bouncing Flask","floor":5},{"not_picked":["Reflex","Tactician"],"picked":"Skewer","floor":7},{"not_picked":["Flying Knee","Distraction"],"picked":"Poisoned Stab","floor":10},{"not_picked":["Dagger Spray","Quick Slash","Concentrate"],"picked":"SKIP","floor":12}],"player_experience":1725388,"relics_obtained":[{"floor":7,"key":"Regal Pillow"},{"floor":9,"key":"Darkstone Periapt"},{"floor":12,"key":"Bronze Scales"}],"event_choices":[{"damage_healed":0.0,"max_hp_gain":0.0,"max_hp_loss":0.0,"gold_gain":75.0,"event_name":"World of Goop","player_choice":"Gather Gold","floor":2.0,"gold_loss":0.0,"damage_taken":11.0},{"damage_healed":0,"gold_gain":0,"player_choice":"Bought 0 Potions","damage_taken":0,"max_hp_gain":0,"max_hp_loss":0,"event_name":"The Woman in Blue","floor":3,"gold_loss":0},{"damage_healed":0,"gold_gain":0,"player_choice":"0 cards matched","damage_taken":0,"max_hp_gain":0,"max_hp_loss":0,"event_name":"Match and Keep!","floor":8,"gold_loss":0,"cards_obtained":[]}],"is_beta":false,"boss_relics":[],"items_purged_floors":[14],"is_endless":false,"potions_floor_spawned":[4,5,12],"killed_by":"Slime Boss","ascension_level":19}}