{"host":"duxoyu97j36znyap","time":1610006024,"event":{"mods":["AlwaysNeverKeys","BaseMod","Bestiary","BetterRewards","Colored Map","DeckTracker","Filter the Spire","Googly Eyes","Minty Spire (QoL Compilation)","Permanent Neow","Rare Cards Sparkle","Relic Stats","StSLib"],"gold_per_floor":[109,109,109,109,126,154,154,185,197,228,260,272,272],"floor_reached":12,"playtime":313,"items_purged":[],"score":154,"play_id":"f59dc0ed-9e95-4077-8569-c12f3ca5b4d2","local_time":"20210107025344","is_ascension_mode":true,"campfire_choices":[{"data":"Bash","floor":7,"key":"SMITH"}],"circlet_count":0,"master_deck":["AscendersBane","Strike_R+1","Strike_R","Strike_R+1","Strike_R","Defend_R","Defend_R","Defend_R","Defend_R","Bash+1","Carnage+1","Whirlwind","Cleave","Flame Barrier"],"relics":["Black Star","Eternal Feather","InkBottle","MawBank","Calipers","Whetstone"],"acts_visited":["Exordium"],"potions_floor_usage":[6,12],"damage_taken":[{"damage":2,"enemies":"2 Louse","floor":1,"turns":5},{"damage":3,"enemies":"Jaw Worm","floor":5,"turns":4},{"damage":20,"enemies":"3 Sentries","floor":6,"turns":5},{"damage":24,"enemies":"Gremlin Nob","floor":8,"turns":4},{"damage":0,"enemies":"Cultist","floor":10,"turns":3},{"damage":2,"enemies":"2 Fungi Beasts","floor":11,"turns":3},{"damage":18,"enemies":"Lagavulin","floor":12,"turns":3}],"seed_played":"5157504489823836752","potions_obtained":[{"floor":1,"key":"PowerPotion"},{"floor":10,"key":"Fire Potion"}],"is_trial":false,"path_per_floor":["M","?","?","?","M","E","R","E","T","M","M","E"],"character_chosen":"IRONCLAD","items_purchased":[],"campfire_rested":0,"item_purchase_floors":[],"current_hp_per_floor":[66,66,59,59,56,36,42,18,18,18,16,0,0],"gold":272,"neow_bonus":"BOSS_RELIC","is_daily":false,"chose_seed":false,"campfire_upgraded":1,"win_rate":0.0,"timestamp":1610006024,"path_taken":["M","?","?","?","M","E","R","E","T","?","M","E"],"items_purchased_type":[],"build_version":"2020-12-22","purchased_purges":0,"victory":false,"max_hp_per_floor":[75,75,75,75,75,75,75,75,75,75,75,75,75],"relic_stats":{"counters":[7,27],"Eternal Feather":6,"Black Star":2,"Whetstone":["Strike_R","Strike_R"],"MawBank":48,"obtain_stats":[{"Calipers":8,"Eternal Feather":6,"Black Star":0,"Whetstone":9,"MawBank":8,"Burning Blood":0,"InkBottle":6},{"Calipers":4,"Eternal Feather":3,"Black Star":0,"Whetstone":4,"MawBank":4,"Burning Blood":0,"InkBottle":3},{"Calipers":18,"Eternal Feather":14,"Black Star":0,"Whetstone":18,"MawBank":18,"Burning Blood":0,"InkBottle":14}],"InkBottle":[2]},"card_choices":[{"not_picked":["Sword Boomerang","Clothesline"],"picked":"Carnage","floor":1},{"not_picked":["Flex","Pummel","Clash"],"picked":"SKIP","floor":5},{"not_picked":["Rampage","Iron Wave","Bloodletting"],"picked":"SKIP","floor":6},{"not_picked":["Combust","Havoc"],"picked":"Whirlwind","floor":8},{"not_picked":["Clash","Whirlwind"],"picked":"Cleave","floor":10},{"not_picked":["Perfected Strike","Whirlwind"],"picked":"Flame Barrier","floor":11}],"player_experience":551093,"relics_obtained":[{"floor":6,"key":"Eternal Feather"},{"floor":6,"key":"InkBottle"},{"floor":8,"key":"MawBank"},{"floor":8,"key":"Calipers"},{"floor":9,"key":"Whetstone"}],"event_choices":[{"damage_healed":0,"gold_gain":0,"player_choice":"Ignored","damage_taken":0,"max_hp_gain":0,"max_hp_loss":0,"event_name":"Liars Game","floor":2,"gold_loss":0},{"cards_removed":["Strike_R"],"damage_healed":0,"gold_gain":0,"player_choice":"Card Removal","damage_taken":7,"max_hp_gain":0,"max_hp_loss":0,"event_name":"Golden Wing","floor":3,"gold_loss":0},{"damage_healed":0,"gold_gain":0,"player_choice":"Upgraded","damage_taken":0,"max_hp_gain":0,"max_hp_loss":0,"event_name":"Upgrade Shrine","floor":4,"gold_loss":0,"cards_upgraded":["Carnage"]}],"is_beta":false,"boss_relics":[],"items_purged_floors":[],"is_endless":false,"potions_floor_spawned":[1,10],"killed_by":"Lagavulin","ascension_level":15}}