{"host":"kv06jx36eid0zw4n","time":1610054475,"event":{"mods":["AchievementEnabler","Act Like it!","Aspiration","BaseMod","Beaked The Cultist","Better Note","Better Skull","Better Third Choice","BetterRewards","Block Reminder","CCEM","Colored Map","Conspire","Curses Come First","Dota2Spire","Elementarium","Energized Spire","Friendly Minions","Gensokyo","GifTheSpireLib","Glutton Mod","GungeonMod","Halation","Hallownest","Hermit","Hubris","Infinite Spire","Key Reminder","KomeijiMod","Lobotomy","LobotomyExtend","Menagerie","Mimic Mod","Minty Spire (QoL Compilation)","MostiFishMod","Pale of the Ancients","Quarter Circle Forward PUNCH!","Rare Cards Sparkle","Replay The Spire","RumiaBox-????????","Small Relic Pack","Spicy Shops","StSLib","Stuff the Spire","The Blue Laboratory","The Cursed","The Factory","Trackpad","Uncapped","Wandering Minibosses","[IsaacMod]????","vexMod"],"gold_per_floor":[116,41,141,141,38,67,84,84,122,155,168,198,298,308,308,382,382,382],"floor_reached":17,"playtime":2313,"items_purged":[],"score":302,"play_id":"96f8681a-7bb1-4087-a296-2812e929cf18","local_time":"20210107222115","is_ascension_mode":true,"campfire_choices":[{"floor":8.0,"key":"RECALL"},{"data":"DoctorFetus","floor":15,"key":"SMITH"}],"circlet_count":0,"master_deck":["AscendersBane","beaked:Strike_Y","beaked:Strike_Y","beaked:Strike_Y","beaked:Strike_Y","beaked:Strike_Y","beaked:Strike_Y","beaked:Defend_Y","beaked:Defend_Y","beaked:Defend_Y","beaked:Defend_Y","beaked:Ceremony","beaked:Ceremony","beaked:Ceremony","DoctorFetus+1","beaked:MachineSpirit","beaked:Evade","beaked:CursingBlood","beaked:CrazyRituals","beaked:VigorBurst","beaked:BraceForImpact","beaked:Resilience","beaked:Hexing","beaked:DigDeep","beaked:DigDeep","beaked:ScreechingChant"],"relics":["beaked:MendingPlumage","DaveBox","HushsDoor","RhineSuit","SatanicBible","aspiration:Nostalgia","Burning Blood","SynthV:TestCard","LetterFromLob","Hallownest:BankAccountRelic","Hallownest:DreamNailRelic","CCEMRelics:TechnogenicHelmet","DemoMod:WhiteGuonStone","keyreminder:keyreminder","StuffTheSpire:GrapeVine","Replay:Baseball","CCEMRelics:OldTooth","DemoMod:GlassGuonStoneRelic","vexMod:MysteryBossChallenge","halation:IncompleteEncyclopedia"],"acts_visited":["Hallownest:Greenpath","TheCity"],"potions_floor_usage":[12,16,16],"damage_taken":[{"damage":14.0,"enemies":"Hallownest:2_Tiktiks_and_1_Crawlid","floor":1.0,"turns":3.0},{"damage":8.0,"enemies":"Hallownest:eliteMossKnight","floor":6.0,"turns":5.0},{"damage":0.0,"enemies":"Hallownest:monsterHuskWarrior","floor":7.0,"turns":4.0},{"damage":6.0,"enemies":"Hallownest:2_Baldur","floor":9.0,"turns":9.0},{"damage":6,"enemies":"Hallownest:eliteVengeflyKing","floor":10,"turns":8},{"damage":1,"enemies":"Hallownest:2_Baldur","floor":11,"turns":4},{"damage":23,"enemies":"Hallownest:eliteMossKnight","floor":12,"turns":7},{"damage":0,"enemies":"Hallownest:2_Tiktiks_1_Baldur_1_Crawlid","floor":14,"turns":2},{"damage":16,"enemies":"Hallownest:BossFalseKnight","floor":16,"turns":7}],"seed_played":"6281235085394824296","potions_obtained":[{"floor":6.0,"key":"BlessingOfTheForge"},{"floor":12,"key":"blueLaboratory:SavagePotion"},{"floor":14,"key":"blueLaboratory:EnragingPotion"}],"is_trial":false,"path_per_floor":["M","?","?","?","$","E","M","R","MIM","E","M","E","?","M","R","B",null],"character_chosen":"BEAKED_THE_CULTIST","items_purchased":["CCEMRelics:TechnogenicHelmet"],"campfire_rested":0,"item_purchase_floors":[5],"current_hp_per_floor":[37,37,37,37,37,45,45,45,50,50,50,50,50,50,50,50,50,50],"gold":382,"neow_bonus":"NOSTALGIA","is_daily":false,"chose_seed":false,"campfire_upgraded":1,"win_rate":0.0,"timestamp":1610054475,"path_taken":["M","?","?","?","$","E","M","R","MIM","E","M","E","?","?","R","BOSS"],"items_purchased_type":["Relic"],"build_version":"2020-12-22","purchased_purges":0,"victory":false,"max_hp_per_floor":[45,45,45,45,45,45,45,45,50,50,50,50,50,50,50,50,50,50],"card_choices":[{"not_picked":[],"picked":"DoctorFetus","floor":0.0},{"not_picked":["beaked:Windmill","beaked:Flinch"],"picked":"beaked:MachineSpirit","floor":1.0},{"not_picked":["beaked:BloodForTheGods","beaked:Windmill","beaked:Redirect","beaked:Cower"],"picked":"beaked:Evade","floor":3.0},{"not_picked":["beaked:Tweet","beaked:Poke","beaked:DigDeeper","beaked:ShadowFade"],"picked":"beaked:CursingBlood","floor":6.0},{"not_picked":["beaked:DigDeep","beaked:Insight","beaked:Flinch","beaked:WarriorEssence"],"picked":"beaked:CrazyRituals","floor":7.0},{"not_picked":["beaked:MimicWarrior","beaked:Negation","beaked:SurvivalInstinct","beaked:FeelMyPain"],"picked":"beaked:VigorBurst","floor":9.0},{"not_picked":["beaked:SurvivalInstinct","beaked:FeelMyPain","beaked:MimicMachine","beaked:DarkTribute"],"picked":"beaked:BraceForImpact","floor":10},{"not_picked":["beaked:MimicWarrior","beaked:SacrificialDive","beaked:StunningBlow","beaked:Pecker"],"picked":"beaked:Resilience","floor":11},{"not_picked":["beaked:Cower","beaked:Resilience","beaked:DigDeep","beaked:Overexert"],"picked":"beaked:Hexing","floor":12},{"not_picked":["beaked:Poke","beaked:BloodForTheGods","beaked:Redirect","beaked:Foresight"],"picked":"beaked:DigDeep","floor":13},{"not_picked":["beaked:Roost","beaked:Tweet","beaked:WildInstinct","beaked:Struggle"],"picked":"beaked:DigDeep","floor":14},{"not_picked":["beaked:Caw","beaked:Sacrifice","beaked:KnowThyFoe","beaked:CheekyTricks"],"picked":"beaked:ScreechingChant","floor":16}],"player_experience":1634286,"relics_obtained":[{"floor":1.0,"key":"SynthV:TestCard"},{"floor":1.0,"key":"LetterFromLob"},{"floor":6.0,"key":"DemoMod:WhiteGuonStone"},{"floor":9.0,"key":"StuffTheSpire:GrapeVine"},{"floor":10,"key":"Replay:Baseball"},{"floor":12,"key":"CCEMRelics:OldTooth"}],"event_choices":[],"is_beta":false,"boss_relics":[{"not_picked":["halation:Yufonium","hubris:ScarierMask"],"picked":"vexMod:MysteryBossChallenge"},{"not_picked":[]}],"items_purged_floors":[],"is_endless":false,"potions_floor_spawned":[6,12,14],"ascension_level":18}}