{"host":"an6uhul3yec8m0jh","time":1610001288,"event":{"mods":["ATMod(阿瑾Mod)","Act Like it!","BaseMod","Colored Map","Colored Powertips","Gensokyo","Highlight Path","Minty Spire (QoL Compilation)","MostiFishMod","Pale of the Ancients","Quick Restart","StSLib","TestMod","UnlockEverythingMod","Waifu the Spire","noobMod"],"gold_per_floor":[110,35,55,55,55,86,86,118,172,172,172,184,16,42,42,120,120,338,338,348,25,37,69,69,102,102,13,29,29,29,59,59,133,133,144,157,176,76,76,107,107,133,133,133,133,8,38,56,56,56,56,66,85,485,166,166,184,184,265,265,265],"floor_reached":62,"playtime":3789,"items_purged":["Defend_P","Defend_P","Strike_P","Strike_P"],"score":3751,"play_id":"6975d2d4-d02b-43e2-8c34-4fecc7903afb","local_time":"20210107143448","is_ascension_mode":true,"campfire_choices":[{"data":"HalloweenModCandy","floor":7.0,"key":"SMITH"},{"data":"HalloweenModGhostCostume","floor":11.0,"key":"SMITH"},{"data":"HalloweenModCandy","floor":15.0,"key":"SMITH"},{"floor":32.0,"key":"RECALL"},{"data":"Adaptation","floor":41,"key":"SMITH"},{"data":"Gensokyo:GreaterSplit","floor":49,"key":"SMITH"},{"data":"HalloweenModGhostCostume","floor":56,"key":"SMITH"},{"data":"Vigilance","floor":58,"key":"SMITH"}],"circlet_count":0,"master_deck":["AscendersBane","Strike_P","Strike_P","Defend_P","Defend_P","Eruption","Vigilance+1","AT_IchimonjiDouble","HalloweenModCandy+1","HalloweenModTrick","Pain","InnerPeace","HalloweenModCandy+1","HalloweenModGhostCostume+1","HalloweenModTrick","HalloweenModGhostCostume+1","Tantrum","Adaptation+1","Gensokyo:GreaterSplit+1","Doubt"],"relics":["PureWater","ice","testmod-TestBox","AT_ATBox","BrkXgEgg","HalloweenModHalloween","Blue Candle","NeowsBlessing","SynthV:TestCard","Gensokyo:LunaticRedEyes","AT_ChloranthyRing","Nunchaku","ArrowTower","ChiLing","Chi","Ling","Blood Vial","xbg","Gensokyo:ConquerorOfFear","BionicSphere","testmod-IndustrialRevolution","Oddly Smooth Stone","Gensokyo:RedStar","testmod-ArcanaOfDestiny","GreenFoldingFan","Frozen Egg 2","AT_DeathDance","testmod-RealStoneCalender","Gremlin Horn","paleoftheancients:Timepiece","paleoftheancients:KeyRelic","Anchor","CultistMask","AT_SpeedBoots","paleoftheancients:SoulOfTheBandit","Shuriken"],"acts_visited":["Gensokyo:Gensokyo","Gensokyo:Gensokyoer","Gensokyo:Gensokyoest","paleoftheancients:PaleOfTheAncients"],"potions_floor_usage":[57],"damage_taken":[{"damage":0.0,"enemies":"Gensokyo:Gryphon","floor":1.0,"turns":1.0},{"damage":0.0,"enemies":"Gensokyo:2_Kodama","floor":3.0,"turns":1.0},{"damage":1.0,"enemies":"Gensokyo:Mamizou","floor":6.0,"turns":1.0},{"damage":2.0,"enemies":"Gensokyo:Aya","floor":8.0,"turns":2.0},{"damage":1.0,"enemies":"Gensokyo:3_Fairies","floor":12.0,"turns":2.0},{"damage":4.0,"enemies":"Gensokyo:Mamizou","floor":14.0,"turns":3.0},{"damage":5.0,"enemies":"Gensokyo:Yukari","floor":16.0,"turns":2.0},{"damage":3.0,"enemies":"Gensokyo:3_Dogs","floor":18.0,"turns":2.0},{"damage":13.0,"enemies":"Gensokyo:AngelMirror","floor":20.0,"turns":2.0},{"damage":3.0,"enemies":"Gensokyo:Slime_Group","floor":22.0,"turns":2.0},{"damage":3.0,"enemies":"Gensokyo:Tenshi","floor":23.0,"turns":2.0},{"damage":6.0,"enemies":"Gensokyo:Koishi","floor":25.0,"turns":2.0},{"damage":4.0,"enemies":"Gensokyo:Wraith","floor":28.0,"turns":3.0},{"damage":5.0,"enemies":"Gensokyo:Reisen","floor":31.0,"turns":1.0},{"damage":4,"enemies":"Gensokyo:Eiki","floor":33,"turns":2},{"damage":6,"enemies":"Gensokyo:AncientGuardian","floor":35,"turns":1},{"damage":6,"enemies":"Gensokyo:3_Boulders","floor":36,"turns":2},{"damage":5,"enemies":"Gensokyo:Dusk_and_Dawn","floor":37,"turns":1},{"damage":9,"enemies":"Gensokyo:Kasen","floor":40,"turns":2},{"damage":5,"enemies":"Gensokyo:Doremy","floor":42,"turns":1},{"damage":13,"enemies":"Gensokyo:Marisa","floor":47,"turns":2},{"damage":5,"enemies":"Gensokyo:SeedOfUnknown","floor":48,"turns":2},{"damage":8,"enemies":"Gensokyo:Scarlet_Devils","floor":50,"turns":2},{"damage":35,"enemies":"Gensokyo:Shinki","floor":51,"turns":7},{"damage":11,"enemies":"Gensokyo:Shinki","floor":52,"turns":2},{"damage":10,"enemies":"Gensokyo:Shinki","floor":53,"turns":2},{"damage":40,"enemies":"Gensokyo:Shinki","floor":57,"turns":10},{"damage":7,"enemies":"paleoftheancients:N","floor":61,"turns":2}],"seed_played":"4076727033169441246","potions_obtained":[{"floor":3.0,"key":"Weak Potion"},{"floor":12.0,"key":"StancePotion"},{"floor":22.0,"key":"PowerPotion"},{"floor":33,"key":"Swift Potion"}],"is_trial":false,"path_per_floor":["M","$","M","?","?","E","R","E","T","?","R","M","COS","?","R","B",null,"M","?","M","$","M","E","?","E","T","$","M","?","?","E","R","B",null,"M","M","M","$","?","E","R","E","T","?","?","$","E","M","R","B","B","M","M","?","$","R","M","R","T","?","B",null],"character_chosen":"WATCHER","items_purchased":["BionicSphere","Adaptation","AT_SpeedBoots"],"campfire_rested":0,"item_purchase_floors":[21,27,55],"current_hp_per_floor":[61,61,61,61,61,64,64,67,67,67,67,68,68,67,67,64,67,65,65,62,62,61,64,64,68,68,68,67,67,67,67,67,68,68,68,68,68,68,68,68,68,68,68,68,60,60,63,68,68,68,65,68,68,68,68,68,67,67,67,67,68],"gold":265,"neow_bonus":"THREE_ENEMY_KILL","is_daily":false,"chose_seed":false,"campfire_upgraded":7,"win_rate":0.0,"timestamp":1610001288,"path_taken":["M","$","?","?","?","E","R","E","T","?","R","M","COS","?","R","BOSS","M","?","M","$","M","E","?","E","T","$","M","?","?","E","R","BOSS","M","M","M","$","?","E","R","E","T","?","?","$","E","M","R","BOSS","BOSS","M","M","?","$","R","M","R","T","?","BOSS"],"items_purchased_type":["Relic","Card","Relic"],"build_version":"2020-12-22","purchased_purges":4,"victory":true,"max_hp_per_floor":[68,68,68,68,68,68,68,68,68,68,68,68,68,68,68,68,68,68,68,68,68,68,68,68,68,68,68,68,68,68,68,68,68,68,68,68,68,68,68,68,68,68,68,68,68,68,68,68,68,68,68,68,68,68,68,68,68,68,68,68,68],"card_choices":[{"not_picked":["HalloweenModTrick","HalloweenModGhostCostume"],"picked":"HalloweenModCandy","floor":1.0},{"not_picked":["HalloweenModCandy","HalloweenModGhostCostume","HalloweenModCandy","HalloweenModTrick"],"picked":"HalloweenModTrick","floor":3.0},{"not_picked":["AT_ChampionStep","ReachHeaven","Nirvana","Prostrate"],"picked":"InnerPeace","floor":5.0},{"not_picked":["HalloweenModGhostCostume","HalloweenModTrick","HalloweenModCandy","HalloweenModTrick"],"picked":"HalloweenModCandy","floor":6.0},{"not_picked":["HalloweenModTrick","HalloweenModCandy","HalloweenModTrick","HalloweenModGhostCostume"],"picked":"HalloweenModGhostCostume","floor":8.0},{"not_picked":["HalloweenModGhostCostume","HalloweenModCandy","HalloweenModGhostCostume","HalloweenModCandy"],"picked":"HalloweenModTrick","floor":12.0},{"not_picked":["HalloweenModTrick","HalloweenModCandy","HalloweenModTrick","HalloweenModCandy"],"picked":"HalloweenModGhostCostume","floor":14.0},{"not_picked":["HalloweenModCandy","HalloweenModTrick","HalloweenModGhostCostume","HalloweenModGhostCostume","HalloweenModGhostCostume"],"picked":"SKIP","floor":18.0},{"not_picked":["HalloweenModCandy","HalloweenModGhostCostume","HalloweenModTrick","HalloweenModGhostCostume","HalloweenModGhostCostume+1"],"picked":"SKIP","floor":20.0},{"not_picked":["HalloweenModCandy","HalloweenModGhostCostume","HalloweenModTrick","HalloweenModCandy","HalloweenModCandy"],"picked":"SKIP","floor":22.0},{"not_picked":["HalloweenModCandy","HalloweenModGhostCostume","HalloweenModTrick","HalloweenModTrick","HalloweenModGhostCostume"],"picked":"SKIP","floor":23.0},{"not_picked":["HalloweenModTrick","HalloweenModCandy","HalloweenModGhostCostume","HalloweenModTrick","HalloweenModGhostCostume"],"picked":"SKIP","floor":25.0},{"not_picked":["HalloweenModGhostCostume","HalloweenModCandy+1","HalloweenModTrick","HalloweenModTrick","HalloweenModTrick"],"picked":"SKIP","floor":28.0},{"not_picked":["HalloweenModTrick","HalloweenModCandy","HalloweenModGhostCostume","HalloweenModCandy","HalloweenModGhostCostume+1"],"picked":"SKIP","floor":31.0},{"not_picked":["HalloweenModTrick+1","HalloweenModGhostCostume+1","HalloweenModCandy","HalloweenModTrick","HalloweenModGhostCostume"],"picked":"SKIP","floor":35},{"not_picked":["HalloweenModTrick+1","HalloweenModCandy","HalloweenModGhostCostume+1","HalloweenModTrick","HalloweenModTrick"],"picked":"SKIP","floor":36},{"not_picked":["HalloweenModCandy","HalloweenModTrick+1","HalloweenModGhostCostume","HalloweenModGhostCostume","HalloweenModTrick+1"],"picked":"SKIP","floor":37},{"not_picked":["HalloweenModGhostCostume+1","HalloweenModTrick","HalloweenModCandy","HalloweenModCandy","HalloweenModGhostCostume+1"],"picked":"SKIP","floor":40},{"not_picked":["HalloweenModCandy","HalloweenModGhostCostume+1","HalloweenModTrick","HalloweenModTrick","HalloweenModGhostCostume+1"],"picked":"SKIP","floor":42},{"not_picked":["HalloweenModGhostCostume+1","HalloweenModTrick","HalloweenModCandy","HalloweenModCandy","HalloweenModCandy"],"picked":"SKIP","floor":47},{"not_picked":["HalloweenModCandy+1","HalloweenModGhostCostume+1","HalloweenModTrick","HalloweenModCandy+1","HalloweenModGhostCostume+1"],"picked":"SKIP","floor":48},{"not_picked":["HalloweenModTrick+1","HalloweenModGhostCostume+1","HalloweenModCandy","HalloweenModCandy","HalloweenModCandy+1"],"picked":"SKIP","floor":52},{"not_picked":["HalloweenModCandy","HalloweenModTrick","HalloweenModGhostCostume+1","HalloweenModTrick","HalloweenModGhostCostume+1"],"picked":"SKIP","floor":53},{"not_picked":["HalloweenModCandy","HalloweenModTrick+1","HalloweenModGhostCostume+1","HalloweenModCandy","HalloweenModGhostCostume+1"],"picked":"SKIP","floor":57}],"player_experience":200363,"relics_obtained":[{"floor":1.0,"key":"SynthV:TestCard"},{"floor":6.0,"key":"AT_ChloranthyRing"},{"floor":9.0,"key":"Nunchaku"},{"floor":14.0,"key":"Blood Vial"},{"floor":20.0,"key":"Gensokyo:ConquerorOfFear"},{"floor":23.0,"key":"testmod-IndustrialRevolution"},{"floor":25.0,"key":"Oddly Smooth Stone"},{"floor":31.0,"key":"testmod-ArcanaOfDestiny"},{"floor":40,"key":"Frozen Egg 2"},{"floor":42,"key":"AT_DeathDance"},{"floor":43,"key":"testmod-RealStoneCalender"},{"floor":47,"key":"Gremlin Horn"},{"floor":57,"key":"paleoftheancients:SoulOfTheBandit"},{"floor":59,"key":"Shuriken"}],"event_choices":[{"damage_healed":0.0,"max_hp_gain":0.0,"max_hp_loss":0.0,"gold_gain":0.0,"event_name":"给自己的盒子","player_choice":"Swap Relic","floor":10.0,"relics_lost":["DaveBox"],"gold_loss":0.0,"damage_taken":0.0,"relics_obtained":["DaveBox"]},{"damage_healed":0,"gold_gain":400,"player_choice":"Sell","damage_taken":0,"max_hp_gain":0,"max_hp_loss":0,"event_name":"恩洛斯的盘子","floor":54,"relics_lost":["DaveBox"],"gold_loss":0}],"is_beta":false,"boss_relics":[{"not_picked":["Velvet Choker","JellyFishMachine"],"picked":"xbg"},{"not_picked":["EE1DDrone","testmod-CardMagician"],"picked":"GreenFoldingFan"}],"items_purged_floors":[2,38,46,55],"is_endless":false,"potions_floor_spawned":[3,12,16,22,23,33,35,36,47],"ascension_level":20}}