{"host":"4coy96o7l3fioe37","time":1610032884,"event":{"mods":["AchievementEnabler","Act Like it!","AlwaysNeverKeys","BaseMod","Better Altar","Better Match","Better Note","Better Sensory Stone","Better Skull","Better Third Choice","Better Vampires","BetterRewards","ChefMod","Colored Map","Disable Question Mark Monsters","Downfall","Minty Spire (QoL Compilation)","Rare Cards Sparkle","StSLib","The Dragon Tamer","The Marked"],"gold_per_floor":[110,130,130,141,155,185,241,241,268,268,268,268,279,294,294,390,390,400,151,161,171,185,214,214,226,250,250,250,250,268,53,53,53,53],"floor_reached":33,"playtime":1296,"items_purged":[],"score":269,"play_id":"7aacdfd0-f1b0-46c8-b03e-f0b471590ef5","local_time":"20210107152124","is_ascension_mode":false,"campfire_choices":[{"floor":8,"key":"REST"},{"data":"WreathOfFlame","floor":10,"key":"SMITH"},{"data":"expansioncontent:QuickStudy","floor":12,"key":"SMITH"},{"floor":15,"key":"REST"},{"floor":24,"key":"REST"},{"floor":29,"key":"REST"},{"data":"LessonLearned","floor":32,"key":"SMITH"}],"circlet_count":0,"master_deck":["Strike_P","Strike_P","Strike_P","Defend_P","Defend_P","Defend_P","Defend_P","Eruption","Vigilance","EmptyFist","WreathOfFlame+1","Storm of Steel+1","Conclude","BowlingBash","CarveReality","expansioncontent:QuickStudy+1","Study","MasterReality","Crescendo","Halt","LessonLearned+1"],"relics":["PureWater","NeowsBlessing","Oddly Smooth Stone","Regal Pillow","Bag of Marbles","Cursed Key","Ornamental Fan","Bottled Flame","Bag of Preparation","Tiny Chest"],"acts_visited":["Exordium","TheCity"],"potions_floor_usage":[6,16,16,23,23,33],"damage_taken":[{"damage":0,"enemies":"Cultist","floor":1,"turns":1},{"damage":0,"enemies":"Small Slimes","floor":2,"turns":1},{"damage":0,"enemies":"2 Louse","floor":4,"turns":1},{"damage":0,"enemies":"Looter","floor":5,"turns":1},{"damage":36,"enemies":"Lagavulin","floor":6,"turns":3},{"damage":3,"enemies":"2 Fungi Beasts","floor":13,"turns":3},{"damage":0,"enemies":"3 Louse","floor":14,"turns":1},{"damage":56,"enemies":"The Guardian","floor":16,"turns":4},{"damage":0,"enemies":"Spheric Guardian","floor":18,"turns":1},{"damage":0,"enemies":"2 Thieves","floor":20,"turns":1},{"damage":0,"enemies":"3 Cultists","floor":21,"turns":1},{"damage":18,"enemies":"Snecko","floor":22,"turns":4},{"damage":27,"enemies":"Slavers","floor":23,"turns":3},{"damage":48,"enemies":"Snake Plant","floor":25,"turns":6},{"damage":0,"enemies":"Shelled Parasite and Fungi","floor":30,"turns":1},{"damage":51,"enemies":"Automaton","floor":33,"turns":6}],"seed_played":"-7564036993590490470","potions_obtained":[{"floor":2,"key":"SkillPotion"},{"floor":4,"key":"FearPotion"},{"floor":14,"key":"AttackPotion"},{"floor":20,"key":"Strength Potion"},{"floor":21,"key":"champ:CounterPotion"},{"floor":22,"key":"Swift Potion"},{"floor":30,"key":"Dexterity Potion"}],"is_trial":false,"path_per_floor":["M","M","?","M","M","E","?","R","T","R","?","R","M","M","R","B",null,"M","$","M","M","M","E","R","M","T","?","?","R","M","$","R","B"],"character_chosen":"WATCHER","items_purchased":["Ornamental Fan","Tiny Chest","LessonLearned"],"campfire_rested":4,"item_purchase_floors":[19,31,31],"current_hp_per_floor":[72,72,49,49,49,13,13,49,49,49,49,49,46,46,72,16,72,72,72,72,72,54,27,63,15,15,15,15,50,50,50,50,0,0],"gold":53,"neow_bonus":"THREE_ENEMY_KILL","is_daily":false,"chose_seed":false,"campfire_upgraded":3,"win_rate":0.0,"timestamp":1610032884,"path_taken":["M","M","?","M","M","E","?","R","T","R","?","R","M","M","R","BOSS","M","$","M","M","M","E","R","M","T","?","?","R","M","$","R","BOSS"],"items_purchased_type":["Relic","Relic","Card"],"build_version":"2020-12-22","purchased_purges":0,"victory":false,"max_hp_per_floor":[72,72,72,72,72,72,72,72,72,72,72,72,72,72,72,72,72,72,72,72,72,72,72,72,72,72,69,69,69,69,69,69,69,69],"card_choices":[{"not_picked":["ThirdEye","Prostrate"],"picked":"EmptyFist","floor":1},{"not_picked":["Crescendo","ClearTheMind"],"picked":"WreathOfFlame","floor":2},{"not_picked":["Study","Consecrate"],"picked":"Conclude","floor":4},{"not_picked":["Conclude","WindmillStrike"],"picked":"BowlingBash","floor":5},{"not_picked":["Omniscience","Vengeance"],"picked":"CarveReality","floor":6},{"not_picked":["Magnetism","Impatience"],"picked":"expansioncontent:QuickStudy","floor":11},{"not_picked":["SashWhip","EmptyFist","EmptyBody"],"picked":"SKIP","floor":13},{"not_picked":["JustLucky","Crescendo"],"picked":"Study","floor":14},{"not_picked":["DevaForm","SpiritShield"],"picked":"MasterReality","floor":16},{"not_picked":["FlurryOfBlows","Weave","FollowUp"],"picked":"SKIP","floor":18},{"not_picked":["Weave","Evaluate","PathToVictory"],"picked":"SKIP","floor":20},{"not_picked":["Collect","Prostrate","FollowUp"],"picked":"SKIP","floor":21},{"not_picked":["FollowUp+1","Omniscience"],"picked":"Crescendo","floor":22},{"not_picked":["Establishment","CutThroughFate+1","ThirdEye"],"picked":"SKIP","floor":23},{"not_picked":["PathToVictory","Prostrate","Worship+1"],"picked":"SKIP","floor":25},{"not_picked":["Nirvana","Evaluate"],"picked":"Halt","floor":30}],"player_experience":285517,"relics_obtained":[{"floor":6,"key":"Regal Pillow"},{"floor":9,"key":"Bag of Marbles"},{"floor":23,"key":"Bottled Flame"},{"floor":26,"key":"Bag of Preparation"}],"event_choices":[{"damage_healed":0,"gold_gain":56,"player_choice":"Gained Gold","damage_taken":0,"max_hp_gain":0,"max_hp_loss":0,"event_name":"Golden Wing","floor":7,"gold_loss":0},{"damage_healed":0,"gold_gain":1,"player_choice":"1","damage_taken":0,"max_hp_gain":0,"max_hp_loss":0,"event_name":"betterStone:BetterStone","floor":11,"gold_loss":0},{"cards_removed":["Parasite"],"damage_healed":0,"gold_gain":0,"player_choice":"Removed Curses","damage_taken":0,"max_hp_gain":0,"max_hp_loss":0,"event_name":"Fountain of Cleansing","floor":27,"gold_loss":0},{"cards_removed":["Strike_P"],"damage_healed":0,"gold_gain":0,"player_choice":"Purged","damage_taken":0,"max_hp_gain":0,"max_hp_loss":0,"event_name":"Purifier","floor":28,"gold_loss":0}],"is_beta":false,"boss_relics":[{"not_picked":["Calling Bell","Empty Cage"],"picked":"Cursed Key"}],"items_purged_floors":[],"is_endless":false,"potions_floor_spawned":[2,4,14,20,21,22,30],"killed_by":"Automaton","ascension_level":0}}