{"host":"56ghxnzsglgdq727","time":1610022415,"event":{"mods":["AchievementEnabler","BaseMod","Downfall","Minty Spire (QoL Compilation)","StSLib"],"gold_per_floor":[0,14,25,25,35,135,135,45,220,234,64,93,110,110,110,110],"floor_reached":14,"playtime":415,"items_purged":["champ:Taunt+1"],"score":95,"play_id":"d89c2ea3-cf10-4413-9ff1-36b35a590744","local_time":"20210107072655","is_ascension_mode":true,"campfire_choices":[{"data":"champ:Taunt","floor":1,"key":"SMITH"}],"circlet_count":0,"master_deck":["champ:Strike","champ:Strike","champ:Strike","champ:Strike","champ:Defend","champ:Defend","champ:Defend","champ:DefensiveStyle","Doubt","champ:ShieldWall","champ:Circumvent"],"relics":["champ:ChampionCrown","downfall:BrokenWingStatue","Lantern","Tiny Chest","MealTicket"],"acts_visited":["Exordium"],"potions_floor_usage":[13,14,14],"damage_taken":[{"damage":13,"enemies":"Cultist","floor":2,"turns":4},{"damage":0,"enemies":"Small Slimes","floor":3,"turns":4},{"damage":1,"enemies":"2 Louse","floor":5,"turns":3},{"damage":0,"enemies":"downfall:FleeingMerchant","floor":8,"turns":4},{"damage":2,"enemies":"Large Slime","floor":10,"turns":6},{"damage":10,"enemies":"downfall:FleeingMerchant","floor":11,"turns":4},{"damage":29,"enemies":"Lagavulin","floor":12,"turns":7},{"damage":21,"enemies":"Lots of Slimes","floor":13,"turns":3},{"damage":20,"enemies":"Gremlin Nob","floor":14,"turns":3}],"seed_played":"-8514780956502610298","potions_obtained":[{"floor":10,"key":"CultistPotion"},{"floor":12,"key":"Explosive Potion"},{"floor":13,"key":"LiquidMemories"}],"is_trial":false,"path_per_floor":["R","M","M","?","M","?","T","$","?","M","$","E","M","E"],"character_chosen":"THE_CHAMP","items_purchased":["Tiny Chest"],"campfire_rested":0,"item_purchase_floors":[11],"current_hp_per_floor":[90,77,77,77,76,76,76,76,76,74,64,35,14,0,0,0],"gold":110,"neow_bonus":"REMOVE_TWO","is_daily":false,"chose_seed":false,"campfire_upgraded":1,"win_rate":0.0,"timestamp":1610022415,"path_taken":["R","M","?","?","M","?","T","$","?","M","?","E","?","E"],"items_purchased_type":["Relic"],"build_version":"2020-12-22","purchased_purges":1,"victory":false,"max_hp_per_floor":[90,90,90,90,90,90,90,90,90,90,90,90,90,90,90,90],"card_choices":[{"not_picked":["champ:Circumvent","champ:FlashCut"],"picked":"champ:DefensiveStyle","floor":2},{"not_picked":["champ:SwordSigil","champ:FightOn","champ:GutPunch"],"picked":"SKIP","floor":3},{"not_picked":["champ:DeathBlow","champ:BerserkersShout","champ:Shatter"],"picked":"SKIP","floor":5},{"not_picked":["champ:StrikeOfGenius","champ:FanOfKnives","champ:FightOn"],"picked":"SKIP","floor":8},{"not_picked":["champ:ViciousMockery","champ:FanOfKnives"],"picked":"champ:ShieldWall","floor":10},{"not_picked":["champ:CrookedStrike","champ:EndlessRage","champ:FocusedGladiator"],"picked":"SKIP","floor":11},{"not_picked":["champ:BringItOn","champ:Balance","champ:RapidStrikes"],"picked":"SKIP","floor":12},{"not_picked":["champ:FanOfKnives","champ:FaceSlap"],"picked":"champ:Circumvent","floor":13}],"player_experience":179856,"relics_obtained":[{"floor":7,"key":"Lantern"},{"floor":12,"key":"MealTicket"}],"event_choices":[],"is_beta":false,"boss_relics":[],"items_purged_floors":[8],"is_endless":false,"potions_floor_spawned":[10,12,13],"killed_by":"Gremlin Nob","ascension_level":1}}