{"host":"x3q4ieql2tr7v8o6","time":1610045429,"event":{"mods":["BaseMod","Bestiary","Better Altar","Better Match","Better Note","Better Sensory Stone","Better Skull","Better Third Choice","Colored Map","Colored Powertips","Curses Come First","Minty Spire (QoL Compilation)","StSLib"],"gold_per_floor":[359,192,192,209,15,49,49,13,13,44,194,194,214,248,248,323,323,338,338,338,349,359,359,392,406,430,447,477,320,332,349,349,349,349],"floor_reached":33,"playtime":1042,"items_purged":["Normality"],"score":559,"play_id":"578ce36d-6c37-4cca-968c-377675e779e2","local_time":"20210107185029","is_ascension_mode":true,"campfire_choices":[{"floor":7.0,"key":"REST"},{"data":"Apotheosis","floor":12.0,"key":"SMITH"},{"data":"Footwork","floor":15.0,"key":"SMITH"},{"data":"Noxious Fumes","floor":23.0,"key":"SMITH"},{"floor":32,"key":"REST"}],"circlet_count":0,"master_deck":["AscendersBane","Strike_G","Strike_G","Strike_G","Strike_G","Strike_G","Defend_G","Defend_G","Defend_G","Defend_G","Defend_G","Survivor","Neutralize","Dagger Spray","Apotheosis+1","Dark Shackles","Predator","Acrobatics","Poisoned Stab","Footwork+1","Noxious Fumes+1","Doubt","PiercingWail","Glass Knife","Phantasmal Killer","PiercingWail","Deadly Poison","Bane","Prepared","Skewer","Backflip+1","Cloak And Dagger+1","Terror","Footwork","Backstab"],"relics":["Ring of the Snake","Chemical X","HornCleat","Eternal Feather","Potion Belt","Ice Cream","Cursed Key","MutagenicStrength","Blue Candle","Vajra","Letter Opener"],"acts_visited":["Exordium","TheCity"],"potions_floor_usage":[31],"damage_taken":[{"damage":3.0,"enemies":"Jaw Worm","floor":1.0,"turns":6.0},{"damage":0.0,"enemies":"Small Slimes","floor":4.0,"turns":4.0},{"damage":17.0,"enemies":"Gremlin Nob","floor":6.0,"turns":4.0},{"damage":6.0,"enemies":"3 Sentries","floor":10.0,"turns":6.0},{"damage":0.0,"enemies":"Cultist","floor":13.0,"turns":4.0},{"damage":12.0,"enemies":"Gremlin Nob","floor":14.0,"turns":4.0},{"damage":20.0,"enemies":"The Guardian","floor":16.0,"turns":11.0},{"damage":7.0,"enemies":"3 Byrds","floor":18.0,"turns":4.0},{"damage":0.0,"enemies":"Spheric Guardian","floor":21.0,"turns":3.0},{"damage":9.0,"enemies":"Shelled Parasite and Fungi","floor":22.0,"turns":3.0},{"damage":4.0,"enemies":"Book of Stabbing","floor":24.0,"turns":7.0},{"damage":0.0,"enemies":"Snecko","floor":25.0,"turns":4.0},{"damage":11.0,"enemies":"3 Cultists","floor":27.0,"turns":4.0},{"damage":4.0,"enemies":"Gremlin Leader","floor":28.0,"turns":5.0},{"damage":5.0,"enemies":"Centurion and Healer","floor":30.0,"turns":4.0},{"damage":12,"enemies":"Snecko","floor":31,"turns":4},{"damage":57,"enemies":"Collector","floor":33,"turns":7}],"seed_played":"-6462655754919122089","potions_obtained":[{"floor":1.0,"key":"SteroidPotion"},{"floor":6.0,"key":"FearPotion"},{"floor":13.0,"key":"BlessingOfTheForge"},{"floor":16.0,"key":"SteroidPotion"},{"floor":22.0,"key":"SteroidPotion"},{"floor":30.0,"key":"Fire Potion"},{"floor":31,"key":"SpeedPotion"}],"is_trial":false,"path_per_floor":["M","$","?","M","$","E","R","$","T","E","?","R","M","E","R","B",null,"M","?","?","M","M","R","E","M","T","M","E","$","M","M","R","B"],"character_chosen":"THE_SILENT","items_purchased":["Apotheosis","Chemical X","Acrobatics","Footwork","Terror"],"campfire_rested":2,"item_purchase_floors":[2,5,5,8,29],"current_hp_per_floor":[41,41,41,41,41,24,43,43,43,37,37,49,49,37,49,29,57,50,50,45,45,36,51,47,47,47,36,32,32,27,15,55,0,0],"gold":349,"neow_bonus":"TWO_FIFTY_GOLD","is_daily":false,"chose_seed":true,"campfire_upgraded":3,"win_rate":0.0,"timestamp":1610045429,"path_taken":["M","$","?","M","$","E","R","?","T","E","?","R","M","E","R","BOSS","M","?","?","M","?","R","E","M","T","M","E","$","M","M","R","BOSS"],"items_purchased_type":["Card","Relic","Card","Card","Card"],"build_version":"2020-12-22","purchased_purges":1,"victory":false,"max_hp_per_floor":[66,66,66,66,66,66,66,66,66,66,66,66,66,66,66,66,66,66,66,66,66,66,66,66,66,66,66,66,66,66,66,66,66,66],"card_choices":[{"not_picked":["Blur","Reflex"],"picked":"Dagger Spray","floor":1.0},{"not_picked":["Forethought","Mind Blast"],"picked":"Dark Shackles","floor":3.0},{"not_picked":["Dodge and Roll","Prepared"],"picked":"Predator","floor":4.0},{"not_picked":["Dodge and Roll","Accuracy"],"picked":"Poisoned Stab","floor":6.0},{"not_picked":["Dagger Throw","Deadly Poison"],"picked":"Noxious Fumes","floor":10.0},{"not_picked":["Slice","Dagger Spray"],"picked":"PiercingWail","floor":13.0},{"not_picked":["Dodge and Roll","Flying Knee"],"picked":"Glass Knife","floor":14.0},{"not_picked":["Unload","Glass Knife"],"picked":"Phantasmal Killer","floor":16.0},{"not_picked":["Flying Knee","Dash"],"picked":"PiercingWail","floor":18.0},{"not_picked":["Dash","Cloak And Dagger"],"picked":"Deadly Poison","floor":21.0},{"not_picked":["Slice","Infinite Blades"],"picked":"Bane","floor":22.0},{"not_picked":["Cloak And Dagger+1","Deflect"],"picked":"Prepared","floor":24.0},{"not_picked":["Slice+1","Prepared"],"picked":"Skewer","floor":25.0},{"not_picked":["Concentrate","Escape Plan"],"picked":"Backflip+1","floor":27.0},{"not_picked":["Dagger Throw","Dodge and Roll"],"picked":"Cloak And Dagger+1","floor":28.0},{"not_picked":["Choke","Underhanded Strike+1"],"picked":"Footwork","floor":30.0},{"not_picked":["Corpse Explosion","PiercingWail"],"picked":"Backstab","floor":31}],"player_experience":708928,"relics_obtained":[{"floor":6.0,"key":"HornCleat"},{"floor":9.0,"key":"Eternal Feather"},{"floor":10.0,"key":"Potion Belt"},{"floor":14.0,"key":"Ice Cream"},{"floor":24.0,"key":"Blue Candle"},{"floor":26.0,"key":"Vajra"},{"floor":28.0,"key":"Letter Opener"}],"event_choices":[{"damage_healed":0.0,"max_hp_gain":0.0,"max_hp_loss":0.0,"gold_gain":1.0,"event_name":"betterStone:BetterStone","player_choice":"1","floor":3.0,"gold_loss":0.0,"damage_taken":0.0},{"damage_healed":0.0,"max_hp_gain":0.0,"max_hp_loss":0.0,"gold_gain":150.0,"event_name":"betterThird:BetterSerpent","player_choice":"AGREE","floor":11.0,"gold_loss":0.0,"damage_taken":44.0},{"damage_healed":0.0,"max_hp_gain":0.0,"max_hp_loss":0.0,"gold_gain":0.0,"event_name":"Drug Dealer","player_choice":"Inject Mutagens","floor":19.0,"gold_loss":0.0,"damage_taken":0.0,"relics_obtained":["MutagenicStrength"]},{"damage_healed":0.0,"max_hp_gain":0.0,"max_hp_loss":0.0,"gold_gain":0.0,"event_name":"Designer","player_choice":"Punched","floor":20.0,"gold_loss":0.0,"damage_taken":5.0}],"is_beta":false,"boss_relics":[{"not_picked":["Pandora\u0027s Box","Astrolabe"],"picked":"Cursed Key"}],"items_purged_floors":[29],"is_endless":false,"potions_floor_spawned":[1,6,13,16,22,30,31],"killed_by":"Collector","ascension_level":15}}