{"host":"981nlwu0905dw1bz","time":1610042066,"event":{"mods":["AchievementEnabler","BaseMod","DeckTracker","Minty Spire (QoL Compilation)","Rare Cards Sparkle","SuperFastMode"],"gold_per_floor":[109,109,120,120,138,138,193,206,230,195,270,300,300,312,312,408,408,421,421,421,435,435,435],"floor_reached":22,"playtime":676,"items_purged":[],"score":226,"play_id":"bad35774-d99c-46a4-8ef8-54ae71903eb2","local_time":"20210108025426","is_ascension_mode":true,"campfire_choices":[{"data":"Dual Wield","floor":6.0,"key":"SMITH"},{"floor":13.0,"key":"REST"},{"data":"Dropkick","floor":15.0,"key":"SMITH"}],"circlet_count":0,"master_deck":["Strike_R","Defend_R","Defend_R","Defend_R+1","Defend_R","Bash","Clothesline","Flame Barrier+1","Dual Wield+1","Intimidate","Dropkick+1","Evolve","Ghostly Armor","Demon Form"],"relics":["Burning Blood","Bronze Scales","Potion Belt","War Paint","Odd Mushroom","Empty Cage"],"acts_visited":["Exordium","TheCity"],"potions_floor_usage":[21],"damage_taken":[{"damage":3.0,"enemies":"Jaw Worm","floor":1.0,"turns":4.0},{"damage":3.0,"enemies":"2 Louse","floor":3.0,"turns":3.0},{"damage":6.0,"enemies":"Small Slimes","floor":5.0,"turns":3.0},{"damage":48.0,"enemies":"Lagavulin Event","floor":7.0,"turns":9.0},{"damage":2.0,"enemies":"3 Louse","floor":8.0,"turns":4.0},{"damage":23.0,"enemies":"The Mushroom Lair","floor":12.0,"turns":5.0},{"damage":0.0,"enemies":"2 Fungi Beasts","floor":14.0,"turns":2.0},{"damage":33.0,"enemies":"Hexaghost","floor":16.0,"turns":10.0},{"damage":53,"enemies":"Spheric Guardian","floor":18,"turns":10},{"damage":41,"enemies":"2 Thieves","floor":21,"turns":5},{"damage":0,"enemies":"Centurion and Healer","floor":22,"turns":1}],"seed_played":"1793653606985908346","potions_obtained":[{"floor":3.0,"key":"Block Potion"},{"floor":8.0,"key":"SpeedPotion"},{"floor":12.0,"key":"DistilledChaos"},{"floor":16.0,"key":"BlessingOfTheForge"},{"floor":18,"key":"AttackPotion"}],"is_trial":false,"path_per_floor":["M","?","M","$","M","R","?","M","T","?","?","?","R","M","R","B",null,"M","?","?","M","M"],"character_chosen":"IRONCLAD","items_purchased":[],"campfire_rested":1,"item_purchase_floors":[],"current_hp_per_floor":[75,75,78,78,78,78,36,40,40,60,49,32,56,62,62,35,69,22,48,48,13,13,13],"gold":435,"neow_bonus":"RANDOM_COMMON_RELIC","is_daily":false,"chose_seed":false,"campfire_upgraded":2,"win_rate":0.0,"timestamp":1610042066,"path_taken":["M","?","M","$","M","R","?","M","T","?","?","?","R","M","R","BOSS","M","?","?","M","?"],"items_purchased_type":[],"build_version":"2020-12-22","purchased_purges":0,"victory":false,"max_hp_per_floor":[80,80,80,80,80,80,80,80,80,80,80,80,80,80,80,80,80,80,80,80,80,80,80],"card_choices":[{"not_picked":["True Grit","Entrench"],"picked":"Clothesline","floor":1.0},{"not_picked":["Blood for Blood","Anger"],"picked":"Dual Wield","floor":3.0},{"not_picked":["Carnage","Perfected Strike"],"picked":"Intimidate","floor":5.0},{"not_picked":["Anger","Rage"],"picked":"Dropkick","floor":7.0},{"not_picked":["Headbutt","Dark Embrace"],"picked":"Evolve","floor":8.0},{"not_picked":["Armaments","Rage"],"picked":"Ghostly Armor","floor":14.0},{"not_picked":["Immolate","Barricade"],"picked":"Demon Form","floor":16.0},{"not_picked":["Shrug It Off","Uppercut","Headbutt"],"picked":"SKIP","floor":18},{"not_picked":["Clash","Body Slam","Hemokinesis+1"],"picked":"SKIP","floor":21}],"player_experience":534953,"relics_obtained":[{"floor":7.0,"key":"Potion Belt"},{"floor":9.0,"key":"War Paint"},{"floor":12.0,"key":"Odd Mushroom"}],"event_choices":[{"damage_healed":0.0,"max_hp_gain":0.0,"max_hp_loss":0.0,"gold_gain":0.0,"cards_transformed":["Strike_R"],"event_name":"Living Wall","player_choice":"Change","floor":2.0,"gold_loss":0.0,"damage_taken":0.0,"cards_obtained":["Flame Barrier"]},{"damage_healed":0.0,"max_hp_gain":0.0,"max_hp_loss":0.0,"gold_gain":0.0,"event_name":"Dead Adventurer","player_choice":"Searched \u00272\u0027 times","floor":7.0,"gold_loss":0.0,"damage_taken":0.0},{"damage_healed":20.0,"max_hp_gain":0.0,"max_hp_loss":0.0,"gold_gain":0.0,"event_name":"The Cleric","player_choice":"Healed","floor":10.0,"gold_loss":35.0,"damage_taken":0.0},{"damage_healed":0.0,"max_hp_gain":0.0,"max_hp_loss":0.0,"gold_gain":75.0,"event_name":"World of Goop","player_choice":"Gather Gold","floor":11.0,"gold_loss":0.0,"damage_taken":11.0},{"damage_healed":0.0,"max_hp_gain":0.0,"max_hp_loss":0.0,"gold_gain":0.0,"event_name":"Mushrooms","player_choice":"Fought Mushrooms","floor":12.0,"gold_loss":0.0,"damage_taken":0.0},{"damage_healed":26,"gold_gain":0,"player_choice":"Heal","damage_taken":0,"max_hp_gain":0,"max_hp_loss":0,"event_name":"The Library","floor":19,"gold_loss":0},{"cards_removed":["Strike_R"],"damage_healed":0,"gold_gain":0,"player_choice":"Card Removal","damage_taken":0,"max_hp_gain":0,"max_hp_loss":0,"event_name":"Wheel of Change","floor":20,"gold_loss":0}],"is_beta":false,"boss_relics":[{"not_picked":["Calling Bell","Philosopher\u0027s Stone"],"picked":"Empty Cage"}],"items_purged_floors":[],"is_endless":false,"potions_floor_spawned":[3,8,12,16,18],"killed_by":"Centurion and Healer","ascension_level":6}}