{"host":"m9i7qe3hvz6jihjh","time":1610023443,"event":{"mods":["BaseMod","Colored Powertips","Infinite Spire","Minty Spire (QoL Compilation)","Quick Restart","StSLib","The Animator","Waifu the Spire"],"gold_per_floor":[111,126,25,25,53,53,70,70,70,101,101,1,30,44,44,140,140,150,120,140,41,56,56,68,68,68],"floor_reached":25,"playtime":1344,"items_purged":["animator:Strike","animator:Strike","animator:Defend"],"score":197,"play_id":"14294344-8a5f-40d1-90c4-f264e7870d43","local_time":"20210107134403","is_ascension_mode":false,"campfire_choices":[{"floor":6.0,"key":"REST"},{"floor":11.0,"key":"REST"},{"floor":15.0,"key":"REST"},{"data":"animator:Boros","floor":23,"key":"SMITH"}],"circlet_count":0,"master_deck":["animator:Strike_MadokaMagica","animator:Defend_MadokaMagica","animator:Strike","animator:Defend","animator:Defend","animator:IrohaTamaki","animator:YuiTsuruno","animator:Entoma+4","infinitespire:FutureSight","animator:IrohaTamaki","animator:YachiyoNanami","animator:SayakaMiki","animator:NagisaMomoe","animator:IrohaTamaki","animator:Boros+1","animator:OrikoMikuni","animator:ElricAlphonse","animator:Envy","animator:Lu","animator:SayakaMiki"],"relics":["animator:LivingPicture","animator:TheMissingPiece","animator:PurgingStone","Smiling Mask","Nunchaku","Prayer Wheel","Black Star"],"acts_visited":["Exordium","TheCity"],"potions_floor_usage":[18,20,20,22,24,24],"damage_taken":[{"damage":4.0,"enemies":"Cultist","floor":1.0,"turns":4.0},{"damage":5.0,"enemies":"Small Slimes","floor":2.0,"turns":5.0},{"damage":0.0,"enemies":"Jaw Worm","floor":5.0,"turns":6.0},{"damage":0.0,"enemies":"3 Louse","floor":7.0,"turns":4.0},{"damage":12.0,"enemies":"Red Slaver","floor":10.0,"turns":6.0},{"damage":0.0,"enemies":"2 Fungi Beasts","floor":13.0,"turns":5.0},{"damage":0.0,"enemies":"Exordium Wildlife","floor":14.0,"turns":6.0},{"damage":7.0,"enemies":"Slime Boss","floor":16.0,"turns":11.0},{"damage":14,"enemies":"Chosen","floor":18,"turns":6},{"damage":33,"enemies":"3 Byrds","floor":20,"turns":8},{"damage":10,"enemies":"Centurion and Healer","floor":22,"turns":9},{"damage":21,"enemies":"Snake Plant","floor":24,"turns":5},{"damage":22,"enemies":"3 Cultists","floor":25,"turns":3}],"seed_played":"199568363810658176","potions_obtained":[{"floor":1.0,"key":"Swift Potion"},{"floor":5.0,"key":"DuplicationPotion"},{"floor":10.0,"key":"SkillPotion"},{"floor":13.0,"key":"SneckoOil"},{"floor":18,"key":"Energy Potion"},{"floor":19,"key":"Regen Potion"},{"floor":19,"key":"DuplicationPotion"},{"floor":22,"key":"PowerPotion"}],"is_trial":false,"path_per_floor":["M","M","$","?","M","R","M","?","T","M","R","$","M","M","R","B",null,"M","?","M","$","M","R","M","M"],"character_chosen":"THE_ANIMATOR","items_purchased":["PowerPotion","Energy Potion","ColorlessPotion"],"campfire_rested":3,"item_purchase_floors":[3,12,21],"current_hp_per_floor":[62,57,57,39,39,58,60,44,44,32,52,52,53,55,71,64,71,65,65,46,46,42,42,21,0,0],"gold":68,"neow_bonus":"RANDOM_COMMON_RELIC","is_daily":false,"chose_seed":false,"campfire_upgraded":1,"win_rate":0.0,"timestamp":1610023443,"path_taken":["M","M","$","?","M","R","M","?","T","M","R","$","?","M","R","BOSS","M","?","M","$","M","R","M","?"],"items_purchased_type":["Potion","Potion","Potion"],"build_version":"2020-12-22","purchased_purges":3,"victory":false,"max_hp_per_floor":[66,66,66,66,66,66,68,68,68,68,68,68,69,71,71,71,71,74,74,76,76,76,76,76,76,76],"card_choices":[{"not_picked":["animator:ShinjiMatou","animator:Yoichi","animator:Shion"],"picked":"SKIP","floor":1.0},{"not_picked":["animator:Ara","animator:Alexander","animator:Berserker"],"picked":"SKIP","floor":2.0},{"not_picked":["animator:ZankiKiguchi","animator:DwarfShaman"],"picked":"animator:Entoma","floor":5.0},{"not_picked":["infinitespire:Fortify","infinitespire:SealOfDarkness+"],"picked":"infinitespire:FutureSight","floor":8.0},{"not_picked":["animator:Sloth","animator:Illya"],"picked":"animator:IrohaTamaki","floor":10.0},{"not_picked":["animator:Layla","animator:IrohaTamaki"],"picked":"animator:YachiyoNanami","floor":10.0},{"not_picked":["animator:DolaRiku","animator:AcuraTooru"],"picked":"animator:SayakaMiki","floor":13.0},{"not_picked":["animator:Priestess","animator:Nanami"],"picked":"animator:NagisaMomoe","floor":13.0},{"not_picked":["animator:Entoma","animator:Rider"],"picked":"animator:IrohaTamaki","floor":14.0},{"not_picked":["animator:Ain","animator:Emonzaemon","animator:DolaSchwi"],"picked":"SKIP","floor":14.0},{"not_picked":["animator:Ain","animator:Emonzaemon","animator:DolaSchwi"],"picked":"SKIP","floor":14.0},{"not_picked":["animator:Shizu","animator:Saitama"],"picked":"animator:Boros","floor":16.0},{"not_picked":["animator:YachiyoNanami","animator:SuzuneAmano"],"picked":"animator:OrikoMikuni","floor":18},{"not_picked":["animator:Archer","animator:Demiurge"],"picked":"animator:ElricAlphonse","floor":18},{"not_picked":["animator:IrohaTamaki","animator:Vesta+1"],"picked":"animator:Envy","floor":20},{"not_picked":["animator:Konayuki+1","animator:Verdia+1","animator:Kaijin+1"],"picked":"SKIP","floor":20},{"not_picked":["animator:Konayuki+1","animator:Verdia+1","animator:Kaijin+1"],"picked":"SKIP","floor":20},{"not_picked":["animator:Genos","animator:Azekura"],"picked":"animator:Lu","floor":22},{"not_picked":["animator:ElricEdward","animator:Jibril+1"],"picked":"animator:SayakaMiki","floor":22},{"not_picked":["animator:Shuna+1","animator:Illya","animator:Togame"],"picked":"SKIP","floor":24},{"not_picked":["animator:MumenRider","animator:ChaikaBohdan","animator:RoyMustang"],"picked":"SKIP","floor":24}],"player_experience":893821,"relics_obtained":[{"floor":9.0,"key":"Prayer Wheel"}],"event_choices":[{"damage_healed":0.0,"max_hp_gain":0.0,"max_hp_loss":0.0,"gold_gain":0.0,"event_name":"Scrap Ooze","player_choice":"Success","floor":4.0,"gold_loss":0.0,"damage_taken":18.0,"relics_obtained":["Nunchaku"]},{"damage_healed":0,"gold_gain":0,"player_choice":"Bought 2 Potions","damage_taken":0,"max_hp_gain":0,"max_hp_loss":0,"event_name":"The Woman in Blue","floor":19,"gold_loss":0}],"is_beta":false,"boss_relics":[{"not_picked":["SlaversCollar","infinitespire:Cupcake"],"picked":"Black Star"}],"items_purged_floors":[3,12,21],"is_endless":false,"potions_floor_spawned":[1,5,10,13,18,22],"killed_by":"3 Cultists","ascension_level":0}}