{"host":"by2xx8ri294xcjpl","time":1610024637,"event":{"mods":["BaseMod","Dota2Spire","Minty Spire (QoL Compilation)","Replay The Spire","StSLib","vexMod","【功能Mod】混沌之环修复补丁","【功能Mod】精心准备","【遗物Mod】简单游戏","【遗物卡牌】REMEMod"],"gold_per_floor":[118,118,129,90,103,128,128,161,161,176,208,223,233,250,250,352,352,370,370,389,406,189,208,307,307,307,307,332,344,39,39,39,139,189,206,251,265,101,121,138,138,138,138,158,174,47,58,76,76,76,76],"floor_reached":50,"playtime":2548,"items_purged":["Parasite"],"score":725,"play_id":"3eed7f96-9c0a-433a-bc2f-a117151c4131","local_time":"20210107210357","is_ascension_mode":true,"campfire_choices":[{"floor":7,"key":"RECALL"},{"data":"REME_FearOfPain","floor":15,"key":"SMITH"},{"floor":25,"key":"REST"},{"data":"Body Slam","floor":27,"key":"SMITH"},{"floor":32,"key":"REST"},{"floor":42,"key":"REST"},{"floor":49,"key":"REST"}],"circlet_count":0,"master_deck":["Strike_R","Strike_R","Strike_R+1","Strike_R","Defend_R+1","Defend_R","Defend_R","Defend_R","Bash","Warcry","REME_FearOfPain+1","Replay:Undeath\u0027s Touch","Replay:Undeath\u0027s Touch","Cleave","Second Wind+1","Anger","Corruption+1","Anger","Inflame+1","Warcry","Fiend Fire","Defy Death+1","Intimidate","REME_Cut+1","Body Slam+1","Inflame+1","Infernal Blade","Demon Form+1","Flex","Replay:Undeath\u0027s Touch","Poisoned Strike","ReplayTheSpireMod:Muscle Training+1","Anger+1"],"relics":["REME_ComplimentaryCards","EasyRelic","Unceasing Top","REME_PuzzleBoxRelic","Frozen Egg 2","Mirror","vexMod:TanglingVine","Strange Spoon","Dota2Spire:UrnOfShadows","PreservedInsect","Medical Kit","War Paint","Tiny House","Dota2Spire:OctarineCore","Bronze Scales"],"acts_visited":["Exordium","TheCity","TheBeyond"],"potions_floor_usage":[2,6,8,33,33,33,37,40,44,47,47],"damage_taken":[{"damage":0,"enemies":"Small Slimes","floor":1,"turns":2},{"damage":0,"enemies":"Cultist","floor":3,"turns":3},{"damage":0,"enemies":"2 Louse","floor":5,"turns":3},{"damage":12,"enemies":"Gremlin Nob","floor":6,"turns":2},{"damage":22,"enemies":"Lagavulin","floor":8,"turns":5},{"damage":1,"enemies":"Red Slaver","floor":10,"turns":3},{"damage":0,"enemies":"3 Sentries","floor":11,"turns":5},{"damage":0,"enemies":"Large Slime","floor":12,"turns":3},{"damage":0,"enemies":"Looter","floor":13,"turns":2},{"damage":2,"enemies":"Exordium Thugs","floor":14,"turns":3},{"damage":18,"enemies":"Fading Forest","floor":16,"turns":11},{"damage":5,"enemies":"Spheric Guardian","floor":18,"turns":3},{"damage":7,"enemies":"Shell Parasite","floor":20,"turns":3},{"damage":16,"enemies":"Centurion and Healer","floor":21,"turns":3},{"damage":12,"enemies":"Chosen and Byrds","floor":23,"turns":3},{"damage":11,"enemies":"REME_1_Revenger","floor":28,"turns":4},{"damage":5,"enemies":"Snecko","floor":29,"turns":3},{"damage":14,"enemies":"Pondfish","floor":33,"turns":4},{"damage":0,"enemies":"Orb Walker","floor":35,"turns":2},{"damage":15,"enemies":"2 Orb Walkers","floor":36,"turns":2},{"damage":38,"enemies":"3 Darklings","floor":37,"turns":3},{"damage":18,"enemies":"Writhing Mass","floor":39,"turns":4},{"damage":9,"enemies":"Spire Growth","floor":40,"turns":3},{"damage":19,"enemies":"Transient","floor":44,"turns":5},{"damage":16,"enemies":"Sphere and 2 Shapes","floor":45,"turns":3},{"damage":15,"enemies":"Spire Growth","floor":47,"turns":3},{"damage":8,"enemies":"Transient","floor":48,"turns":5},{"damage":48,"enemies":"Replay:Hell Engine","floor":50,"turns":3}],"seed_played":"7456328241804881261","potions_obtained":[{"floor":2,"key":"Death Potion"},{"floor":2,"key":"REME_GoldPotion"},{"floor":2,"key":"SpeedPotion"},{"floor":3,"key":"Energy Potion"},{"floor":6,"key":"Dexterity Potion"},{"floor":8,"key":"Adrenaline Potion"},{"floor":13,"key":"Toxic Potion"},{"floor":20,"key":"Dota2Spire:Clarity"},{"floor":34,"key":"FairyPotion"},{"floor":36,"key":"Adrenaline Potion"},{"floor":40,"key":"Ancient Potion"},{"floor":45,"key":"LiquidMemories"}],"is_trial":false,"path_per_floor":["M","?","M","$","M","E","R","E","T","M","E","M","M","M","R","B",null,"M","?","M","M","$","M","?","R","T","R","E","M","$","?","R","B",null,"M","?","M","$","M","M","?","R","T","M","M","$","M","M","R","B"],"character_chosen":"IRONCLAD","items_purchased":["Replay:Undeath\u0027s Touch","Strange Spoon","REME_Cut+1","Medical Kit","War Paint","Poisoned Strike","AttackPotion"],"campfire_rested":4,"item_purchase_floors":[4,22,22,30,30,38,46],"current_hp_per_floor":[88,88,88,88,88,76,76,54,54,53,53,53,53,51,51,33,88,83,83,76,60,60,48,48,74,74,74,63,58,58,58,84,76,93,93,78,43,43,25,16,16,43,43,24,8,8,27,19,46,0,0],"gold":76,"neow_bonus":"TEN_PERCENT_HP_BONUS","is_daily":false,"chose_seed":false,"campfire_upgraded":2,"win_rate":0.0,"timestamp":1610024637,"path_taken":["M","?","M","$","M","E","R","E","T","M","E","M","?","?","R","BOSS","M","?","M","M","$","?","?","R","T","R","E","M","$","?","R","BOSS","M","?","M","$","M","M","?","R","T","M","M","$","M","M","R","BOSS"],"items_purchased_type":["Card","Relic","Card","Relic","Relic","Card","Potion"],"build_version":"2020-12-22","purchased_purges":1,"victory":false,"max_hp_per_floor":[88,88,88,88,88,88,88,88,88,88,88,88,88,88,88,88,88,88,88,88,88,88,88,88,88,88,88,88,88,88,88,88,88,93,93,93,93,93,93,93,93,93,93,93,93,90,90,90,90,90,90],"card_choices":[{"not_picked":["Ghostly Armor","Body Slam"],"picked":"Warcry","floor":1},{"not_picked":["Pommel Strike","ReplayTheSpireMod:Strike From Hell"],"picked":"REME_FearOfPain","floor":3},{"not_picked":["Iron Wave","Sword Boomerang"],"picked":"Cleave","floor":5},{"not_picked":["Dual Wield","Searing Blow"],"picked":"Second Wind","floor":6},{"not_picked":["Hemogenesis","Clash","Run Through"],"picked":"SKIP","floor":8},{"not_picked":["Ghostly Armor","Warcry"],"picked":"Anger","floor":10},{"not_picked":["Rage","Dual Wield"],"picked":"Corruption+1","floor":11},{"not_picked":["Iron Wave","Run Through","Pommel Strike"],"picked":"SKIP","floor":12},{"not_picked":["Thunderclap","Run Through"],"picked":"Inflame+1","floor":13},{"not_picked":["Dropkick","Iron Wave"],"picked":"Warcry","floor":14},{"not_picked":["REME_TheLastStrike","REME_Fury"],"picked":"Fiend Fire","floor":16},{"not_picked":["Carnage+1","Cleave","Thunderclap"],"picked":"SKIP","floor":18},{"not_picked":["Combust+1","ReplayTheSpireMod:Strike From Hell"],"picked":"Defy Death+1","floor":20},{"not_picked":["Dropkick","Warcry"],"picked":"Intimidate","floor":21},{"not_picked":["Shrug It Off","Clothesline"],"picked":"Body Slam","floor":23},{"not_picked":["ReplayTheSpireMod:Corrosion Curse","Flame Barrier"],"picked":"Inflame+1","floor":28},{"not_picked":["Second Wind+1","REME_SingleHolding"],"picked":"Infernal Blade","floor":29},{"not_picked":["Fiend Fire","Replay:Many Hands"],"picked":"Demon Form+1","floor":33},{"not_picked":["Warcry","Combust+1"],"picked":"Life Link+1","floor":34},{"not_picked":["Clash","Infernal Blade+1"],"picked":"Flex","floor":35},{"not_picked":["ReplayTheSpireMod:Strike From Hell","Armaments+1"],"picked":"Replay:Undeath\u0027s Touch","floor":37},{"not_picked":["Carnage+1","Clash+1","Cleave"],"picked":"SKIP","floor":39},{"not_picked":["Sword Boomerang+1","Cleave","Twin Strike"],"picked":"SKIP","floor":40},{"not_picked":["Corruption+1","Intimidate+1"],"picked":"ReplayTheSpireMod:Muscle Training+1","floor":44},{"not_picked":["Run Through","Flame Barrier+1"],"picked":"Anger+1","floor":45},{"not_picked":["Perfected Strike+1","Fire Breathing+1","Heavy Blade"],"picked":"SKIP","floor":47},{"not_picked":["Armaments","Headbutt","Run Through+1"],"picked":"SKIP","floor":48}],"player_experience":9417,"relics_obtained":[{"floor":6,"key":"REME_PuzzleBoxRelic"},{"floor":8,"key":"Frozen Egg 2"},{"floor":11,"key":"Mirror"},{"floor":26,"key":"Dota2Spire:UrnOfShadows"},{"floor":28,"key":"PreservedInsect"},{"floor":36,"key":"Dota2Spire:OctarineCore"},{"floor":43,"key":"Bronze Scales"}],"event_choices":[{"damage_healed":0,"gold_gain":0,"player_choice":"Got Potions","damage_taken":0,"max_hp_gain":0,"max_hp_loss":0,"event_name":"Lab","floor":2,"gold_loss":0},{"cards_removed":["Strike_R"],"damage_healed":0,"gold_gain":0,"player_choice":"Card Removal","damage_taken":0,"max_hp_gain":0,"max_hp_loss":0,"event_name":"Wheel of Change","floor":19,"gold_loss":0},{"damage_healed":0,"gold_gain":99,"player_choice":"Stole From Cult","damage_taken":0,"max_hp_gain":0,"max_hp_loss":0,"event_name":"Nest","floor":24,"gold_loss":0},{"damage_healed":0,"gold_gain":0,"player_choice":"Ignored","damage_taken":0,"max_hp_gain":0,"max_hp_loss":0,"event_name":"N\u0027loth","floor":31,"gold_loss":0},{"damage_healed":0,"gold_gain":0,"player_choice":"Fight","damage_taken":0,"max_hp_gain":0,"max_hp_loss":0,"event_name":"Mysterious Sphere","floor":36,"gold_loss":0},{"cards_removed":["Life Link"],"damage_healed":0,"gold_gain":0,"player_choice":"Removed Power","damage_taken":0,"max_hp_gain":0,"max_hp_loss":0,"event_name":"Falling","floor":41,"gold_loss":0}],"is_beta":false,"boss_relics":[{"not_picked":["Ring of Chaos","Busted Crown"],"picked":"vexMod:TanglingVine"},{"not_picked":["Replay:Wanted Poster","Replay:Grab Bag"],"picked":"Tiny House"}],"items_purged_floors":[46],"is_endless":false,"potions_floor_spawned":[3,6,8,13,20,23,28,36,40,45],"killed_by":"Replay:Hell Engine","ascension_level":1}}