{"host":"udyc8f81k2jocuhg","time":1610037805,"event":{"mods":["2.2 Compatiblity","BaseMod","Better Third Choice","Colored Powertips","Conspire","Custom Start","GifTheSpireLib","Hermit","Minty Spire (QoL Compilation)","Permanent Neow","Quick Restart","Relic Filter","Relic Stats","Replay The Spire","Shop Mod","Spikes Relics","StSLib","Stuff the Spire"],"gold_per_floor":[112,132,143,163,163,196,196,224,224,253,269,269,299,148,148,226,226,242,252,262,7,25,25,60,76,99,25,59,76,76,106,106,184,184,199,209,209,222,233,265,277,309,333,333,359,359,359,387,387,387,387,387,3,30,30],"floor_reached":56,"playtime":4022,"items_purged":["Defend_B"],"score":2912,"play_id":"c9c887e7-4f77-4709-b3b2-fdba5be23de9","local_time":"20210107174325","is_ascension_mode":true,"campfire_choices":[{"data":"Loop","floor":7.0,"key":"SMITH"},{"data":"Consume","floor":15.0,"key":"SMITH"},{"data":"Defragment","floor":23.0,"key":"SMITH"},{"floor":30,"key":"REST"},{"data":"Seek","floor":32,"key":"SMITH"},{"data":"Echo Form","floor":44,"key":"SMITH"},{"data":"StuffTheSpire:Synthwave","floor":46,"key":"SMITH"},{"floor":49,"key":"RECALL"},{"data":"Chill","floor":52,"key":"SMITH"}],"circlet_count":0,"master_deck":["AscendersBane","Strike_B","Strike_B","Defend_B","Defend_B","Defend_B","Zap","Dualcast","Loop+1","Conserve Battery","Capacitor","Double Energy+1","Steam","ReplayTheSpireMod:Calculation Training","StuffTheSpire:Synthwave+1","Glacier","Consume+1","Seek+1","Defragment+1","Ball Lightning","Self Repair","Self Repair","White Noise","Chill+1","Echo Form+1","White Noise"],"relics":["AncientExoskeleton","Question Card","Iron Hammer","Oddly Smooth Stone","Inserter","MerchantsRug","Calipers","Molten Egg 2","BicycleWheel","conspire:TopHat","SacredBark","StuffTheSpire:GrapeVine","HyperAlloy","Vajra","Replay:Ringing Soul","Happy Flower","InkBottle","Runic Capacitor","Replay:Bandana"],"acts_visited":["Exordium","TheCity","TheBeyond","TheEnding"],"potions_floor_usage":[28,55,55],"damage_taken":[{"damage":0.0,"enemies":"Small Slimes","floor":1.0,"turns":4.0},{"damage":0.0,"enemies":"2 Louse","floor":2.0,"turns":4.0},{"damage":0.0,"enemies":"conspire:RoseBush","floor":3.0,"turns":4.0},{"damage":10.0,"enemies":"Large Slime","floor":4.0,"turns":6.0},{"damage":5.0,"enemies":"Replay:BlueRogue","floor":6.0,"turns":13.0},{"damage":3.0,"enemies":"Lagavulin","floor":8.0,"turns":10.0},{"damage":0.0,"enemies":"Replay:BlueRogue","floor":10.0,"turns":8.0},{"damage":0.0,"enemies":"Blue Slaver","floor":11.0,"turns":4.0},{"damage":0.0,"enemies":"Lagavulin","floor":13.0,"turns":7.0},{"damage":10.0,"enemies":"Fading Forest","floor":16.0,"turns":11.0},{"damage":0.0,"enemies":"Chosen","floor":18.0,"turns":5.0},{"damage":0.0,"enemies":"3 Byrds","floor":19.0,"turns":5.0},{"damage":0.0,"enemies":"Snecko","floor":20.0,"turns":5.0},{"damage":0.0,"enemies":"conspire:HollyBat","floor":22.0,"turns":6.0},{"damage":4.0,"enemies":"conspire:Head Lice","floor":24.0,"turns":7.0},{"damage":29.0,"enemies":"3 Cultists","floor":25.0,"turns":6.0},{"damage":21,"enemies":"Slavers","floor":28,"turns":4},{"damage":0,"enemies":"Cultist and Chosen","floor":29,"turns":6},{"damage":0,"enemies":"conspire:Head Lice","floor":31,"turns":7},{"damage":18,"enemies":"Pondfish","floor":33,"turns":9},{"damage":2,"enemies":"3 Darklings","floor":35,"turns":8},{"damage":0,"enemies":"Orb Walker","floor":36,"turns":4},{"damage":47,"enemies":"Transient","floor":38,"turns":5},{"damage":0,"enemies":"4 Shapes","floor":39,"turns":7},{"damage":0,"enemies":"R_Hoarder","floor":40,"turns":8},{"damage":0,"enemies":"Maw","floor":41,"turns":6},{"damage":0,"enemies":"Giant Head","floor":42,"turns":6},{"damage":0,"enemies":"Reptomancer","floor":45,"turns":9},{"damage":0,"enemies":"R_Hoarder","floor":48,"turns":7},{"damage":1,"enemies":"conspire:OrnateMirror","floor":50,"turns":11},{"damage":19,"enemies":"Shield and Spear","floor":54,"turns":9},{"damage":25,"enemies":"The Heart","floor":55,"turns":11}],"seed_played":"5727928261814163849","potions_obtained":[{"floor":3.0,"key":"FearPotion"},{"floor":4.0,"key":"Doom Potion"},{"floor":18.0,"key":"Dexterity Potion"},{"floor":25.0,"key":"EssenceOfDarkness"},{"floor":29,"key":"SkillPotion"},{"floor":31,"key":"Dexterity Potion"}],"is_trial":false,"path_per_floor":["M","M","M","M","?","E","R","E","T","E","M","?","E","$","R","B",null,"M","M","M","$","M","R","E","M","T","$","E","M","R","E","R","B",null,"M","M","?","M","M","E","M","E","T","R","E","R","?","E","R","B",null,"R","$","E","B",null],"character_chosen":"DEFECT","items_purchased":["Consume","MerchantsRug","Calipers","Self Repair","InkBottle","Runic Capacitor"],"campfire_rested":1,"item_purchase_floors":[14,21,21,27,53,53],"current_hp_per_floor":[64,64,64,54,54,49,49,46,46,46,46,39,39,39,39,45,65,65,65,65,65,65,65,61,32,32,32,11,18,39,53,53,45,65,71,71,67,34,48,71,71,71,71,71,71,71,71,71,71,71,71,71,71,71,63],"gold":30,"neow_bonus":"BOSS_RELIC","is_daily":false,"chose_seed":false,"campfire_upgraded":7,"win_rate":0.0,"timestamp":1610037805,"path_taken":["M","M","M","M","?","E","R","E","T","E","M","?","E","$","R","BOSS","M","M","M","$","M","R","E","M","T","$","E","M","R","E","R","BOSS","M","M","?","M","M","E","M","E","T","R","E","R","?","E","R","BOSS","R","$","E","BOSS"],"items_purchased_type":["Card","Relic","Relic","Card","Relic","Relic"],"build_version":"2020-12-22","purchased_purges":1,"victory":true,"max_hp_per_floor":[71,71,71,71,71,71,71,71,71,71,71,71,71,71,71,71,71,71,71,71,71,71,71,71,71,71,71,71,71,71,71,71,71,71,71,71,71,71,71,71,71,71,71,71,71,71,71,71,71,71,71,71,71,71,71],"relic_stats":{"Inserter":[71],"Happy Flower":[10],"counters":[32,221],"Question Card":26,"obtain_stats":[{"MerchantsRug":21,"Inserter":17,"Calipers":21,"AncientExoskeleton":0,"Happy Flower":48,"StuffTheSpire:ForceGauntlet":9,"SacredBark":34,"Oddly Smooth Stone":10,"Vajra":43,"StuffTheSpire:GrapeVine":40,"Runic Capacitor":53,"Question Card":6,"Akabeko":13,"conspire:TopHat":31,"Replay:Ringing Soul":45,"Replay:Bandana":54,"Matryoshka":8,"HyperAlloy":42,"Molten Egg 2":24,"Iron Hammer":9,"Cracked Core":0,"BicycleWheel":28,"InkBottle":53},{"MerchantsRug":13,"Inserter":10,"Calipers":13,"AncientExoskeleton":0,"Happy Flower":29,"StuffTheSpire:ForceGauntlet":6,"SacredBark":20,"Oddly Smooth Stone":7,"Vajra":27,"StuffTheSpire:GrapeVine":25,"Runic Capacitor":30,"Question Card":5,"Akabeko":9,"conspire:TopHat":19,"Replay:Ringing Soul":28,"Replay:Bandana":31,"Matryoshka":6,"HyperAlloy":27,"Molten Egg 2":15,"Iron Hammer":6,"Cracked Core":0,"BicycleWheel":17,"InkBottle":30},{"MerchantsRug":86,"Inserter":71,"Calipers":86,"AncientExoskeleton":0,"Happy Flower":191,"StuffTheSpire:ForceGauntlet":41,"SacredBark":131,"Oddly Smooth Stone":49,"Vajra":175,"StuffTheSpire:GrapeVine":163,"Runic Capacitor":202,"Question Card":31,"Akabeko":60,"conspire:TopHat":122,"Replay:Ringing Soul":184,"Replay:Bandana":210,"Matryoshka":41,"HyperAlloy":175,"Molten Egg 2":99,"Iron Hammer":41,"Cracked Core":0,"BicycleWheel":109,"InkBottle":202}],"InkBottle":[8]},"card_choices":[{"not_picked":["StuffTheSpire:Plugnplay","Recycle","Panic Button"],"picked":"SKIP","floor":1.0},{"not_picked":["Stack","Streamline"],"picked":"Loop","floor":2.0},{"not_picked":["Hologram","Lockon"],"picked":"Conserve Battery","floor":3.0},{"not_picked":["Redo","DiskWipe"],"picked":"Capacitor","floor":4.0},{"not_picked":["Conserve Battery","StuffTheSpire:CleanHardDrive"],"picked":"Steam","floor":6.0},{"not_picked":["StuffTheSpire:ShieldGenerator","Heatsinks","ReplaySolidLightProjector"],"picked":"ReplayTheSpireMod:Calculation Training","floor":8.0},{"not_picked":["Crystallizer","Go for the Eyes","Barrage"],"picked":"StuffTheSpire:Synthwave","floor":10.0},{"not_picked":["Melter","Stack","Go for the Eyes","Hologram"],"picked":"SKIP","floor":11.0},{"not_picked":["Reprogram","Thunder Strike","Beam Cell"],"picked":"Glacier","floor":13.0},{"not_picked":["Hyperbeam","Core Surge","All For One"],"picked":"Seek","floor":16.0},{"not_picked":["Sunder","BasicCrystalCard","Reinforced Body"],"picked":"Defragment","floor":18.0},{"not_picked":["Streamline","Panic Button","BasicCrystalCard"],"picked":"Ball Lightning","floor":19.0},{"not_picked":["Leap","Gash","Sweeping Beam","Recycle+1"],"picked":"SKIP","floor":20.0},{"not_picked":["Reprogram","Cold Snap","Beam Cell","Rebound"],"picked":"SKIP","floor":22.0},{"not_picked":["Barrage+1","Stack","ReplaySolidLightProjector","Turbo"],"picked":"SKIP","floor":24.0},{"not_picked":["Sweeping Beam+1","Heatsinks","Steam","StuffTheSpire:LoadUp"],"picked":"SKIP","floor":25.0},{"not_picked":["Thunder Strike+1","Cold Snap+1","Redo+1","Streamline+1"],"picked":"SKIP","floor":28},{"not_picked":["Barrage+1","StuffTheSpire:CleanHardDrive","Turbo"],"picked":"Self Repair","floor":29},{"not_picked":["Genetic Algorithm","Streamline+1","Fusion"],"picked":"White Noise","floor":31},{"not_picked":["Hologram","Barrage+1","Panic Button","StuffTheSpire:Plugnplay"],"picked":"SKIP","floor":35},{"not_picked":["ReplayTheSpireMod:Dual Polarity","Go for the Eyes+1","Gash+1"],"picked":"Chill","floor":36},{"not_picked":["Stack+1","Auto Shields","BasicCrystalCard","Barrage+1"],"picked":"SKIP","floor":38},{"not_picked":["Scrape+1","Steam Power","Steam"],"picked":"Echo Form","floor":39},{"not_picked":["Cold Snap+1","StuffTheSpire:Plugnplay","Steam+1"],"picked":"White Noise","floor":40},{"not_picked":["Compile Driver+1","BasicCrystalCard","StuffTheSpire:LoadUp","Go for the Eyes+1"],"picked":"SKIP","floor":41},{"not_picked":["Genetic Algorithm","Steam Power","Hologram","Steam+1"],"picked":"SKIP","floor":42},{"not_picked":["Turbo","Scrape+1","Compile Driver+1","Stack"],"picked":"SKIP","floor":45},{"not_picked":["Gash+1","Redo","Sweeping Beam+1","ReplayTheSpireMod:Repulse"],"picked":"SKIP","floor":48},{"not_picked":["BasicCrystalCard","DiskWipe","Gash+1","Stack"],"picked":"SKIP","floor":54}],"player_experience":1951795,"relics_obtained":[{"floor":6.0,"key":"Question Card"},{"floor":8.0,"key":"Matryoshka"},{"floor":9.0,"key":"Iron Hammer"},{"floor":9.0,"key":"StuffTheSpire:ForceGauntlet"},{"floor":10.0,"key":"Oddly Smooth Stone"},{"floor":13.0,"key":"Akabeko"},{"floor":24.0,"key":"Molten Egg 2"},{"floor":28,"key":"BicycleWheel"},{"floor":31,"key":"conspire:TopHat"},{"floor":40,"key":"StuffTheSpire:GrapeVine"},{"floor":42,"key":"HyperAlloy"},{"floor":43,"key":"Vajra"},{"floor":45,"key":"Replay:Ringing Soul"},{"floor":48,"key":"Happy Flower"},{"floor":54,"key":"Replay:Bandana"}],"event_choices":[{"cards_removed":["Strike_B"],"damage_healed":0.0,"max_hp_gain":0.0,"max_hp_loss":0.0,"gold_gain":0.0,"event_name":"Golden Wing","player_choice":"Card Removal","floor":12.0,"gold_loss":0.0,"damage_taken":7.0},{"damage_healed":0,"gold_gain":0,"player_choice":"Leave","damage_taken":0,"max_hp_gain":0,"max_hp_loss":0,"event_name":"conspire:Investor","floor":37,"gold_loss":0},{"damage_healed":0,"gold_gain":0,"player_choice":"Memory 1","damage_taken":0,"max_hp_gain":0,"max_hp_loss":0,"event_name":"SensoryStone","floor":47,"gold_loss":0}],"is_beta":false,"boss_relics":[{"not_picked":["StuffTheSpire:ModemDavis","conspire:SpecialSausage"],"picked":"Inserter"},{"not_picked":["Fusion Hammer","Sandwich"],"picked":"SacredBark"}],"items_purged_floors":[14],"is_endless":false,"potions_floor_spawned":[3,4,8,16,18,19,25,29,31,33,36,42,45,48],"ascension_level":15}}