{"host":"xu0zbcebhy6w9mdv","time":1610031662,"event":{"mods":["AchievementEnabler","Act Like it!","Aspiration","BaseMod","Better Match","Better Third Choice","BetterRewards","Colored Powertips","Downfall","Duelist Mod","Friendly Minions","Gensokyo","Hallownest","Hubris","Infinite Spire","Marisa????????","Minty Spire (QoL Compilation)","Potionbrewer","Quick Restart","READ ME - Guardian Mod","READ ME - Snecko Mod","Rare Cards Sparkle","Replay The Spire","Shop Mod","StSLib","The Animator","The Blackbeard","The Bug Knight","The Cursed","The Hierophant","The Necromancer","The Runesmith","The Servant 0.9.4"],"gold_per_floor":[138,138,156,58,158,158,158],"floor_reached":6,"playtime":357,"items_purged":[],"score":115,"play_id":"3a573c3b-3596-4026-9149-b9fc5376dddf","local_time":"20210107100102","is_ascension_mode":true,"campfire_choices":[],"circlet_count":0,"master_deck":["AscendersBane","theDuelist:AttackMetronome","theDuelist:AttackMetronome","theDuelist:AttackMetronome","theDuelist:AttackMetronome","theDuelist:BlockMetronome","theDuelist:BlockMetronome","theDuelist:BlockMetronome","theDuelist:BlockMetronome","theDuelist:Metronome","theDuelist:Metronome","theDuelist:PowerMetronome","theDuelist:SkillMetronome","theDuelist:TrapMetronome","theDuelist:UncommonAttackMetronome","theDuelist:UncommonMonsterMetronome","Pain","theDuelist:OrbMetronome"],"relics":["theDuelist:MillenniumPuzzle","theDuelist:CardPoolRelic","theDuelist:CardPoolBasicRelic","theDuelist:BoosterPackPoolRelic","theDuelist:CardPoolAddRelic","theDuelist:CardPoolMinusRelic","theDuelist:CardPoolSaveRelic","theDuelist:CardPoolOptionsRelic","aspiration:Nostalgia","m_SpellCore","Replay:Wax Seal","Lizard Tail","Gensokyo:LunaticRedEyes","theDuelist:PointPass","OrangePellets"],"acts_visited":["Exordium"],"potions_floor_usage":[6],"damage_taken":[{"damage":0,"enemies":"Gensokyo:3_Fairies","floor":1,"turns":3},{"damage":3,"enemies":"Gensokyo:2_Kodama","floor":3,"turns":3},{"damage":51,"enemies":"Gensokyo:Aya","floor":6,"turns":6}],"seed_played":"6072282094363620584","potions_obtained":[{"floor":3,"key":"SpeedPotion"}],"is_trial":false,"path_per_floor":["M","?","M","COS","?","E"],"character_chosen":"THE_DUELIST","items_purchased":["aspiration:Nostalgia","Replay:Wax Seal","theDuelist:UncommonMonsterMetronome","Lizard Tail"],"campfire_rested":0,"item_purchase_floors":[0,0,0,0],"current_hp_per_floor":[56,56,53,53,53,2,2],"gold":158,"neow_bonus":"","is_daily":false,"chose_seed":false,"campfire_upgraded":0,"win_rate":0.0,"timestamp":1610031662,"path_taken":["M","?","M","COS","?","E"],"items_purchased_type":["Relic","Relic","Card","Relic"],"build_version":"2020-12-22","purchased_purges":0,"victory":false,"max_hp_per_floor":[70,70,70,70,70,70,70],"card_choices":[{"not_picked":["theDuelist:EarthquakeGiant","theDuelist:WormApocalypse","theDuelist:LabyrinthWall","theDuelist:ScrapFactory","theDuelist:BigEye"],"picked":"SKIP","floor":1},{"not_picked":["theDuelist:UndeadMetronome","theDuelist:PelagicMetronome","theDuelist:MachineMetronome","theDuelist:CommonSpireMetronome"],"picked":"theDuelist:OrbMetronome","floor":3}],"player_experience":586206,"relics_obtained":[],"event_choices":[],"is_beta":false,"boss_relics":[],"items_purged_floors":[],"is_endless":false,"potions_floor_spawned":[3],"killed_by":"Gensokyo:Aya","ascension_level":18}}