{"host":"69bxgjr0sv0a6xc4","time":1610058699,"event":{"mods":["Act Like it!","BaseMod","Better Altar","Better Match","Better Note","Better Sensory Stone","Better Skull","Better Third Choice","BetterRewards","DeckTracker","Friendly Minions","Jorbs\u0027s Wanderer Trilogy","Lobotomy","LobotomyExtend","Minty Spire (QoL Compilation)","Relic Stats","Spicy Shops","StSLib","The Bladedancer","Unceasing Turn Reminder"],"gold_per_floor":[269,269,288,438,286,314,329,355,355,355,355],"floor_reached":10,"playtime":375,"items_purged":["Doubt"],"score":133,"play_id":"eb1e04c7-511a-4a54-88a9-2763ece7536e","local_time":"20210107233139","is_ascension_mode":true,"campfire_choices":[],"circlet_count":0,"master_deck":["AscendersBane","Strike_G","Strike_G","Strike_G","Defend_G","Defend_G","Defend_G","Defend_G","Survivor","Neutralize","OldLady","Leg Sweep","Noxious Fumes","MeatLantern","Blade Dance","Scorched","Deadly Poison"],"relics":["Ring of the Snake","CogitoBucket","LetterFromLob","Vajra","Peace Pipe","Toxic Egg 2"],"acts_visited":["Exordium"],"potions_floor_usage":[8],"damage_taken":[{"damage":6,"enemies":"2 Louse","floor":1,"turns":2},{"damage":0,"enemies":"Small Slimes","floor":3,"turns":3},{"damage":11,"enemies":"Lagavulin","floor":6,"turns":9},{"damage":0,"enemies":"Jaw Worm","floor":7,"turns":3},{"damage":5,"enemies":"3 Sentries","floor":8,"turns":4},{"damage":50,"enemies":"Gremlin Nob","floor":10,"turns":1}],"seed_played":"-4758038377117300713","potions_obtained":[{"floor":6,"key":"LiquidMemories"},{"floor":7,"key":"Energy Potion"},{"floor":8,"key":"Energy Potion"}],"is_trial":false,"path_per_floor":["M","?","M","?","$","E","M","E","T","E"],"character_chosen":"THE_SILENT","items_purchased":["Noxious Fumes"],"campfire_rested":0,"item_purchase_floors":[5],"current_hp_per_floor":[53,66,66,66,66,55,55,50,50,0,0],"gold":355,"neow_bonus":"","is_daily":false,"chose_seed":false,"campfire_upgraded":0,"win_rate":0.0,"timestamp":1610058699,"path_taken":["M","?","M","?","$","E","M","E","T","E"],"items_purchased_type":["Card"],"build_version":"2020-12-22","purchased_purges":1,"victory":false,"max_hp_per_floor":[66,66,66,66,66,66,66,66,66,66,66],"relic_stats":{"Peace Pipe":0,"counters":[6,22],"obtain_stats":[{"Peace Pipe":8,"CogitoBucket":0,"Vajra":6,"LetterFromLob":1,"Toxic Egg 2":9,"Ring of the Snake":0},{"Peace Pipe":5,"CogitoBucket":0,"Vajra":3,"LetterFromLob":1,"Toxic Egg 2":5,"Ring of the Snake":0},{"Peace Pipe":21,"CogitoBucket":0,"Vajra":14,"LetterFromLob":2,"Toxic Egg 2":21,"Ring of the Snake":0}],"Ring of the Snake":[12]},"card_choices":[{"not_picked":["VoidDream","DreamingCurrent"],"picked":"OldLady","floor":1},{"not_picked":["Poisoned Stab","Bane"],"picked":"Leg Sweep","floor":1},{"not_picked":["Bane","Slice","Dodge and Roll"],"picked":"SKIP","floor":3},{"not_picked":["SnowQueen","Bloodbath"],"picked":"MeatLantern","floor":6},{"not_picked":["Prepared","PiercingWail"],"picked":"Blade Dance","floor":6},{"not_picked":["Murderer","SpiderBud"],"picked":"Scorched","floor":7},{"not_picked":["Flying Knee","Blur"],"picked":"Deadly Poison","floor":7},{"not_picked":["Sucker Punch","Acrobatics","Backflip"],"picked":"SKIP","floor":8}],"player_experience":888106,"relics_obtained":[{"floor":1,"key":"LetterFromLob"},{"floor":6,"key":"Vajra"},{"floor":8,"key":"Peace Pipe"},{"floor":9,"key":"Toxic Egg 2"}],"event_choices":[{"damage_healed":0,"gold_gain":150,"player_choice":"AGREE","damage_taken":288,"max_hp_gain":0,"max_hp_loss":0,"event_name":"betterThird:BetterSerpent","floor":4,"gold_loss":0}],"is_beta":false,"boss_relics":[],"items_purged_floors":[5],"is_endless":false,"potions_floor_spawned":[6,7,8],"killed_by":"Gremlin Nob","ascension_level":15}}