{"host":"htqwg582tjjtn9p7","time":1610044865,"event":{"mods":["2.2 Compatiblity","AchievementEnabler","Act Like it!","Aspiration","BaseMod","Better Third Choice","Colored Map","Conspire","Curses Come First","Displayed Cursed Tome","Energized Spire","Force Act Four","GifTheSpireLib","Hermit","Highlight Path","JesterMod","Mad Scientist","Minty Spire (QoL Compilation)","Pale of the Ancients","Permanent Neow","Random Character Button","Relic Stats","Replay The Spire","Robot Space Explorer","Somnambulant","Spicy Shops","Spikes Relics","StSLib","Stuff the Spire","The Blue Laboratory","The Disciple","The Dragon Tamer","The Forsaken","The Gatherer","The Judge","The Jungle","The Marked","The Runesmith","The Servant 0.9.4","Uncapped"],"gold_per_floor":[116,127,147,160,176,176,191,223,223,261,261,279,297,317,317,396,396,430,430,44,44,69,69,100,100,153,153,153],"floor_reached":27,"playtime":1689,"items_purged":["jesterMod:Strike"],"score":411,"play_id":"7fb82ebe-055f-4ce7-936e-898bad2d6471","local_time":"20210107194105","is_ascension_mode":true,"campfire_choices":[{"data":"jesterMod:Schizophrenia","floor":6,"key":"SMITH"},{"floor":15,"key":"REST"},{"floor":23,"key":"REST"},{"floor":25,"key":"REST"}],"circlet_count":0,"master_deck":["AscendersBane","jesterMod:Strike","jesterMod:Strike","jesterMod:Sickle","jesterMod:Defend","jesterMod:Defend","jesterMod:Defend","jesterMod:Defend","jesterMod:Dodge","jesterMod:Tinker","jesterMod:Schizophrenia+1","jesterMod:Swiftness","jesterMod:Swiftness","jesterMod:Mending","jesterMod:Encore","jesterMod:HedgehogForm","jesterMod:SelfMockery","jesterMod:Pillage","StuffTheSpire:Harmony"],"relics":["Painkiller Herb","StuffTheSpire:PointBlank","Black Star","Regal Pillow","OrangePellets","Nunchaku","ZombieTooth","Anchor","Strawberry"],"acts_visited":["Exordium","TheCity"],"potions_floor_usage":[4,8,8,13,16,16,18],"damage_taken":[{"damage":3,"enemies":"2 Louse","floor":1,"turns":3},{"damage":0,"enemies":"Small Slimes","floor":2,"turns":3},{"damage":0,"enemies":"Jaw Worm","floor":3,"turns":3},{"damage":14,"enemies":"Gremlin Gang","floor":4,"turns":8},{"damage":5,"enemies":"2 Fungi Beasts","floor":5,"turns":5},{"damage":0,"enemies":"Blue Slaver","floor":7,"turns":6},{"damage":4,"enemies":"Lagavulin","floor":8,"turns":7},{"damage":10,"enemies":"conspire:MimicChest","floor":10,"turns":11},{"damage":0,"enemies":"Large Slime","floor":12,"turns":8},{"damage":6,"enemies":"Exordium Thugs","floor":13,"turns":9},{"damage":0,"enemies":"2 Fungi Beasts","floor":14,"turns":6},{"damage":27,"enemies":"The Guardian","floor":16,"turns":12},{"damage":28,"enemies":"conspire:FuzzyDice","floor":18,"turns":8},{"damage":56,"enemies":"conspire:Head Lice","floor":24,"turns":15},{"damage":22,"enemies":"Slavers","floor":27,"turns":3}],"seed_played":"3445766142531557574","potions_obtained":[{"floor":2,"key":"FearPotion"},{"floor":4,"key":"BlessingOfTheForge"},{"floor":5,"key":"blueLaboratory:FruitPunch"},{"floor":10,"key":"ColorlessPotion"},{"floor":12,"key":"blueLaboratory:Moonshine"},{"floor":13,"key":"LiquidMemories"},{"floor":14,"key":"blueLaboratory:ArtificerPotion"},{"floor":16,"key":"Explosive Potion"}],"is_trial":false,"path_per_floor":["?","?","?","?","?","T","?","E","T","?","?","?","?","?","T","B",null,"?","?","T","?","T","T","E","T","T","E"],"character_chosen":"THE_JESTER","items_purchased":["Regal Pillow","OrangePellets"],"campfire_rested":3,"item_purchase_floors":[20,20],"current_hp_per_floor":[60,60,60,46,41,41,41,39,39,29,29,29,23,23,44,17,58,30,30,30,30,30,66,13,49,56,37,37],"gold":153,"neow_bonus":"BOSS_RELIC","is_daily":false,"chose_seed":false,"campfire_upgraded":1,"win_rate":0.0,"timestamp":1610044865,"path_taken":["?","?","?","?","?","T","?","E","T","?","?","?","?","?","T","BOSS","?","?","T","?","?","T","E","T","T","E"],"items_purchased_type":["Relic","Relic"],"build_version":"2020-12-22","purchased_purges":1,"victory":false,"max_hp_per_floor":[70,70,70,70,70,70,70,72,72,72,72,72,72,72,72,72,72,72,72,72,72,72,72,72,72,79,79,79],"relic_stats":{"OrangePellets":[2],"Regal Pillow":30,"Nunchaku":[2],"counters":[15,107],"Black Star":1,"obtain_stats":[{"OrangePellets":20,"Regal Pillow":20,"Nunchaku":22,"ZombieTooth":24,"Anchor":24,"StuffTheSpire:HeavyRock":10,"Strawberry":26,"Painkiller Herb":0,"jesterMod:JesterCap":0,"StuffTheSpire:PointBlank":8,"Black Star":17},{"OrangePellets":13,"Regal Pillow":13,"Nunchaku":13,"ZombieTooth":14,"Anchor":14,"StuffTheSpire:HeavyRock":8,"Strawberry":14,"Painkiller Herb":0,"jesterMod:JesterCap":0,"StuffTheSpire:PointBlank":7,"Black Star":12},{"OrangePellets":89,"Regal Pillow":89,"Nunchaku":89,"ZombieTooth":104,"Anchor":104,"StuffTheSpire:HeavyRock":46,"Strawberry":104,"Painkiller Herb":0,"jesterMod:JesterCap":0,"StuffTheSpire:PointBlank":35,"Black Star":81}]},"card_choices":[{"not_picked":["jesterMod:Prankster","jesterMod:Patience"],"picked":"jesterMod:Tinker","floor":1},{"not_picked":["jesterMod:Arrythmia","jesterMod:Twirl"],"picked":"jesterMod:Schizophrenia","floor":2},{"not_picked":["jesterMod:QuickStrike","jesterMod:HitAndRun","jesterMod:Precipitation"],"picked":"SKIP","floor":3},{"not_picked":["jesterMod:Pause","jesterMod:SmokeScreen"],"picked":"jesterMod:Swiftness","floor":4},{"not_picked":["jesterMod:Feint","jesterMod:Patience","jesterMod:Discretion"],"picked":"SKIP","floor":5},{"not_picked":["jesterMod:Drunkenness","jesterMod:Rebuff"],"picked":"jesterMod:Swiftness","floor":7},{"not_picked":["jesterMod:JackInTheBox","jesterMod:Precipitation"],"picked":"jesterMod:Mending","floor":8},{"not_picked":["jesterMod:Feint","jesterMod:JugglerBlade","jesterMod:OblivionStrike"],"picked":"SKIP","floor":12},{"not_picked":["jesterMod:Frenzy","jesterMod:QuickStrike"],"picked":"jesterMod:HedgehogForm","floor":13},{"not_picked":["jesterMod:TrickyDodge","jesterMod:RecklessStrike"],"picked":"jesterMod:SelfMockery","floor":14},{"not_picked":["jesterMod:Leeches","jesterMod:ExperimentalTreatment"],"picked":"jesterMod:Pillage","floor":16},{"not_picked":["jesterMod:Hide","jesterMod:Anticipation","jesterMod:Rebuff+1"],"picked":"SKIP","floor":18},{"not_picked":["StuffTheSpire:Vigor","StuffTheSpire:Brawn"],"picked":"StuffTheSpire:Harmony","floor":19},{"not_picked":["jesterMod:Trance","jesterMod:Feint","jesterMod:Patience"],"picked":"SKIP","floor":24}],"player_experience":1901127,"relics_obtained":[{"floor":8,"key":"StuffTheSpire:PointBlank"},{"floor":10,"key":"StuffTheSpire:HeavyRock"},{"floor":22,"key":"Nunchaku"},{"floor":24,"key":"ZombieTooth"},{"floor":24,"key":"Anchor"},{"floor":26,"key":"Strawberry"}],"event_choices":[{"damage_healed":0,"gold_gain":0,"cards_transformed":["jesterMod:Strike"],"player_choice":"Transformed","damage_taken":0,"max_hp_gain":0,"max_hp_loss":0,"event_name":"Transmorgrifier","floor":11,"gold_loss":0,"cards_obtained":["jesterMod:Encore"]}],"is_beta":false,"boss_relics":[{"not_picked":["Calling Bell","Runic Pyramid"],"picked":"Black Star"}],"items_purged_floors":[20],"is_endless":false,"potions_floor_spawned":[2,4,5,10,12,13,14,16],"killed_by":"Slavers","ascension_level":15}}