{"host":"p6s16n2sj7zvsuor","time":1610052069,"event":{"mods":["BaseMod","Minty Spire (QoL Compilation)"],"gold_per_floor":[13,13,88,98,108,108,126,126,149,169,200,200,54,54,54,150,150,167,267,277,90,104,104,135,135,135,135,145,162,162,181,181,280,280,293,293,308,320,52,52,1,53,101,114,114,142,142,173,173,173,173],"floor_reached":50,"playtime":2642,"items_purged":["Strike_G","Strike_G","Strike_G"],"score":709,"play_id":"141e2d37-6bb3-435b-978f-f7a320956f96","local_time":"20210107224109","is_ascension_mode":true,"campfire_choices":[{"data":"Neutralize","floor":6,"key":"SMITH"},{"data":"Deadly Poison","floor":8,"key":"SMITH"},{"data":"Deadly Poison","floor":12,"key":"SMITH"},{"data":"Noxious Fumes","floor":15,"key":"SMITH"},{"data":"Corpse Explosion","floor":23,"key":"SMITH"},{"data":"Deep Breath","floor":27,"key":"SMITH"},{"data":"Leg Sweep","floor":30,"key":"SMITH"},{"data":"Deflect","floor":32,"key":"SMITH"},{"data":"Burst","floor":40,"key":"SMITH"},{"floor":45,"key":"REST"},{"floor":47,"key":"RECALL"},{"data":"Deadly Poison","floor":49,"key":"SMITH"}],"circlet_count":0,"master_deck":["Strike_G","Defend_G","Defend_G","Defend_G","Defend_G","Defend_G","Survivor","Neutralize+1","Deadly Poison+1","Backflip","Deadly Poison+1","Deflect+1","Deflect","Prepared","Noxious Fumes+1","Corpse Explosion+1","Poisoned Stab+1","Deep Breath+1","Backflip","Parasite","Leg Sweep+1","Acrobatics+1","Burst+1","Deadly Poison+1","Writhe"],"relics":["Ring of the Snake","StoneCalendar","Toy Ornithopter","Bag of Marbles","CaptainsWheel","Cursed Key","Centennial Puzzle","Pantograph","Busted Crown","Oddly Smooth Stone","Calipers","Eternal Feather","Letter Opener"],"acts_visited":["Exordium","TheCity","TheBeyond"],"potions_floor_usage":[10,10,24,37,42,50],"damage_taken":[{"damage":0,"enemies":"Jaw Worm","floor":1,"turns":5},{"damage":2,"enemies":"Small Slimes","floor":4,"turns":5},{"damage":1,"enemies":"Cultist","floor":5,"turns":4},{"damage":2,"enemies":"Red Slaver","floor":7,"turns":4},{"damage":9,"enemies":"Exordium Wildlife","floor":10,"turns":4},{"damage":15,"enemies":"Lagavulin","floor":11,"turns":7},{"damage":9,"enemies":"Hexaghost","floor":16,"turns":9},{"damage":7,"enemies":"2 Thieves","floor":18,"turns":4},{"damage":0,"enemies":"Shell Parasite","floor":20,"turns":5},{"damage":3,"enemies":"Centurion and Healer","floor":22,"turns":4},{"damage":7,"enemies":"Slavers","floor":24,"turns":3},{"damage":3,"enemies":"Shelled Parasite and Fungi","floor":28,"turns":4},{"damage":19,"enemies":"Snake Plant","floor":29,"turns":3},{"damage":11,"enemies":"Sentry and Sphere","floor":31,"turns":3},{"damage":37,"enemies":"Collector","floor":33,"turns":9},{"damage":3,"enemies":"Orb Walker","floor":35,"turns":3},{"damage":28,"enemies":"3 Shapes","floor":37,"turns":5},{"damage":10,"enemies":"Maw","floor":38,"turns":6},{"damage":0,"enemies":"2 Orb Walkers","floor":42,"turns":4},{"damage":15,"enemies":"Transient","floor":44,"turns":5},{"damage":24,"enemies":"Giant Head","floor":46,"turns":9},{"damage":9,"enemies":"Nemesis","floor":48,"turns":7},{"damage":77,"enemies":"Awakened One","floor":50,"turns":13}],"seed_played":"7933311629218775945","potions_obtained":[{"floor":1,"key":"Poison Potion"},{"floor":4,"key":"Weak Potion"},{"floor":11,"key":"Dexterity Potion"},{"floor":16,"key":"SpeedPotion"},{"floor":18,"key":"DistilledChaos"},{"floor":33,"key":"Swift Potion"},{"floor":38,"key":"DistilledChaos"},{"floor":48,"key":"PowerPotion"}],"is_trial":false,"path_per_floor":["M","?","?","M","M","R","M","R","T","M","E","R","$","T","R","B",null,"M","?","M","$","M","R","E","?","T","R","M","M","R","M","R","B",null,"M","?","M","M","$","R","$","?","T","M","R","E","R","E","R","B"],"character_chosen":"THE_SILENT","items_purchased":["Noxious Fumes","Deep Breath","Oddly Smooth Stone","Deadly Poison"],"campfire_rested":1,"item_purchase_floors":[13,21,39,41],"current_hp_per_floor":[63,63,56,54,53,53,51,51,51,52,37,37,37,37,37,28,60,53,53,53,53,50,50,48,48,48,48,45,26,26,15,15,3,53,50,70,42,32,32,32,32,37,37,22,43,19,34,25,40,0,0],"gold":173,"neow_bonus":"ONE_RARE_RELIC","is_daily":false,"chose_seed":false,"campfire_upgraded":10,"win_rate":0.0,"timestamp":1610052069,"path_taken":["M","?","?","M","M","R","?","R","T","M","E","R","?","?","R","BOSS","M","?","M","$","?","R","E","?","T","R","M","M","R","M","R","BOSS","M","?","M","M","?","R","$","?","T","M","R","E","R","E","R","BOSS"],"items_purchased_type":["Card","Card","Relic","Card"],"build_version":"2020-12-22","purchased_purges":3,"victory":false,"max_hp_per_floor":[70,70,70,70,70,70,70,70,70,70,70,70,70,70,70,70,70,70,70,70,70,70,70,70,70,70,70,70,70,70,70,70,70,70,70,70,70,70,70,70,70,70,70,70,70,70,70,70,70,70,70],"card_choices":[{"not_picked":["Setup","Masterful Stab"],"picked":"Deadly Poison","floor":1},{"not_picked":["Dash","Acrobatics"],"picked":"Backflip","floor":4},{"not_picked":["Slice","Heel Hook"],"picked":"Deadly Poison","floor":5},{"not_picked":["Caltrops","Eviscerate"],"picked":"Deflect","floor":7},{"not_picked":["Riddle With Holes","Acrobatics"],"picked":"Deflect","floor":10},{"not_picked":["Outmaneuver","Dagger Throw"],"picked":"Prepared","floor":11},{"not_picked":["Bullet Time","Adrenaline"],"picked":"Corpse Explosion","floor":16},{"not_picked":["Concentrate","Outmaneuver"],"picked":"Poisoned Stab+1","floor":18},{"not_picked":["Cloak And Dagger","Calculated Gamble","All Out Attack"],"picked":"SKIP","floor":20},{"not_picked":["Prepared","PiercingWail+1","Predator"],"picked":"SKIP","floor":22},{"not_picked":["Predator","Underhanded Strike","All Out Attack"],"picked":"SKIP","floor":24},{"not_picked":["Underhanded Strike+1","Calculated Gamble","PiercingWail"],"picked":"SKIP","floor":28},{"not_picked":["Deflect","PiercingWail"],"picked":"Leg Sweep","floor":29},{"not_picked":["Leg Sweep","Dagger Throw"],"picked":"Acrobatics+1","floor":31},{"not_picked":["Grand Finale","Adrenaline"],"picked":"Burst","floor":33},{"not_picked":["Sucker Punch"],"picked":"SKIP","floor":35},{"not_picked":["Accuracy+1"],"picked":"SKIP","floor":37},{"not_picked":["All Out Attack"],"picked":"SKIP","floor":38},{"not_picked":["Heel Hook"],"picked":"SKIP","floor":44},{"not_picked":["A Thousand Cuts"],"picked":"SKIP","floor":46},{"not_picked":["Underhanded Strike+1"],"picked":"SKIP","floor":48}],"player_experience":784139,"relics_obtained":[{"floor":9,"key":"Toy Ornithopter"},{"floor":11,"key":"Bag of Marbles"},{"floor":14,"key":"CaptainsWheel"},{"floor":24,"key":"Centennial Puzzle"},{"floor":26,"key":"Pantograph"},{"floor":42,"key":"Calipers"},{"floor":46,"key":"Eternal Feather"},{"floor":48,"key":"Letter Opener"}],"event_choices":[{"cards_removed":["Strike_G"],"damage_healed":0,"gold_gain":0,"player_choice":"Forget","damage_taken":0,"max_hp_gain":0,"max_hp_loss":0,"event_name":"Living Wall","floor":2,"gold_loss":0},{"damage_healed":0,"gold_gain":75,"player_choice":"Touch","damage_taken":7,"max_hp_gain":0,"max_hp_loss":0,"event_name":"FaceTrader","floor":3,"gold_loss":0},{"damage_healed":0,"gold_gain":100,"player_choice":"Pray","damage_taken":0,"max_hp_gain":0,"max_hp_loss":0,"event_name":"Golden Shrine","floor":19,"gold_loss":0},{"damage_healed":0,"gold_gain":0,"player_choice":"Read","damage_taken":0,"max_hp_gain":0,"max_hp_loss":0,"event_name":"The Library","floor":25,"gold_loss":0,"cards_obtained":["Backflip"]},{"damage_healed":20,"gold_gain":0,"player_choice":"Full Heal","damage_taken":0,"max_hp_gain":0,"max_hp_loss":0,"event_name":"Wheel of Change","floor":36,"gold_loss":0},{"damage_healed":0,"gold_gain":0,"player_choice":"Fight","damage_taken":0,"max_hp_gain":0,"max_hp_loss":0,"event_name":"Mysterious Sphere","floor":42,"gold_loss":0}],"is_beta":false,"boss_relics":[{"not_picked":["Ectoplasm","Calling Bell"],"picked":"Cursed Key"},{"not_picked":["Fusion Hammer","Runic Dome"],"picked":"Busted Crown"}],"items_purged_floors":[13,21,39],"is_endless":false,"potions_floor_spawned":[1,4,11,16,18,22,33,35,38,48],"killed_by":"Awakened One","ascension_level":6}}