{"host":"0tiuc76yumknr6qf","time":1610048380,"event":{"mods":["BaseMod","Downfall","Highlight Path","Minty Spire (QoL Compilation)","StSLib"],"gold_per_floor":[99,116,127,137,137,62,86,86,86,103,131,142,159,170,187,187,187,187],"floor_reached":16,"playtime":999,"items_purged":[],"score":96,"play_id":"a18fff92-5247-4efb-aac3-784f05a6b261","local_time":"20210107133940","is_ascension_mode":false,"campfire_choices":[{"floor":1,"key":"RECALL"},{"data":"champ:Execute","floor":6,"key":"SMITH"},{"data":"champ:Taunt","floor":8,"key":"SMITH"}],"circlet_count":0,"master_deck":["champ:Strike","champ:Strike","champ:Strike","champ:Strike","champ:Defend","champ:Defend","champ:Defend","champ:Defend","champ:Execute+1","champ:Taunt+1","champ:IronFortress","champ:EndlessRage","champ:FocusedBerserking","champ:GladiatorsShout","champ:ShieldThrow","champ:FightOn","champ:RecklessLeap","champ:Haymaker","champ:Lariat"],"relics":["champ:ChampionCrown","champ:LiftRelic","downfall:HeartBlessingRed","Lantern","Akabeko","Odd Mushroom"],"acts_visited":["Exordium"],"potions_floor_usage":[14,14,16,16],"damage_taken":[{"damage":15,"enemies":"Cultist","floor":2,"turns":5},{"damage":7,"enemies":"2 Louse","floor":3,"turns":3},{"damage":5,"enemies":"Small Slimes","floor":4,"turns":5},{"damage":5,"enemies":"3 Louse","floor":10,"turns":2},{"damage":27,"enemies":"The Mushroom Lair","floor":11,"turns":6},{"damage":5,"enemies":"Blue Slaver","floor":12,"turns":2},{"damage":12,"enemies":"Exordium Wildlife","floor":13,"turns":5},{"damage":32,"enemies":"Exordium Thugs","floor":14,"turns":4},{"damage":0,"enemies":"3 Louse","floor":15,"turns":2},{"damage":40,"enemies":"downfall:Silent","floor":16,"turns":6}],"seed_played":"4764532992556512352","potions_obtained":[{"floor":2,"key":"EntropicBrew"},{"floor":3,"key":"Regen Potion"}],"is_trial":false,"path_per_floor":["R","M","M","M","?","R","T","R","?","M","?","M","M","M","M","B"],"character_chosen":"THE_CHAMP","items_purchased":[],"campfire_rested":0,"item_purchase_floors":[],"current_hp_per_floor":[99,94,92,92,92,92,92,92,85,85,63,63,56,38,38,0,0,0],"gold":187,"neow_bonus":"TEN_PERCENT_HP_BONUS","is_daily":false,"chose_seed":false,"campfire_upgraded":2,"win_rate":0.0,"timestamp":1610048380,"path_taken":["R","M","M","M","?","R","T","R","?","M","?","M","M","M","M","BOSS"],"items_purchased_type":[],"build_version":"2020-12-22","purchased_purges":0,"victory":false,"max_hp_per_floor":[99,99,99,99,99,99,99,99,99,99,99,99,99,99,99,99,99,99],"card_choices":[{"not_picked":["champ:AdrenalArmor","champ:DefensiveStyle"],"picked":"champ:IronFortress","floor":2},{"not_picked":["champ:BladeFlurry","champ:FlashCut"],"picked":"champ:EndlessRage","floor":3},{"not_picked":["champ:BladeFlurry","champ:CalledShot"],"picked":"champ:FocusedBerserking","floor":4},{"not_picked":["champ:PerfectedStrike","champ:StanceDance"],"picked":"champ:GladiatorsShout","floor":10},{"not_picked":["champ:BringItOn","champ:DefensiveShout"],"picked":"champ:ShieldThrow","floor":11},{"not_picked":["champ:Backstep","champ:Circumvent"],"picked":"champ:FightOn","floor":12},{"not_picked":["champ:AdrenalArmor","champ:ViciousMockery"],"picked":"champ:RecklessLeap","floor":13},{"not_picked":["champ:FlashCut","champ:Circumvent"],"picked":"champ:Haymaker","floor":14},{"not_picked":["champ:BerserkersShout","champ:GutPunch"],"picked":"champ:Lariat","floor":15}],"player_experience":1954493,"relics_obtained":[{"floor":7,"key":"Lantern"},{"floor":11,"key":"Odd Mushroom"}],"event_choices":[{"damage_healed":0,"gold_gain":0,"player_choice":"Success","damage_taken":7,"relics_obtained":["Akabeko"],"max_hp_gain":0,"max_hp_loss":0,"event_name":"Scrap Ooze","floor":9,"gold_loss":0},{"damage_healed":0,"gold_gain":0,"player_choice":"Fought Mushrooms","damage_taken":0,"max_hp_gain":0,"max_hp_loss":0,"event_name":"Mushrooms","floor":11,"gold_loss":0}],"is_beta":false,"boss_relics":[],"items_purged_floors":[],"is_endless":false,"potions_floor_spawned":[2,3,15],"killed_by":"downfall:Silent","ascension_level":0}}