{"host":"hgkb2zpbo2dcws21","time":1610028752,"event":{"mods":["AchievementEnabler","BaseMod","Colored Map","Colored Powertips","Custom Start","DeckTracker","KOR Keyword Fix","Minty Spire (QoL Compilation)","Relic Stats","StSLib","SuperFastMode"],"gold_per_floor":[359,359,359,374,386,386,311,34,34,34,34,66,66,96,96,171,171,183,183,193,212,212,212],"floor_reached":22,"playtime":424,"items_purged":["Strike_P","Defend_P"],"score":401,"play_id":"63349514-e165-4e04-8548-77fed06ac087","local_time":"20210107231232","is_ascension_mode":true,"campfire_choices":[{"data":"Vigilance","floor":6.0,"key":"SMITH"},{"data":"ConjureBlade","floor":11.0,"key":"SMITH"},{"floor":15,"key":"REST"}],"circlet_count":0,"master_deck":["AscendersBane","Strike_P","Strike_P","Defend_P","Defend_P","Defend_P","Eruption+1","Vigilance+1","Sanctity+1","Consecrate","Prostrate","ConjureBlade+1","Swivel","FearNoEvil+1","Brilliance+1","EmptyFist+1","MasterReality"],"relics":["PureWater","Molten Egg 2","Blue Candle","Incense Burner","Cursed Key"],"acts_visited":["Exordium","TheCity"],"potions_floor_usage":[14],"damage_taken":[{"damage":0.0,"enemies":"Jaw Worm","floor":1.0,"turns":4.0},{"damage":0.0,"enemies":"2 Louse","floor":4.0,"turns":3.0},{"damage":1.0,"enemies":"Cultist","floor":5.0,"turns":4.0},{"damage":0.0,"enemies":"Lagavulin","floor":12.0,"turns":4.0},{"damage":43,"enemies":"Gremlin Nob","floor":14,"turns":5},{"damage":2,"enemies":"Slime Boss","floor":16,"turns":5},{"damage":27,"enemies":"Chosen","floor":18,"turns":8},{"damage":11,"enemies":"Spheric Guardian","floor":20,"turns":3},{"damage":13,"enemies":"Snake Plant","floor":21,"turns":4},{"damage":1,"enemies":"Centurion and Healer","floor":22,"turns":3}],"seed_played":"7161884385579437564","potions_obtained":[{"floor":1.0,"key":"Weak Potion"},{"floor":12.0,"key":"Swift Potion"},{"floor":14,"key":"Explosive Potion"},{"floor":18,"key":"Strength Potion"}],"is_trial":false,"path_per_floor":["M","?","?","M","M","R","$","$","T","?","R","E","?","E","R","B",null,"M","?","M","M","M"],"character_chosen":"WATCHER","items_purchased":["Prostrate","ConjureBlade"],"campfire_rested":1,"item_purchase_floors":[8,8],"current_hp_per_floor":[61,61,61,61,60,60,60,60,60,65,65,65,58,15,35,33,59,32,32,21,8,7,7],"gold":212,"neow_bonus":"TWO_FIFTY_GOLD","is_daily":false,"chose_seed":false,"campfire_upgraded":2,"win_rate":0.0,"timestamp":1610028752,"path_taken":["M","?","?","?","M","R","?","$","T","?","R","E","?","E","R","BOSS","M","?","M","M","?"],"items_purchased_type":["Card","Card"],"build_version":"2020-12-22","purchased_purges":2,"victory":false,"max_hp_per_floor":[62,62,62,62,62,62,62,62,62,67,67,67,67,67,67,67,67,67,67,67,67,67,67],"relic_stats":{"counters":[10,43],"Blue Candle":[0],"Cursed Key":0,"obtain_stats":[{"Blue Candle":12,"Molten Egg 2":9,"Incense Burner":14,"PureWater":0,"Cursed Key":17},{"Blue Candle":4,"Molten Egg 2":3,"Incense Burner":5,"PureWater":0,"Cursed Key":6},{"Blue Candle":15,"Molten Egg 2":11,"Incense Burner":20,"PureWater":0,"Cursed Key":25}]},"card_choices":[{"not_picked":["PathToVictory","Protect"],"picked":"Sanctity","floor":1.0},{"not_picked":["Perseverance","Collect"],"picked":"Consecrate","floor":4.0},{"not_picked":["Halt","Crescendo","FlurryOfBlows"],"picked":"SKIP","floor":5.0},{"not_picked":["CarveReality+1","Sanctity"],"picked":"Swivel","floor":12.0},{"not_picked":["JustLucky+1","ConjureBlade"],"picked":"FearNoEvil+1","floor":14},{"not_picked":["Blasphemy","Omniscience"],"picked":"Brilliance+1","floor":16},{"not_picked":["Wireheading","ClearTheMind"],"picked":"EmptyFist+1","floor":18},{"not_picked":["SashWhip+1","FollowUp+1"],"picked":"MasterReality","floor":20},{"not_picked":["Nirvana+1","Evaluate+1","Sanctity"],"picked":"SKIP","floor":21}],"player_experience":1132585,"relics_obtained":[{"floor":9.0,"key":"Molten Egg 2"},{"floor":12.0,"key":"Blue Candle"},{"floor":14,"key":"Incense Burner"}],"event_choices":[{"damage_healed":0.0,"max_hp_gain":0.0,"max_hp_loss":0.0,"gold_gain":0.0,"event_name":"Living Wall","player_choice":"Grow","floor":2.0,"gold_loss":0.0,"damage_taken":0.0,"cards_upgraded":["Eruption"]},{"damage_healed":0.0,"max_hp_gain":0.0,"max_hp_loss":0.0,"gold_gain":0.0,"event_name":"Upgrade Shrine","player_choice":"Upgraded","floor":3.0,"gold_loss":0.0,"damage_taken":0.0,"cards_upgraded":["Sanctity"]},{"damage_healed":0.0,"max_hp_gain":5.0,"max_hp_loss":0.0,"gold_gain":0.0,"event_name":"Big Fish","player_choice":"Donut","floor":10.0,"gold_loss":0.0,"damage_taken":0.0},{"cards_removed":["Strike_P"],"damage_healed":0.0,"max_hp_gain":0.0,"max_hp_loss":0.0,"gold_gain":0.0,"event_name":"Golden Wing","player_choice":"Card Removal","floor":13.0,"gold_loss":0.0,"damage_taken":7.0},{"damage_healed":0,"gold_gain":0,"player_choice":"Ignored","damage_taken":0,"max_hp_gain":0,"max_hp_loss":0,"event_name":"N\u0027loth","floor":19,"gold_loss":0}],"is_beta":false,"boss_relics":[{"not_picked":["Pandora\u0027s Box","Philosopher\u0027s Stone"],"picked":"Cursed Key"}],"items_purged_floors":[7,8],"is_endless":false,"potions_floor_spawned":[1,12,14,18,21],"killed_by":"Centurion and Healer","ascension_level":17}}