{"host":"x3q4ieql2tr7v8o6","time":1610027598,"event":{"mods":["BaseMod","Better Altar","Better Note","Better Sensory Stone","Better Skull","Better Third Choice","Colored Map","Minty Spire (QoL Compilation)","StSLib"],"gold_per_floor":[110,90,104,116,182,211,227,227,227,240,240,240,85,103,103,177,177,193,193,193,208,225,225,27,73,150,185,185,196,196,206,206,283,283,301,16,31,46,66,66,92,117,142,142,417,29,54,84,96,108,108],"floor_reached":50,"playtime":1753,"items_purged":["Strike_G","Regret"],"score":1011,"play_id":"196e3769-9a33-40d4-b3e6-b99c4b6bcdbe","local_time":"20210107135318","is_ascension_mode":true,"campfire_choices":[{"floor":8,"key":"REST"},{"data":"Bouncing Flask","floor":12,"key":"SMITH"},{"data":"Choke","floor":15,"key":"SMITH"},{"floor":23,"key":"REST"},{"floor":28,"key":"REST"},{"data":"After Image","floor":30,"key":"SMITH"},{"data":"Terror","floor":32,"key":"SMITH"},{"floor":40,"key":"REST"},{"data":"Apotheosis","floor":44,"key":"SMITH"},{"data":"Footwork","floor":49,"key":"SMITH"}],"circlet_count":0,"master_deck":["AscendersBane","Strike_G","Strike_G","Strike_G","Strike_G","Defend_G","Defend_G","Defend_G","Defend_G","Defend_G","Survivor","Neutralize","Backstab","Choke+1","Backstab","Flying Knee","Distraction","Bouncing Flask+1","Sucker Punch","After Image+1","Noxious Fumes","Panacea","Magnetism","Footwork+1","Terror+1","Cloak And Dagger","Predator","Blade Dance","Slice","Envenom","PiercingWail","Apotheosis+1","Cloak And Dagger","Acrobatics+1","Bane+1","Blur","Deadly Poison","Finisher","Catalyst+1"],"relics":["Ring of the Snake","NeowsBlessing","Unceasing Top","Blue Candle","HornCleat","Regal Pillow","WristBlade","Meat on the Bone","Lantern","MealTicket","Kunai","Busted Crown","Ancient Tea Set","Gambling Chip","Bag of Marbles","Snake Skull","MawBank"],"acts_visited":["Exordium","TheCity","TheBeyond"],"potions_floor_usage":[16,22,27,33,38,42,47,50],"damage_taken":[{"damage":0,"enemies":"Small Slimes","floor":1,"turns":1},{"damage":0,"enemies":"Cultist","floor":3,"turns":1},{"damage":0,"enemies":"2 Louse","floor":4,"turns":1},{"damage":32,"enemies":"3 Sentries","floor":6,"turns":10},{"damage":4,"enemies":"Large Slime","floor":7,"turns":5},{"damage":1,"enemies":"Red Slaver","floor":10,"turns":3},{"damage":1,"enemies":"Looter","floor":14,"turns":2},{"damage":18,"enemies":"Slime Boss","floor":16,"turns":9},{"damage":6,"enemies":"Chosen","floor":18,"turns":4},{"damage":20,"enemies":"Spheric Guardian","floor":21,"turns":5},{"damage":34,"enemies":"Snake Plant","floor":22,"turns":3},{"damage":43,"enemies":"Slavers","floor":25,"turns":10},{"damage":17,"enemies":"3 Cultists","floor":27,"turns":7},{"damage":0,"enemies":"Shelled Parasite and Fungi","floor":29,"turns":3},{"damage":10,"enemies":"Snecko","floor":31,"turns":4},{"damage":39,"enemies":"Automaton","floor":33,"turns":11},{"damage":22,"enemies":"3 Darklings","floor":35,"turns":5},{"damage":5,"enemies":"Orb Walker","floor":37,"turns":3},{"damage":23,"enemies":"Transient","floor":38,"turns":5},{"damage":27,"enemies":"Maw","floor":39,"turns":7},{"damage":18,"enemies":"Giant Head","floor":41,"turns":7},{"damage":0,"enemies":"Mind Bloom Boss Battle","floor":42,"turns":5},{"damage":1,"enemies":"Reptomancer","floor":47,"turns":5},{"damage":4,"enemies":"4 Shapes","floor":48,"turns":7},{"damage":54,"enemies":"Time Eater","floor":50,"turns":6}],"seed_played":"-7509442828632086820","potions_obtained":[{"floor":2,"key":"Strength Potion"},{"floor":3,"key":"SpeedPotion"},{"floor":7,"key":"Poison Potion"},{"floor":21,"key":"GamblersBrew"},{"floor":25,"key":"Energy Potion"},{"floor":27,"key":"ColorlessPotion"},{"floor":35,"key":"Explosive Potion"},{"floor":39,"key":"Energy Potion"},{"floor":42,"key":"Swift Potion"},{"floor":47,"key":"Fire Potion"}],"is_trial":false,"path_per_floor":["M","?","M","M","?","E","M","R","T","M","?","R","$","M","R","B",null,"M","?","?","M","M","R","$","E","T","M","R","M","R","M","R","B",null,"M","$","M","M","M","R","E","?","T","R","?","$","E","M","R","B"],"character_chosen":"THE_SILENT","items_purchased":["Regal Pillow","Cloak And Dagger","Lantern","Apotheosis","Cloak And Dagger","Snake Skull","Finisher","DistilledChaos"],"campfire_rested":4,"item_purchase_floors":[13,24,24,36,36,46,46,46],"current_hp_per_floor":[59,59,59,59,59,27,23,42,42,41,41,41,41,40,40,22,55,49,49,49,41,19,53,53,22,22,17,51,51,51,41,41,14,53,43,58,53,42,27,61,43,43,43,43,43,58,57,53,53,0,0],"gold":108,"neow_bonus":"THREE_ENEMY_KILL","is_daily":false,"chose_seed":false,"campfire_upgraded":6,"win_rate":0.0,"timestamp":1610027598,"path_taken":["M","?","M","?","?","E","M","R","T","M","?","R","$","M","R","BOSS","M","?","?","M","?","R","?","E","T","M","R","M","R","M","R","BOSS","M","$","M","M","M","R","E","?","T","R","?","$","E","?","R","BOSS"],"items_purchased_type":["Relic","Card","Relic","Card","Card","Relic","Card","Potion"],"build_version":"2020-12-22","purchased_purges":2,"victory":false,"max_hp_per_floor":[66,66,66,66,66,66,66,66,66,66,66,66,66,66,66,66,66,66,66,66,66,66,66,66,66,66,66,66,66,66,66,66,66,66,66,66,66,66,66,66,66,66,66,66,66,66,66,66,66,66,66],"card_choices":[{"not_picked":["Underhanded Strike","Flechettes"],"picked":"Backstab","floor":1},{"not_picked":["Poisoned Stab","PiercingWail"],"picked":"Choke","floor":3},{"not_picked":["Distraction","PiercingWail"],"picked":"Backstab","floor":4},{"not_picked":["Distraction","Quick Slash"],"picked":"Flying Knee","floor":6},{"not_picked":["Well Laid Plans","Prepared"],"picked":"Distraction","floor":7},{"not_picked":["All Out Attack","Expertise"],"picked":"Bouncing Flask","floor":10},{"not_picked":["Slice","All Out Attack"],"picked":"Sucker Punch","floor":14},{"not_picked":["Doppelganger","Night Terror"],"picked":"After Image","floor":16},{"not_picked":["Setup","Cloak And Dagger"],"picked":"Noxious Fumes","floor":18},{"not_picked":["HandOfGreed","Deep Breath"],"picked":"Panacea","floor":19},{"not_picked":["Purity","Finesse"],"picked":"Magnetism","floor":19},{"not_picked":["Tactician","Dagger Throw"],"picked":"Footwork","floor":21},{"not_picked":["Leg Sweep","Deflect+1"],"picked":"Terror","floor":22},{"not_picked":["Tools of the Trade","Dodge and Roll"],"picked":"Predator","floor":25},{"not_picked":["Flying Knee","Slice"],"picked":"Blade Dance","floor":27},{"not_picked":["Outmaneuver","Sucker Punch","Flying Knee"],"picked":"SKIP","floor":29},{"not_picked":["Tactician","Dash"],"picked":"Slice","floor":31},{"not_picked":["Unload","Night Terror"],"picked":"Envenom","floor":33},{"not_picked":[],"picked":"PiercingWail","floor":35},{"not_picked":[],"picked":"Acrobatics+1","floor":37},{"not_picked":[],"picked":"Bane+1","floor":38},{"not_picked":[],"picked":"Blur","floor":39},{"not_picked":[],"picked":"Deadly Poison","floor":41},{"not_picked":[],"picked":"Catalyst+1","floor":47},{"not_picked":["Underhanded Strike"],"picked":"SKIP","floor":48}],"player_experience":705923,"relics_obtained":[{"floor":6,"key":"Unceasing Top"},{"floor":9,"key":"Blue Candle"},{"floor":20,"key":"Meat on the Bone"},{"floor":25,"key":"MealTicket"},{"floor":26,"key":"Kunai"},{"floor":41,"key":"Ancient Tea Set"},{"floor":42,"key":"Gambling Chip"},{"floor":43,"key":"Bag of Marbles"},{"floor":47,"key":"MawBank"}],"event_choices":[{"damage_healed":0,"gold_gain":0,"player_choice":"Bought 1 Potion","damage_taken":0,"max_hp_gain":0,"max_hp_loss":0,"event_name":"The Woman in Blue","floor":2,"gold_loss":0},{"damage_healed":0,"gold_gain":66,"player_choice":"Gained Gold","damage_taken":0,"max_hp_gain":0,"max_hp_loss":0,"event_name":"Golden Wing","floor":5,"gold_loss":0},{"damage_healed":0,"gold_gain":0,"player_choice":"Gave Potion","damage_taken":0,"relics_obtained":["HornCleat"],"max_hp_gain":0,"max_hp_loss":0,"event_name":"WeMeetAgain","floor":11,"gold_loss":0},{"damage_healed":0,"gold_gain":2,"player_choice":"1","damage_taken":0,"max_hp_gain":0,"max_hp_loss":0,"event_name":"betterStone:BetterStone","floor":19,"gold_loss":0},{"damage_healed":0,"gold_gain":0,"player_choice":"Relic","damage_taken":0,"max_hp_gain":0,"max_hp_loss":0,"event_name":"Wheel of Change","floor":20,"gold_loss":0},{"damage_healed":0,"gold_gain":0,"player_choice":"Fight","damage_taken":0,"max_hp_gain":0,"max_hp_loss":0,"event_name":"MindBloom","floor":42,"gold_loss":0},{"damage_healed":0,"gold_gain":275,"player_choice":"Desecrate","damage_taken":0,"max_hp_gain":0,"max_hp_loss":0,"event_name":"Golden Shrine","floor":45,"gold_loss":0,"cards_obtained":["Regret"]}],"is_beta":false,"boss_relics":[{"not_picked":["Astrolabe","Fusion Hammer"],"picked":"WristBlade"},{"not_picked":["Cursed Key","Runic Pyramid"],"picked":"Busted Crown"}],"items_purged_floors":[36,46],"is_endless":false,"potions_floor_spawned":[3,7,10,21,25,27,35,39,42,47,48],"killed_by":"Time Eater","ascension_level":15}}