{"host":"daa8jqyg4gqfaysm","time":1610018837,"event":{"mods":["BaseMod","Colored Powertips","Minty Spire (QoL Compilation)","StSLib"],"gold_per_floor":[114,131,96,96,114,114,129,129,129,129,154,154,172,172,172],"floor_reached":14,"playtime":359,"items_purged":[],"score":180,"play_id":"6b0e908c-c901-4965-b49b-86fc1a4b4634","local_time":"20210107192717","is_ascension_mode":true,"campfire_choices":[{"data":"Dagger Spray","floor":6,"key":"SMITH"},{"data":"Bouncing Flask","floor":8,"key":"SMITH"},{"floor":12,"key":"REST"}],"circlet_count":0,"master_deck":["AscendersBane","Strike_G","Strike_G","Strike_G","Strike_G+1","Defend_G","Defend_G","Defend_G","Defend_G","Defend_G","Survivor","Neutralize","Dagger Spray+1","Bouncing Flask+1","Acrobatics+1","Deadly Poison","Caltrops"],"relics":["Sozu","Unceasing Top","StoneCalendar"],"acts_visited":["Exordium"],"potions_floor_usage":[],"damage_taken":[{"damage":3,"enemies":"2 Louse","floor":1,"turns":4},{"damage":1,"enemies":"Small Slimes","floor":2,"turns":4},{"damage":4,"enemies":"Jaw Worm","floor":5,"turns":5},{"damage":4,"enemies":"3 Louse","floor":7,"turns":4},{"damage":27,"enemies":"Gremlin Nob","floor":11,"turns":4},{"damage":10,"enemies":"Lots of Slimes","floor":13,"turns":3},{"damage":17,"enemies":"Lagavulin","floor":14,"turns":3}],"seed_played":"8911480836540527297","potions_obtained":[],"is_trial":false,"path_per_floor":["M","M","?","?","M","R","M","R","T","?","E","R","M","E"],"character_chosen":"THE_SILENT","items_purchased":[],"campfire_rested":1,"item_purchase_floors":[],"current_hp_per_floor":[56,55,66,59,55,55,51,51,51,31,4,23,13,0,0],"gold":172,"neow_bonus":"BOSS_RELIC","is_daily":false,"chose_seed":false,"campfire_upgraded":2,"win_rate":0.0,"timestamp":1610018837,"path_taken":["M","M","?","?","M","R","M","R","T","?","E","R","M","E"],"items_purchased_type":[],"build_version":"2020-12-22","purchased_purges":0,"victory":false,"max_hp_per_floor":[66,66,66,66,66,66,66,66,66,66,66,66,66,66,66],"card_choices":[{"not_picked":["Acrobatics","Deflect"],"picked":"Dagger Spray","floor":1},{"not_picked":["Expertise","Cloak And Dagger"],"picked":"Bouncing Flask","floor":2},{"not_picked":["Blade Dance","Accuracy"],"picked":"Acrobatics","floor":5},{"not_picked":["Sucker Punch","Backstab","Setup"],"picked":"SKIP","floor":7},{"not_picked":["Prepared","Distraction"],"picked":"Deadly Poison","floor":11},{"not_picked":["Heel Hook","Cloak And Dagger"],"picked":"Caltrops","floor":13}],"player_experience":784700,"relics_obtained":[{"floor":9,"key":"Unceasing Top"},{"floor":11,"key":"StoneCalendar"}],"event_choices":[{"damage_healed":16,"gold_gain":0,"player_choice":"Healed","damage_taken":0,"max_hp_gain":0,"max_hp_loss":0,"event_name":"The Cleric","floor":3,"gold_loss":35},{"cards_removed":["Strike_G"],"damage_healed":0,"gold_gain":0,"player_choice":"Card Removal","damage_taken":7,"max_hp_gain":0,"max_hp_loss":0,"event_name":"Golden Wing","floor":4,"gold_loss":0},{"damage_healed":0,"gold_gain":0,"player_choice":"Entered Light","damage_taken":20,"max_hp_gain":0,"max_hp_loss":0,"event_name":"Shining Light","floor":10,"gold_loss":0,"cards_upgraded":["Acrobatics","Strike_G"]}],"is_beta":false,"boss_relics":[],"items_purged_floors":[],"is_endless":false,"potions_floor_spawned":[2,5,13],"killed_by":"Lagavulin","ascension_level":20}}