{"host":"z9x5nldzhmx4jdfi","time":1610042281,"event":{"mods":["2.2 Compatiblity","BaseMod","Better Altar","Better Match","Better Note","Better Sensory Stone","Better Third Choice","BetterRewards","Block Reminder","Card Filter","Colored Powertips","Infinite Spire","Jorbs\u0027s Wanderer Trilogy","Minty Spire (QoL Compilation)","Relic Filter","StSLib","Td1madao Mod","The Animator","The Servant 0.9.4","Wandering Minibosses"],"gold_per_floor":[119,119,119,44,119,151,169,222,275,275,275,275],"floor_reached":11,"playtime":412,"items_purged":[],"score":208,"play_id":"4652d7ac-63fa-4a59-bdcf-138d712b06de","local_time":"20210107115801","is_ascension_mode":true,"campfire_choices":[{"floor":10.0,"key":"REST"}],"circlet_count":0,"master_deck":["AscendersBane","animator:Strike_OwariNoSeraph","animator:Defend_OwariNoSeraph","animator:Strike+1","animator:Strike+1","animator:Defend","animator:Defend","animator:Defend","animator:Shinoa","animator:Mikaela","animator:Priestess","animator:YuiTsuruno","animator:GuildGirl","animator:Shigure"],"relics":["animator:LivingPicture","animator:TheMissingPiece","NeowsBlessing","Omamori","Prayer Wheel","Vajra"],"acts_visited":["Exordium"],"potions_floor_usage":[11],"damage_taken":[{"damage":0.0,"enemies":"Jaw Worm","floor":1.0,"turns":1.0},{"damage":0.0,"enemies":"Gremlin Nob","floor":6.0,"turns":1.0},{"damage":0.0,"enemies":"Small Slimes","floor":7.0,"turns":1.0},{"damage":28.0,"enemies":"3 Sentries","floor":8.0,"turns":13.0},{"damage":23,"enemies":"Gremlin Nob","floor":11,"turns":3}],"seed_played":"-3535747167378873514","potions_obtained":[{"floor":6.0,"key":"SkillPotion"},{"floor":8.0,"key":"ColorlessPotion"}],"is_trial":false,"path_per_floor":["M","?","?","?","?","E","M","E","T","R","E"],"character_chosen":"THE_ANIMATOR","items_purchased":[],"campfire_rested":1,"item_purchase_floors":[],"current_hp_per_floor":[54,36,41,41,30,30,30,2,2,21,0,0],"gold":275,"neow_bonus":"THREE_ENEMY_KILL","is_daily":false,"chose_seed":false,"campfire_upgraded":0,"win_rate":0.0,"timestamp":1610042281,"path_taken":["M","?","?","?","?","E","M","E","T","R","E"],"items_purchased_type":[],"build_version":"2020-12-22","purchased_purges":0,"victory":false,"max_hp_per_floor":[60,60,65,65,65,65,65,65,65,65,65,65],"card_choices":[{"not_picked":["animator:Shuna","animator:Shion"],"picked":"animator:Priestess","floor":1.0},{"not_picked":["animator:Millim","animator:MetalKnight"],"picked":"animator:YuiTsuruno","floor":6.0},{"not_picked":["animator:Guy","animator:IrohaTamaki"],"picked":"animator:GuildGirl","floor":7.0},{"not_picked":["animator:Shinoa","animator:Mikaela"],"picked":"animator:Shigure","floor":8.0}],"player_experience":1492764,"relics_obtained":[{"floor":6.0,"key":"Omamori"},{"floor":8.0,"key":"Prayer Wheel"},{"floor":9.0,"key":"Vajra"}],"event_choices":[{"damage_healed":54.0,"max_hp_gain":0.0,"max_hp_loss":60.0,"gold_gain":0.0,"event_name":"betterThird:BetterShining","player_choice":"Upgrade","floor":2.0,"gold_loss":0.0,"damage_taken":18.0,"cards_upgraded":["animator:Strike","animator:Strike"]},{"damage_healed":0.0,"max_hp_gain":5.0,"max_hp_loss":0.0,"gold_gain":0.0,"event_name":"Big Fish","player_choice":"Donut","floor":3.0,"gold_loss":0.0,"damage_taken":0.0},{"cards_removed":["animator:Strike"],"damage_healed":0.0,"max_hp_gain":0.0,"max_hp_loss":0.0,"gold_gain":0.0,"event_name":"The Cleric","player_choice":"Card Removal","floor":4.0,"gold_loss":75.0,"damage_taken":0.0},{"damage_healed":0.0,"max_hp_gain":0.0,"max_hp_loss":0.0,"gold_gain":75.0,"event_name":"betterThird:BetterGoop","player_choice":"Gold","floor":5.0,"gold_loss":0.0,"damage_taken":11.0}],"is_beta":false,"boss_relics":[],"items_purged_floors":[],"is_endless":false,"potions_floor_spawned":[6,8],"killed_by":"Gremlin Nob","ascension_level":20}}