{"host":"w2kjv12xyhtt0cv2","time":1610037044,"event":{"mods":["Act Like it!","BaseMod","Colored Map","Friendly Minions","Gensokyo","Highlight Path","Hubris","Kiyohime（清姬）","Marisa（F雨　魔理沙）","Minty Spire (QoL Compilation)","Quick Restart","Reimu（博丽灵梦）","Relic Stats","Replay The Spire","RumiaBox-露米娅的神秘盒子","Shop Mod","Spicy Shops","StSLib","The Cursed","The Servant 0.9.4","UnlockEverythingMod","Waifu the Spire","[功能]功能增强和修复MOD","vexMod","【功能Mod】Neow奖励","【遗物卡牌】REMEMod","没有小屋子和绿帽子啦"],"gold_per_floor":[111,111,28,48,66,93,61,61,61,91,91,91,91],"floor_reached":12,"playtime":768,"items_purged":[],"score":120,"play_id":"48d1ec9c-7171-4ef2-a1c9-f391f773718f","local_time":"20210108003044","is_ascension_mode":true,"campfire_choices":[{"data":"EscapeVelocity","floor":8,"key":"SMITH"},{"data":"KiyohimeMod:ImaginaryNumberMagecraft","floor":11,"key":"SMITH"}],"circlet_count":0,"master_deck":["KiyohimeMod:Strike","KiyohimeMod:Strike","KiyohimeMod:Strike","KiyohimeMod:Strike","KiyohimeMod:Defend","KiyohimeMod:Defend","KiyohimeMod:Defend","KiyohimeMod:Defend","KiyohimeMod:Track","KiyohimeMod:FlameKiss","KiyohimeMod:Shapeshift","EscapeVelocity+1","Dark Shackles","KiyohimeMod:Grimoire","KiyohimeMod:SteelTraining+1","KiyohimeMod:ImaginaryNumberMagecraft+1"],"relics":["KiyohimeMod:FireDragon","REME_ComplimentaryCards","GodSword5","Mirror","White Beast Statue","Bronze Scales"],"acts_visited":["Exordium"],"potions_floor_usage":[6],"damage_taken":[{"damage":0.0,"enemies":"2 Louse","floor":1.0,"turns":3.0},{"damage":0,"enemies":"Jaw Worm","floor":4,"turns":3},{"damage":0,"enemies":"Small Slimes","floor":5,"turns":4},{"damage":14,"enemies":"Lagavulin","floor":6,"turns":6},{"damage":16,"enemies":"3 Sentries","floor":10,"turns":10},{"damage":9,"enemies":"Gremlin Nob","floor":12,"turns":2}],"seed_played":"-6216043021510189841","potions_obtained":[{"floor":5,"key":"SpeedPotion"},{"floor":10,"key":"Milkshake"}],"is_trial":false,"path_per_floor":["M","?","$","M","M","E","$","R","T","E","R","E"],"character_chosen":"Kiyohime","items_purchased":["KiyohimeMod:Grimoire","KiyohimeMod:SteelTraining+1"],"campfire_rested":0,"item_purchase_floors":[3,7],"current_hp_per_floor":[54,36,36,36,36,22,22,22,22,6,6,0,0],"gold":91,"neow_bonus":"RANDOM_COLORLESS","is_daily":false,"chose_seed":false,"campfire_upgraded":2,"win_rate":0.0,"timestamp":1610037044,"path_taken":["M","?","$","M","M","E","$","R","T","E","R","E"],"items_purchased_type":["Card","Card"],"build_version":"2020-12-22","purchased_purges":0,"victory":false,"max_hp_per_floor":[60,60,60,60,60,60,60,60,60,60,60,60,60],"relic_stats":{"counters":[6,28],"Bronze Scales":[0],"obtain_stats":[{"KiyohimeMod:FireDragon":0,"Bronze Scales":10,"GodSword5":2,"Mirror":6,"White Beast Statue":9,"REME_ComplimentaryCards":0},{"KiyohimeMod:FireDragon":0,"Bronze Scales":5,"GodSword5":1,"Mirror":4,"White Beast Statue":4,"REME_ComplimentaryCards":0},{"KiyohimeMod:FireDragon":0,"Bronze Scales":26,"GodSword5":3,"Mirror":16,"White Beast Statue":16,"REME_ComplimentaryCards":0}]},"card_choices":[{"not_picked":["HandOfGreedLower","Finesse"],"picked":"Dark Shackles","floor":0.0},{"not_picked":["KiyohimeMod:AndSoTheShipConquers","KiyohimeMod:GreenBlackKey","KiyohimeMod:WaterTurn"],"picked":"SKIP","floor":1.0},{"not_picked":["KiyohimeMod:AndSoTheShipConquers","KiyohimeMod:BlueBlackKey","KiyohimeMod:WaterTurn"],"picked":"SKIP","floor":4},{"not_picked":["KiyohimeMod:AndSoTheShipConquers","KiyohimeMod:RedBlackKey","KiyohimeMod:HydraDagger"],"picked":"SKIP","floor":5},{"not_picked":["KiyohimeMod:EatSoul","KiyohimeMod:RedBlackKey","KiyohimeMod:AndSoTheShipConquers"],"picked":"SKIP","floor":6},{"not_picked":["KiyohimeMod:GreenBlackKey","KiyohimeMod:Servant_Osakabehime"],"picked":"KiyohimeMod:ImaginaryNumberMagecraft","floor":10}],"player_experience":122278,"relics_obtained":[{"floor":6,"key":"Mirror"},{"floor":9,"key":"White Beast Statue"},{"floor":10,"key":"Bronze Scales"}],"event_choices":[{"damage_healed":0.0,"max_hp_gain":0.0,"max_hp_loss":0.0,"gold_gain":0.0,"event_name":"Scrap Ooze","player_choice":"Success","floor":2.0,"gold_loss":0.0,"damage_taken":18.0,"relics_obtained":["GodSword5"]}],"is_beta":false,"boss_relics":[],"items_purged_floors":[],"is_endless":false,"potions_floor_spawned":[5,10],"killed_by":"Gremlin Nob","ascension_level":8}}