{"host":"kta213tp32cz47du","time":1610028731,"event":{"mods":["BaseMod","Better Altar","Better Match","Better Note","Better Sensory Stone","Better Skull","Better Third Choice","Better Vampires","Colored Map","Colored Powertips","Conspire","Curses Come First","Displayed Cursed Tome","Downfall","Force Act Four","Hubris","Infinite Spire","JesterMod","Magitek Elite","Marisa????????","Minty Spire (QoL Compilation)","Permanent Neow","Potion Indicator Mod","QueenMod","Quick Restart","Rare Cards Sparkle","Replay The Spire","Shade Mod","Shop Mod","Spikes Relics","StSLib","The Animator","The Blue Laboratory","The Bug Knight","The Cursed","The Marked","The Servant 0.9.4","TheSwordswoman","TheVelvet","TheWitcher","vexMod"],"gold_per_floor":[117,130,130,130,150,180,180,180,180,192,21,41,51,63,63,160,160,175,175,190,190,207,207,227,227,252,252,352,368,403,66,66,169,169,179,192,12,12,12,12,40,60,112,123,154,154,154,166,166,262,262,262],"floor_reached":51,"playtime":5040,"items_purged":["Delirium","Defend_G"],"score":954,"play_id":"847a5dd7-cb41-46d4-9c5d-d594ccf9fa87","local_time":"20210107141211","is_ascension_mode":false,"campfire_choices":[{"floor":7.0,"key":"REST"},{"floor":15.0,"key":"DIG"},{"data":"Toxin Wave","floor":23.0,"key":"SMITH"},{"data":"infinitespire:Fortify","floor":25.0,"key":"SMITH"},{"floor":32.0,"key":"REST"},{"data":"Mayhem","floor":40.0,"key":"SMITH"}],"circlet_count":0,"master_deck":["Strike_G","Strike_G","Strike_G","Strike_G","Strike_G","Defend_G","Defend_G","Defend_G","Survivor","Neutralize","Outmaneuver","infinitespire:Fortify+1","Toxin Wave+1","Flying Knee","Poisoned Stab","Deadly Poison","Corpse Explosion","Bane","hubris:SlightOfHand","After Image+1","PiercingWail","infinitespire:FinalStrike","PiercingWail","After Image+1","Poisoned Stab+1","Blur","InfectiousVector+1","Dodge and Roll","Sneak Up+1","hubris:EnhanceAbility+1","Poison Darts+1","PiercingWail","Distraction+1","Mayhem+1","ReplayUltimateDefense+1","Discovery","hubris:Counter+1","Bane+1","Poison Darts","Toxin Wave","Replay:Bootleg Shield Generator","Replay:Dark Deal","Deflect+1","Venomology"],"relics":["Gem_Box","vexMod:FocusSash","Ancient Tea Set","ReplayTheSpireMod:Ring of Addiction","ReplayTheSpireMod:Ring of Challenge","White Beast Statue","SacredBark","Angel_Ring","Question Card","Honey Jar","Ginger","hubris:RunicObelisk","Replay:Mystery Machine","Durian","Letter Opener","infinitespire:FocusingShard","vexMod:ImprovementManual","hubris:Towel","hubris:Spice","Oddly Smooth Stone","Bird Faced Urn","ShockBauble","Golden_Hairpin"],"acts_visited":["Exordium","TheCity","TheBeyond"],"potions_floor_usage":[],"damage_taken":[{"damage":0.0,"enemies":"Cultist","floor":1.0,"turns":5.0},{"damage":0.0,"enemies":"Small Slimes","floor":2.0,"turns":4.0},{"damage":0.0,"enemies":"Jaw Worm","floor":5.0,"turns":4.0},{"damage":49.0,"enemies":"Lagavulin","floor":6.0,"turns":14.0},{"damage":0.0,"enemies":"3 Louse","floor":10.0,"turns":1.0},{"damage":0.0,"enemies":"Exordium Thugs","floor":12.0,"turns":2.0},{"damage":0.0,"enemies":"Large Slime","floor":13.0,"turns":4.0},{"damage":0.0,"enemies":"3 Louse","floor":14.0,"turns":2.0},{"damage":0.0,"enemies":"Slime Boss","floor":16.0,"turns":9.0},{"damage":0.0,"enemies":"Spheric Guardian","floor":18.0,"turns":3.0},{"damage":0.0,"enemies":"Chosen","floor":20.0,"turns":4.0},{"damage":0.0,"enemies":"3 Cultists","floor":22.0,"turns":4.0},{"damage":9.0,"enemies":"Cultist and Chosen","floor":24.0,"turns":6.0},{"damage":0.0,"enemies":"Colosseum Slavers","floor":28.0,"turns":3.0},{"damage":10.0,"enemies":"Colosseum Nobs","floor":28.0,"turns":3.0},{"damage":0.0,"enemies":"Shelled Parasite and Fungi","floor":29.0,"turns":4.0},{"damage":30.0,"enemies":"Gremlin Leader","floor":30.0,"turns":4.0},{"damage":0.0,"enemies":"Collector","floor":33.0,"turns":7.0},{"damage":0.0,"enemies":"3 Darklings","floor":35.0,"turns":5.0},{"damage":0.0,"enemies":"3 Shapes","floor":36.0,"turns":3.0},{"damage":0.0,"enemies":"R_Hoarder","floor":41.0,"turns":9.0},{"damage":0.0,"enemies":"Jaw Worm Horde","floor":42.0,"turns":3.0},{"damage":0.0,"enemies":"Writhing Mass","floor":44.0,"turns":6.0},{"damage":11.0,"enemies":"Nightmare","floor":45.0,"turns":7.0},{"damage":0.0,"enemies":"Spire Growth","floor":48.0,"turns":6.0},{"damage":0.0,"enemies":"Donu and Deca","floor":50.0,"turns":6.0}],"seed_played":"-5771293036114929395","potions_obtained":[{"floor":5.0,"key":"Regen Potion"},{"floor":8.0,"key":"Poison Potion"},{"floor":8.0,"key":"Adrenaline Potion"},{"floor":8.0,"key":"blueLaboratory:EmptyBottle"},{"floor":10.0,"key":"blueLaboratory:BlinkPotion"},{"floor":12.0,"key":"blueLaboratory:PhilterOfMotion"},{"floor":13.0,"key":"blueLaboratory:ImpenetrablePotion"},{"floor":16.0,"key":"blueLaboratory:AbyssPotion"},{"floor":18.0,"key":"Flashbang"},{"floor":20.0,"key":"FearPotion"},{"floor":22.0,"key":"blueLaboratory:ArtistsPotion"},{"floor":24.0,"key":"blueLaboratory:FruitPunch"},{"floor":28.0,"key":"Weak Potion"},{"floor":29.0,"key":"blueLaboratory:Moonshine"},{"floor":30.0,"key":"blueLaboratory:BubblePotion"},{"floor":33.0,"key":"Milkshake"},{"floor":35.0,"key":"blueLaboratory:BottleOfVodka"},{"floor":36.0,"key":"LifebloodPotion"},{"floor":41.0,"key":"blueLaboratory:Moonshine"},{"floor":42.0,"key":"EntropicBrew"},{"floor":44.0,"key":"blueLaboratory:BlinkPotion"},{"floor":45.0,"key":"Block Potion"},{"floor":48.0,"key":"Fire Potion"},{"floor":50.0,"key":"AttackPotion"}],"is_trial":false,"path_per_floor":["M","M","T","?","M","E","R","?","T","M","$","M","M","M","R_BF","B",null,"M","AVR","M","?","M","R","M","R","T","?","?","M","E","$","R","B",null,"M","M","$","?","?","R","E","M","T","M","NM","?","AVR","M","R_BF","B",null],"character_chosen":"THE_SILENT","items_purchased":["Deadly Poison","Explosive Potion","hubris:EnhanceAbility","blueLaboratory:Virophage","Mayhem"],"campfire_rested":2,"item_purchase_floors":[11,11,31,31,37],"current_hp_per_floor":[70,70,70,53,53,19,40,40,40,40,40,40,40,40,40,40,70,70,70,68,68,68,68,59,59,59,59,58,58,28,28,50,50,75,75,75,75,75,73,73,81,81,81,81,70,70,70,79,79,79,79,79],"gold":262,"neow_bonus":"BOSS_RELIC","is_daily":false,"chose_seed":false,"campfire_upgraded":3,"win_rate":0.0,"timestamp":1610028731,"path_taken":["M","?","?","?","M","E","R","?","T","M","?","?","M","M","R_BF","BOSS","M","AVR","M","?","M","R","?","R","T","?","?","M","E","$","R","BOSS","M","M","$","?","?","R","E","?","T","M","NM","?","AVR","M","R_BF","BOSS"],"items_purchased_type":["Card","Potion","Card","Potion","Card"],"build_version":"2020-12-22","purchased_purges":2,"victory":false,"max_hp_per_floor":[70,70,70,70,70,70,70,70,70,70,70,70,70,70,70,70,70,70,70,68,68,68,68,68,68,66,66,75,75,75,75,75,75,75,75,75,75,75,73,73,81,81,81,81,81,81,81,79,79,79,79,79],"card_choices":[{"not_picked":["Finisher","Slice"],"picked":"Outmaneuver","floor":1.0},{"not_picked":["Outmaneuver","Fluid Movement","Deflect"],"picked":"SKIP","floor":2.0},{"not_picked":["infinitespire:FutureSight","hubris:InfiniteBlow"],"picked":"infinitespire:Fortify","floor":4.0},{"not_picked":["Dagger Throw","Masterful Stab"],"picked":"Toxin Wave","floor":5.0},{"not_picked":["ShadowRift","Eviscerate"],"picked":"Flying Knee","floor":6.0},{"not_picked":["Outmaneuver","Sneak Up"],"picked":"Poisoned Stab","floor":10.0},{"not_picked":["Crippling Poison","Deadly Poison"],"picked":"Corpse Explosion","floor":12.0},{"not_picked":["Underhanded Strike","Sneak Up"],"picked":"Bane","floor":13.0},{"not_picked":["Endless Agony","Crippling Poison"],"picked":"hubris:SlightOfHand","floor":14.0},{"not_picked":["Burst","Doppelganger","Glass Knife"],"picked":"After Image","floor":16.0},{"not_picked":["hubris:SlightOfHand+1","Flying Knee","Replay:Poison Smokescreen","Leg Sweep"],"picked":"PiercingWail","floor":18.0},{"not_picked":["Dagger Spray","Quick Slash","Concentrate+1","Slice+1"],"picked":"PiercingWail","floor":20.0},{"not_picked":["Cloak And Dagger","Outmaneuver+1","Hidden Blade","Prepared"],"picked":"Poisoned Stab+1","floor":22.0},{"not_picked":["Hidden Blade","Fluid Movement","conspire:PoisonWeapons+1","Sucker Punch"],"picked":"Blur","floor":24.0},{"not_picked":["Underhanded Strike+1","ReplayTheSpireMod:Exploit Weakness+1","PiercingWail","hubris:Counter"],"picked":"InfectiousVector+1","floor":28.0},{"not_picked":["Outmaneuver+1","Sucker Punch","Poisoned Stab","Slice"],"picked":"Dodge and Roll","floor":29.0},{"not_picked":["Heel Hook","Underhanded Strike","Deadly Poison","Flying Knee+1"],"picked":"Sneak Up","floor":30.0},{"not_picked":["Adrenaline","Grand Finale","Replay:Bag of Tricks","Corpse Explosion"],"picked":"Poison Darts","floor":33.0},{"not_picked":["hubris:SlightOfHand","Poisoned Stab","Prepared+1","Slice"],"picked":"PiercingWail","floor":35.0},{"not_picked":["Deadly Poison","Slice","Prepared","Cloak And Dagger"],"picked":"Distraction+1","floor":36.0},{"not_picked":["Feint","Impatience","hubris:Ssssneak","Replay:Parry"],"picked":"ReplayUltimateDefense","floor":39.0},{"not_picked":["expansioncontent:DefensiveStance","Replay:Dark Deal","Forethought","PanicButton"],"picked":"Discovery","floor":39.0},{"not_picked":["Finisher","Heel Hook","Eviscerate","Slice+1"],"picked":"hubris:Counter+1","floor":41.0},{"not_picked":["Infinite Blades","Predator","Dodge and Roll","Expertise+1"],"picked":"Bane+1","floor":42.0},{"not_picked":["Deadly Poison+1","Draining Mist+1","Endless Agony+1","Blade Dance+1"],"picked":"Poison Darts","floor":44.0},{"not_picked":["Deflect","Draining Mist+1","hubris:TrickCloak","Eviscerate"],"picked":"Toxin Wave","floor":45.0},{"not_picked":["expansioncontent:Flail","conspire:Banana","Flash of Steel","Replay:SS_fish_2"],"picked":"Replay:Bootleg Shield Generator","floor":46.0},{"not_picked":["Replay:SS_forest_6","The Bomb","expansioncontent:Collect","Survey Options"],"picked":"Replay:Dark Deal","floor":46.0},{"not_picked":["Quick Slash","Outmaneuver+1","Flying Knee+1","hubris:SlightOfHand+1"],"picked":"Deflect+1","floor":48.0},{"not_picked":["Unload","Wraith Form v2","Poison Darts","Phantasmal Killer"],"picked":"Venomology","floor":50.0}],"player_experience":317774,"relics_obtained":[{"floor":3.0,"key":"vexMod:FocusSash"},{"floor":6.0,"key":"Ancient Tea Set"},{"floor":8.0,"key":"ReplayTheSpireMod:Ring of Addiction"},{"floor":8.0,"key":"ReplayTheSpireMod:Ring of Challenge"},{"floor":8.0,"key":"White Beast Statue"},{"floor":8.0,"key":"SacredBark"},{"floor":9.0,"key":"Angel_Ring"},{"floor":15.0,"key":"Question Card"},{"floor":26.0,"key":"Replay:Mystery Machine"},{"floor":28.0,"key":"Durian"},{"floor":28.0,"key":"Letter Opener"},{"floor":30.0,"key":"infinitespire:FocusingShard"},{"floor":41.0,"key":"hubris:Spice"},{"floor":43.0,"key":"Oddly Smooth Stone"},{"floor":45.0,"key":"Bird Faced Urn"}],"event_choices":[{"damage_healed":0.0,"max_hp_gain":0.0,"max_hp_loss":0.0,"gold_gain":0.0,"cards_transformed":["Defend_G"],"event_name":"Transmorgrifier","player_choice":"Transformed","floor":21.0,"gold_loss":0.0,"damage_taken":0.0,"cards_obtained":["After Image"]},{"cards_removed":["Defend_G"],"damage_healed":0.0,"max_hp_gain":0.0,"max_hp_loss":0.0,"gold_gain":0.0,"event_name":"betterNote:BetterNote","player_choice":"Give","floor":27.0,"gold_loss":0.0,"damage_taken":0.0,"cards_obtained":["Defend_G"]},{"damage_healed":0.0,"max_hp_gain":0.0,"max_hp_loss":0.0,"gold_gain":0.0,"event_name":"Colosseum","player_choice":"Fight","floor":28.0,"gold_loss":0.0,"damage_taken":0.0},{"damage_healed":0.0,"max_hp_gain":0.0,"max_hp_loss":0.0,"gold_gain":0.0,"event_name":"Colosseum","player_choice":"Fought Nobs","floor":28.0,"gold_loss":0.0,"damage_taken":0.0},{"damage_healed":0.0,"max_hp_gain":0.0,"max_hp_loss":0.0,"gold_gain":0.0,"event_name":"betterThird:BetterPortal","player_choice":"Random: Blue","floor":39.0,"gold_loss":0.0,"damage_taken":0.0},{"damage_healed":0.0,"max_hp_gain":0.0,"max_hp_loss":0.0,"gold_gain":3.0,"event_name":"betterStone:BetterStone","player_choice":"1","floor":39.0,"gold_loss":0.0,"damage_taken":0.0},{"damage_healed":0.0,"max_hp_gain":0.0,"max_hp_loss":0.0,"gold_gain":3.0,"event_name":"betterStone:BetterStone","player_choice":"1","floor":46.0,"gold_loss":0.0,"damage_taken":0.0}],"is_beta":false,"boss_relics":[{"not_picked":["Runic Pyramid","Painkiller Herb"],"picked":"Honey Jar"},{"not_picked":["Runic Dome","infinitespire:Cupcake"],"picked":"vexMod:ImprovementManual"},{"not_picked":["hubris:VirtuousBlindfold","ChewingGum"],"picked":"Golden_Hairpin"}],"items_purged_floors":[11,31],"is_endless":true,"potions_floor_spawned":[5,10,12,13,14,16,18,20,22,24,28,28,29,30,33,35,36,41,42,44,45,48,50],"ascension_level":0}}