{"host":"bi5oqvug881cbhv7","time":1610036733,"event":{"mods":["Aspiration","BaseMod","BetterRewards","Conspire","Downfall","Friendly Minions","Hubris","Infinite Spire","Jorbs\u0027s Wanderer Trilogy","Mad Scientist","Mimic Mod","Minty Spire (QoL Compilation)","Permanent Neow","StSLib","The Construct","The Gatherer","The Mystic","The Necromancer"],"gold_per_floor":[99,117,127,127,146,146,172,172,172,192,219,9083,9100,8212,8228,8323,8323,8173,8173,6969,6980,6980,6991,6991,6991,7008,7008,7035,7050,7065,7083,7097,7197,7197,7197,7215,6548,6348,6417,6472,6472,6472,6488,6498,6517,6549,6474,6474,6487,6528,6528,6588,5614,5614,5659],"floor_reached":56,"playtime":7610,"items_purged":[],"score":1353,"play_id":"3aa3cb4c-95e4-4ba4-bc4a-8e7876bc6eef","local_time":"20210107102533","is_ascension_mode":false,"campfire_choices":[{"floor":1,"key":"RECALL"},{"floor":6,"key":"REST"},{"data":"expansioncontent:CaCaw","floor":18,"key":"SMITH"},{"data":"champ:PerfectedStrike","floor":25,"key":"SMITH"},{"floor":27,"key":"REST"},{"floor":35,"key":"REST"},{"floor":42,"key":"REST"},{"floor":47,"key":"REST"},{"floor":54,"key":"REST"}],"circlet_count":0,"master_deck":["champ:Strike","champ:Strike","champ:Strike","champ:Strike","champ:Defend","champ:Defend","champ:Defend","champ:Defend","champ:Execute","champ:Taunt","expansioncontent:CaCaw+1","champ:Backstep","champ:PerfectedStrike+1","infinitespire:Collect","champ:RisingSlash","champ:StrikeOfGenius","champ:DeathBlow","champ:FlashCut","champ:DancingMaster","champ:ViciousMockery","champ:BladeFlurry","champ:RapidStrikes","champ:FlashCut","champ:BerserkerStyle","champ:IgnorePain","champ:BerserkersShout","champ:FanOfKnives","champ:Shatter","champ:FlashCut","champ:MurderStrike","RitualDagger","champ:TornadoPunch","champ:IronFortress","The Bomb","champ:VampiricStrike","champ:ViciousMockery","champ:BladeFlurry","champ:GladiatorsShout","champ:IronFortress","champ:Haymaker","champ:Devastate","champ:CalledShot","champ:PreciseThrust+1","champ:RapidStrikes","champ:HeavySlash","champ:TornadoPunch","champ:EnragedBash","hubris:EnhanceAbility","expansioncontent:Collect","champ:Haymaker","conspire:SpireCoStock","conspire:SpireCoStock","conspire:SpireCoStock","conspire:SpireCoStock","champ:TornadoPunch","champ:GladiatorStyle+1","champ:CrookedStrike","champ:FaceSlap","Parasite","champ:GladiatorsShout+1","champ:FanOfKnives+1","infinitespire:FinalStrike","champ:StanceDance+1","champ:EnragedBash","champ:RecklessLeap","champ:RapidStrikes","expansioncontent:Collect"],"relics":["champ:ChampionCrown","hubris:Icosahedron","hubris:Towel","Boot","Meat on the Bone","aspiration:HummingbirdHeart","Medical Kit","Pen Nib","aspiration:Lifesprig","Lee\u0027s Waffle","Philosopher\u0027s Stone","downfall:HeartBlessingBlue","downfall:HeartBlessingRed","construct:FoamFinger","Kunai","TheAbacus","Bottled Tornado","Anchor","Fusion Hammer","champ:GladiatorsBookOfMartialProwess","Blood Vial","Strange Spoon","hubris:CuriousFeather","aspiration:FrozenJewel","Omamori","downfall:HeartBlessingGreen","champ:DefensiveTrainingManual","PreservedInsect","hubris:SlimyHat","hubris:BundleOfHerbs","aspiration:Nostalgia","Vampire_Amulet"],"acts_visited":["Exordium","TheCity","TheBeyond","TheEnding"],"potions_floor_usage":[11,11,13,15,16,16,16,21,23,23,26,28,30,32,39,46,46,46,55,55,55],"damage_taken":[{"damage":15,"enemies":"Cultist","floor":2,"turns":4},{"damage":21,"enemies":"Small Slimes","floor":3,"turns":5},{"damage":14,"enemies":"2 Louse","floor":5,"turns":3},{"damage":18,"enemies":"Blue Slaver","floor":10,"turns":4},{"damage":40,"enemies":"3 Sentries","floor":11,"turns":8},{"damage":0,"enemies":"downfall:FleeingMerchant","floor":12,"turns":4},{"damage":18,"enemies":"conspire:2 RoseBushes","floor":13,"turns":3},{"damage":15,"enemies":"downfall:FleeingMerchant","floor":14,"turns":4},{"damage":18,"enemies":"Exordium Thugs","floor":15,"turns":6},{"damage":29,"enemies":"downfall:Silent","floor":16,"turns":8},{"damage":10,"enemies":"downfall:FleeingMerchant","floor":20,"turns":4},{"damage":13,"enemies":"Shell Parasite","floor":21,"turns":6},{"damage":21,"enemies":"3 Cultists","floor":23,"turns":5},{"damage":38,"enemies":"Snake Plant","floor":26,"turns":4},{"damage":87,"enemies":"conspire:SneckoGhost","floor":28,"turns":9},{"damage":23,"enemies":"Centurion and Healer","floor":29,"turns":4},{"damage":2,"enemies":"Chosen and Byrds","floor":30,"turns":5},{"damage":35,"enemies":"conspire:HollyBat","floor":31,"turns":7},{"damage":27,"enemies":"Snake Plant","floor":32,"turns":4},{"damage":56,"enemies":"downfall:Defect","floor":33,"turns":9},{"damage":10,"enemies":"3 Darklings","floor":36,"turns":3},{"damage":28,"enemies":"downfall:FleeingMerchant","floor":37,"turns":4},{"damage":76,"enemies":"Mind Bloom Boss Battle","floor":39,"turns":7},{"damage":25,"enemies":"3 Shapes","floor":40,"turns":3},{"damage":43,"enemies":"Spire Growth","floor":43,"turns":4},{"damage":15,"enemies":"Sphere and 2 Shapes","floor":44,"turns":3},{"damage":4,"enemies":"Writhing Mass","floor":45,"turns":4},{"damage":15,"enemies":"Giant Head","floor":46,"turns":6},{"damage":6,"enemies":"Spire Growth","floor":49,"turns":3},{"damage":48,"enemies":"downfall:Ironclad","floor":50,"turns":9},{"damage":78,"enemies":"downfall:CharBossMerchant","floor":52,"turns":7},{"damage":97,"enemies":"downfall:NeowBoss","floor":55,"turns":21}],"seed_played":"3932971685309954932","potions_obtained":[{"floor":3,"key":"construct:ShiftPotion"},{"floor":5,"key":"FearPotion"},{"floor":13,"key":"PowerPotion"},{"floor":15,"key":"Fire Potion"},{"floor":16,"key":"Block Potion"},{"floor":22,"key":"Block Potion"},{"floor":23,"key":"SteroidPotion"},{"floor":29,"key":"Block Potion"},{"floor":31,"key":"sneckomod:MuddlingPotion"},{"floor":32,"key":"champ:TechniquePotion"},{"floor":33,"key":"DuplicationPotion"},{"floor":40,"key":"SteroidPotion"},{"floor":45,"key":"champ:UltimateStancePotion"},{"floor":52,"key":"SpeedPotion"}],"is_trial":false,"path_per_floor":["R","M","M","?","M","R","T","?","?","M","E","$","M","$","M","B",null,"R","?","$","M","?","M","T","R","M","R","E","M","M","M","M","B",null,"R","M","$","?","?","M","T","R","M","M","M","E","R","AVR","M","B",null,"E","$","R","B",null],"character_chosen":"THE_CHAMP","items_purchased":["champ:DancingMaster","Meat on the Bone","aspiration:HummingbirdHeart","Medical Kit","champ:ViciousMockery","champ:BladeFlurry","Fire Potion","LiquidMemories","Pen Nib","aspiration:Lifesprig","Lee\u0027s Waffle","Regen Potion","champ:BerserkerStyle","champ:IgnorePain","champ:BerserkersShout","champ:FanOfKnives","champ:Shatter","construct:FoamFinger","Kunai","TheAbacus","champ:IronFortress","SkillPotion","champ:TechniquePotion","The Bomb","champ:VampiricStrike","champ:ViciousMockery","champ:GladiatorsBookOfMartialProwess","Blood Vial","Strange Spoon","Slimebound:ThreeZeroPotion","hubris:EnhanceAbility","expansioncontent:Collect","champ:Haymaker","hubris:SlimyHat","hubris:BundleOfHerbs","aspiration:Nostalgia","Energy Potion","champ:RecklessLeap","champ:RapidStrikes","expansioncontent:Collect","Ancient Potion"],"campfire_rested":6,"item_purchase_floors":[12,12,12,12,12,12,12,12,14,14,14,14,14,14,14,14,14,20,20,20,20,20,20,20,20,20,37,37,37,37,37,37,37,53,53,53,53,53,53,53,53],"current_hp_per_floor":[90,80,64,43,29,56,56,56,56,48,65,65,57,97,83,71,97,107,101,101,93,93,72,72,72,54,86,29,28,48,46,46,24,107,107,107,92,92,58,50,50,82,60,59,57,59,91,91,87,85,107,43,43,75,98],"gold":5659,"neow_bonus":"RANDOM_COLORLESS","is_daily":false,"chose_seed":false,"campfire_upgraded":2,"win_rate":0.0,"timestamp":1610036733,"path_taken":["R","M","M","?","M","R","T","?","?","M","E","$","M","?","M","BOSS","R","?","$","M","?","M","T","R","M","R","E","M","M","M","M","BOSS","R","M","$","?","?","M","T","R","M","?","M","E","R","AVR","M","BOSS","E","$","R","BOSS"],"items_purchased_type":["Card","Relic","Relic","Relic","Card","Card","Potion","Potion","Relic","Relic","Relic","Potion","Card","Card","Card","Card","Card","Relic","Relic","Relic","Card","Potion","Potion","Card","Card","Card","Relic","Relic","Relic","Potion","Card","Card","Card","Relic","Relic","Relic","Potion","Card","Card","Card","Potion"],"build_version":"2020-12-22","purchased_purges":0,"victory":true,"max_hp_per_floor":[90,90,90,90,90,90,90,90,90,90,90,90,90,97,97,97,97,107,107,107,107,107,107,107,107,107,107,107,107,107,107,107,107,107,107,107,107,107,107,107,107,107,107,107,107,107,107,107,107,107,107,107,107,107,107],"card_choices":[{"not_picked":["expansioncontent:SuperHexaguard","expansioncontent:ManipulateTime"],"picked":"expansioncontent:CaCaw","floor":0},{"not_picked":["champ:CrookedStrike","champ:FlashCut"],"picked":"champ:Backstep","floor":2},{"not_picked":["champ:GutPunch","champ:CalledShot"],"picked":"champ:PerfectedStrike","floor":3},{"not_picked":["infinitespire:Menacing","infinitespire:NeuralNetwork"],"picked":"infinitespire:Collect","floor":4},{"not_picked":["champ:PreciseThrust","champ:BerserkersShout"],"picked":"champ:RisingSlash","floor":5},{"not_picked":["champ:BerserkersShout","champ:ViciousMockery"],"picked":"champ:StrikeOfGenius","floor":10},{"not_picked":["champ:StanceDance","champ:CalledShot"],"picked":"champ:DeathBlow","floor":11},{"not_picked":["champ:StanceDance","champ:FalseCounter"],"picked":"champ:FlashCut","floor":12},{"not_picked":["champ:AdrenalArmor","champ:GladiatorStyle"],"picked":"champ:RapidStrikes","floor":13},{"not_picked":["champ:AdrenalArmor","champ:EndlessRage"],"picked":"champ:FlashCut","floor":14},{"not_picked":["champ:FalseCounter","champ:DefensiveStyle"],"picked":"champ:FlashCut","floor":15},{"not_picked":["champ:SteelEdge","champ:IgnorePain"],"picked":"champ:MurderStrike","floor":16},{"not_picked":["champ:Circumvent+1","champ:Backstep+1"],"picked":"champ:TornadoPunch","floor":20},{"not_picked":["champ:Backstep","champ:GutPunch+1"],"picked":"champ:BladeFlurry","floor":21},{"not_picked":["champ:Circumvent+1","champ:BringItOn"],"picked":"champ:GladiatorsShout","floor":23},{"not_picked":["champ:BerserkersShout+1","champ:CalledShot"],"picked":"champ:IronFortress","floor":26},{"not_picked":["champ:BerserkerStyle","champ:BerserkersShout"],"picked":"champ:Haymaker","floor":28},{"not_picked":["champ:Duel","champ:Backstep"],"picked":"champ:Devastate","floor":29},{"not_picked":["champ:StanceDance+1","champ:DefensiveShout"],"picked":"champ:CalledShot","floor":30},{"not_picked":["champ:FocusedGladiator","champ:CrookedStrike"],"picked":"champ:PreciseThrust+1","floor":31},{"not_picked":["champ:Circumvent+1","champ:FlashCut"],"picked":"champ:RapidStrikes","floor":32},{"not_picked":["champ:ShieldThrow","champ:SwordThrow"],"picked":"champ:HeavySlash","floor":33},{"not_picked":["champ:ViciousMockery","champ:BerserkersShout+1"],"picked":"champ:TornadoPunch","floor":36},{"not_picked":["champ:GutPunch","champ:SteelEdge"],"picked":"champ:EnragedBash","floor":37},{"not_picked":["champ:DefensiveShout","champ:Backstep"],"picked":"champ:TornadoPunch","floor":39},{"not_picked":["champ:BladeFlurry","champ:Circumvent"],"picked":"champ:GladiatorStyle+1","floor":40},{"not_picked":["champ:GutPunch","champ:HeavySlash"],"picked":"champ:CrookedStrike","floor":43},{"not_picked":["champ:FocusedBerserking+1","champ:Haymaker"],"picked":"champ:FaceSlap","floor":44},{"not_picked":["champ:BladeFlurry+1","champ:TornadoPunch"],"picked":"champ:GladiatorsShout+1","floor":45},{"not_picked":["champ:FocusedBerserking","champ:EndlessRage"],"picked":"champ:FanOfKnives+1","floor":46},{"not_picked":["champ:GladiatorsShout","champ:ViciousMockery+1"],"picked":"champ:StanceDance+1","floor":49},{"not_picked":["champ:StanceDance","champ:ShieldThrow"],"picked":"champ:EnragedBash","floor":52}],"player_experience":541758,"relics_obtained":[{"floor":11,"key":"Boot"},{"floor":24,"key":"Bottled Tornado"},{"floor":28,"key":"Anchor"},{"floor":39,"key":"hubris:CuriousFeather"},{"floor":41,"key":"aspiration:FrozenJewel"},{"floor":46,"key":"Omamori"},{"floor":52,"key":"PreservedInsect"}],"event_choices":[{"damage_healed":0,"gold_gain":0,"player_choice":"Got Potions","damage_taken":0,"max_hp_gain":0,"max_hp_loss":0,"event_name":"Lab","floor":22,"gold_loss":0},{"damage_healed":0,"gold_gain":0,"player_choice":"Invest 4","damage_taken":0,"max_hp_gain":0,"max_hp_loss":0,"event_name":"conspire:Investor","floor":38,"gold_loss":0}],"is_beta":false,"boss_relics":[{"not_picked":["Pandora\u0027s Box","construct:WeddingRing"],"picked":"Philosopher\u0027s Stone"},{"not_picked":["conspire:SlowCooker","aspiration:RitualDagger"],"picked":"Fusion Hammer"}],"items_purged_floors":[],"is_endless":false,"potions_floor_spawned":[3,5,13,15,16,23,29,31,32,33,40,43,45,52],"ascension_level":0}}