{"host":"hf26dlu7397s98tc","time":1610027553,"event":{"mods":["Act Like it!","Arknights The Spire","Astrologer","BaseMod","CapriCore","Elementarium","GifTheSpireLib","Hermit","Luminous","Minty Spire (QoL Compilation)","Pale of the Ancients","Pikachu Mod","Quick Restart","Robot Space Explorer","StSLib","The Dragon Tamer","The Gatherer","The Immortal","TheWitcher","UnlockEverythingMod","Yakumo Yukari mod"],"gold_per_floor":[116,134,59,76,76,106,129,404,404,404,417,168,168,178,178,277,277,291,311,325,343,167,181,181,31,57,57,91,91,109,109,109,210,210,228,245,245,245,91,116,116,131,177,177,177,198,198,209,209,209,223,236,61,87,87,87,87,112,112,112,112,112],"floor_reached":60,"playtime":3480,"items_purged":["DTMod:Strike","Regret","DTMod:Strike","DTMod:Strike","DTMod:TargetDefense+1"],"score":1043,"play_id":"c46af383-53d2-497d-9ffe-e56c7452a94d","local_time":"20210107215233","is_ascension_mode":false,"metric_token":1367,"campfire_choices":[{"data":"DTMod:Overwhelm","floor":10.0,"key":"SMITH"},{"data":"DTMod:HeatWave","floor":13.0,"key":"SMITH"},{"data":"DTMod:SwitchingTactic","floor":15.0,"key":"SMITH"},{"data":"DTMod:SealedStrike","floor":24.0,"key":"SMITH"},{"data":"DTMod:SealedStrike+1","floor":29.0,"key":"SMITH"},{"data":"DTMod:SealedStrike+2","floor":32.0,"key":"SMITH"},{"data":"DTMod:SealedStrike+3","floor":45.0,"key":"SMITH"},{"data":"DTMod:SealedStrike+4","floor":49.0,"key":"SMITH"},{"floor":55.0,"key":"RECALL"}],"dtmod_dragon_data":[0,64,0,0,0,0],"circlet_count":0,"master_deck":["DTMod:DoubleHit+1","DTMod:TargetDefense+1","DTMod:TargetDefense+1","DTMod:TargetDefense+1","DTMod:SwitchingTactic+1","DTMod:Overwhelm+1","DTMod:HeatWave+1","DTMod:CrossStep+1","DTMod:WarmUp+1","DTMod:Cover+1","DTMod:SealedStrike+5","DTMod:Threaten+1","DTMod:Threaten+1","DTMod:CalculatedDefense+1","DTMod:GearUp+1","DTMod:Overwhelm+1","DTMod:HeatWave+1"],"relics":["DTMod:MagicStone","NeowsBlessing","WingedGreaves","Odd Mushroom","Turnip","Bag of Preparation","Toy Ornithopter","Orichalcum","Coffee Dripper","DollysMirror","CeramicFish","Bronze Scales","paleoftheancients:Timepiece","Letter Opener","paleoftheancients:SoulOfTheWokeBloke","Akabeko","Nunchaku"],"acts_visited":["Exordium","TheCity","TheBeyond","paleoftheancients:PaleOfTheAncients"],"potions_floor_usage":[60],"damage_taken":[{"damage":0.0,"enemies":"Cultist","floor":1.0,"turns":1.0},{"damage":0.0,"enemies":"Jaw Worm","floor":2.0,"turns":1.0},{"damage":0.0,"enemies":"Small Slimes","floor":4.0,"turns":2.0},{"damage":22.0,"enemies":"3 Sentries","floor":6.0,"turns":9.0},{"damage":0.0,"enemies":"The Mushroom Lair","floor":7.0,"turns":4.0},{"damage":1.0,"enemies":"Gremlin Gang","floor":11.0,"turns":4.0},{"damage":0.0,"enemies":"2 Fungi Beasts","floor":14.0,"turns":4.0},{"damage":12.0,"enemies":"Slime Boss","floor":16.0,"turns":10.0},{"damage":0.0,"enemies":"Chosen","floor":18.0,"turns":5.0},{"damage":6.0,"enemies":"2 Thieves","floor":19.0,"turns":5.0},{"damage":0.0,"enemies":"Cultist and Chosen","floor":20.0,"turns":7.0},{"damage":0.0,"enemies":"Snecko","floor":21.0,"turns":5.0},{"damage":0.0,"enemies":"Chosen and Byrds","floor":23.0,"turns":7.0},{"damage":0.0,"enemies":"Slavers","floor":28.0,"turns":5.0},{"damage":0.0,"enemies":"Cultist and Chosen","floor":30.0,"turns":6.0},{"damage":0.0,"enemies":"Collector","floor":33.0,"turns":6.0},{"damage":0.0,"enemies":"3 Darklings","floor":35.0,"turns":5.0},{"damage":0.0,"enemies":"Orb Walker","floor":36.0,"turns":6.0},{"damage":0.0,"enemies":"Giant Head","floor":40.0,"turns":6.0},{"damage":0.0,"enemies":"Writhing Mass","floor":42.0,"turns":6.0},{"damage":0.0,"enemies":"4 Shapes","floor":46.0,"turns":6.0},{"damage":0.0,"enemies":"Spire Growth","floor":48.0,"turns":4.0},{"damage":0.0,"enemies":"Time Eater","floor":50.0,"turns":8.0},{"damage":25.0,"enemies":"Time Eater","floor":51.0,"turns":9.0},{"damage":0.0,"enemies":"Time Eater","floor":52.0,"turns":7.0},{"damage":3.0,"enemies":"Time Eater","floor":56.0,"turns":9.0},{"damage":105,"enemies":"paleoftheancients:N","floor":60,"turns":15}],"seed_played":"-9028492560299325781","potions_obtained":[{"floor":1.0,"key":"Weak Potion"},{"floor":7.0,"key":"LiquidBronze"},{"floor":11.0,"key":"Energy Potion"},{"floor":19.0,"key":"EssenceOfSteel"},{"floor":21.0,"key":"Regen Potion"},{"floor":23.0,"key":"CultistPotion"},{"floor":28.0,"key":"Block Potion"},{"floor":52.0,"key":"Ancient Potion"}],"is_trial":false,"path_per_floor":["M","M","$","M","?","E","?","?","T","R","M","$","R","M","R","B",null,"M","M","M","M","$","M","R","$","T","?","E","R","M","?","R","B",null,"M","M","?","?","$","E","$","M","T","?","R","M","?","M","R","B","M","M","$","T","R","M","R","T","?","B"],"character_chosen":"THE_DT","items_purchased":["Bag of Preparation","DTMod:HeatWave","DollysMirror"],"campfire_rested":0,"item_purchase_floors":[12,22,39],"current_hp_per_floor":[45,45,45,45,50,28,28,28,28,28,27,27,27,27,27,15,50,50,44,50,50,50,50,50,50,50,50,50,50,50,48,48,48,48,48,48,48,48,48,48,48,48,48,48,48,48,44,48,48,48,36,48,48,48,48,47,47,47,47,0,0,0],"gold":112,"neow_bonus":"THREE_ENEMY_KILL","is_daily":false,"chose_seed":false,"campfire_upgraded":8,"win_rate":0.0,"timestamp":1610027553,"path_taken":["M","?","$","M","?","E","?","?","T","R","M","$","R","M","R","BOSS","M","?","M","?","$","M","R","$","T","?","E","R","?","?","R","BOSS","M","M","?","?","$","E","$","?","T","?","R","M","?","M","R","BOSS","M","M","?","T","R","M","R","T","?","BOSS"],"items_purchased_type":["Relic","Card","Relic"],"build_version":"2020-12-22","purchased_purges":5,"victory":false,"max_hp_per_floor":[45,45,45,45,50,50,50,50,50,50,50,50,50,50,50,50,50,50,50,50,50,50,50,50,50,50,50,50,50,50,48,48,48,48,48,48,48,48,48,48,48,48,48,48,48,48,48,48,48,48,48,48,48,48,48,48,48,48,48,48,48,48],"card_choices":[{"not_picked":["DTMod:BalancedStrike","DTMod:Feint"],"picked":"DTMod:Overwhelm","floor":1.0},{"not_picked":["DTMod:Punisher","DTMod:DeepFocus"],"picked":"DTMod:HeatWave","floor":2.0},{"not_picked":["DTMod:Punisher","DTMod:MagicField"],"picked":"DTMod:CrossStep","floor":4.0},{"not_picked":["DTMod:MagicField","DTMod:Haste","DTMod:PurifyingFlame"],"picked":"SKIP","floor":6.0},{"not_picked":["DTMod:BizarreTactic","DTMod:QuickFly"],"picked":"DTMod:WarmUp","floor":11.0},{"not_picked":["DTMod:SneakAttack","DTMod:BuildUp"],"picked":"DTMod:Cover","floor":14.0},{"not_picked":["DTMod:ExcessFootwork","DTMod:TriAttack"],"picked":"DTMod:SealedStrike","floor":16.0},{"not_picked":["DTMod:Punisher","DTMod:Feint","DTMod:ComboAttack"],"picked":"SKIP","floor":18.0},{"not_picked":["DTMod:MagiciansMark","DTMod:MagicField"],"picked":"DTMod:Threaten+1","floor":19.0},{"not_picked":["DTMod:DeepFocus","DTMod:Hide","DTMod:BreakAttack"],"picked":"SKIP","floor":20.0},{"not_picked":["DTMod:Hide+1","DTMod:Conduct"],"picked":"DTMod:Threaten","floor":21.0},{"not_picked":["DTMod:FierySynthesis","DTMod:Feint","DTMod:Training+1"],"picked":"SKIP","floor":23.0},{"not_picked":["DTMod:RecklessFlurry","DTMod:HeatWave","DTMod:RunningTactic+1"],"picked":"SKIP","floor":28.0},{"not_picked":["DTMod:QuickFly","DTMod:BizarreTactic"],"picked":"DTMod:CalculatedDefense","floor":30.0},{"not_picked":["DTMod:TriAttack","DTMod:Harmonize"],"picked":"DTMod:GearUp","floor":33.0},{"not_picked":["DTMod:SneakAttack+1","DTMod:InvisibleFlame","DTMod:BlueScale+1"],"picked":"SKIP","floor":35.0},{"not_picked":["DTMod:QuickFly+1","DTMod:BalancedStrike","DTMod:LastStand"],"picked":"SKIP","floor":36.0},{"not_picked":["DTMod:CrossStep+1","DTMod:BuildUp","DTMod:Haste+1"],"picked":"SKIP","floor":40.0},{"not_picked":["DTMod:MaximumCharge","DTMod:BlazingStrike+1","DTMod:BreakAttack"],"picked":"SKIP","floor":42.0},{"not_picked":["DTMod:Dissolve","DTMod:LastStand+1"],"picked":"DTMod:HeatWave+1","floor":46.0},{"not_picked":["DTMod:RunningTactic+1","DTMod:CleansingStrike","DTMod:DragonDance"],"picked":"SKIP","floor":48.0},{"not_picked":["DTMod:BlueScale","DTMod:DragonDance","DTMod:DarkBreath+1"],"picked":"SKIP","floor":51.0},{"not_picked":["DTMod:FlameSlash","DTMod:InvisibleFlame+1","DTMod:QuickFly"],"picked":"SKIP","floor":52.0},{"not_picked":["DTMod:BurningEnergy","DTMod:SneakAttack+1","DTMod:Feint"],"picked":"SKIP","floor":56.0}],"player_experience":193241,"relics_obtained":[{"floor":6.0,"key":"WingedGreaves"},{"floor":7.0,"key":"Odd Mushroom"},{"floor":9.0,"key":"Turnip"},{"floor":26.0,"key":"Toy Ornithopter"},{"floor":28.0,"key":"Orichalcum"},{"floor":40.0,"key":"CeramicFish"},{"floor":43.0,"key":"Bronze Scales"},{"floor":51.0,"key":"paleoftheancients:SoulOfTheWokeBloke"},{"floor":54.0,"key":"Akabeko"},{"floor":58.0,"key":"Nunchaku"}],"event_choices":[{"damage_healed":0.0,"max_hp_gain":5.0,"max_hp_loss":0.0,"gold_gain":0.0,"event_name":"Big Fish","player_choice":"Donut","floor":5.0,"gold_loss":0.0,"damage_taken":0.0},{"damage_healed":0.0,"max_hp_gain":0.0,"max_hp_loss":0.0,"gold_gain":0.0,"event_name":"Mushrooms","player_choice":"Fought Mushrooms","floor":7.0,"gold_loss":0.0,"damage_taken":0.0},{"damage_healed":0.0,"max_hp_gain":0.0,"max_hp_loss":0.0,"gold_gain":275.0,"event_name":"Golden Shrine","player_choice":"Desecrate","floor":8.0,"gold_loss":0.0,"damage_taken":0.0,"cards_obtained":["Regret"]},{"damage_healed":0.0,"max_hp_gain":0.0,"max_hp_loss":0.0,"gold_gain":0.0,"event_name":"Lab","player_choice":"Got Potions","floor":27.0,"gold_loss":0.0,"damage_taken":0.0},{"damage_healed":0.0,"max_hp_gain":0.0,"max_hp_loss":0.0,"gold_gain":0.0,"event_name":"Tomb of Lord Red Mask","player_choice":"Ignored","floor":37.0,"gold_loss":0.0,"damage_taken":0.0},{"damage_healed":0.0,"max_hp_gain":0.0,"max_hp_loss":0.0,"gold_gain":0.0,"event_name":"The Woman in Blue","player_choice":"Bought 0 Potions","floor":38.0,"gold_loss":0.0,"damage_taken":0.0},{"cards_removed":["DTMod:HeatWave"],"damage_healed":0.0,"max_hp_gain":0.0,"max_hp_loss":0.0,"gold_gain":0.0,"event_name":"Falling","player_choice":"Removed Attack","floor":44.0,"gold_loss":0.0,"damage_taken":0.0},{"damage_healed":0.0,"max_hp_gain":0.0,"max_hp_loss":0.0,"gold_gain":0.0,"event_name":"Wheel of Change","player_choice":"Damaged","floor":47.0,"gold_loss":0.0,"damage_taken":4.0}],"is_beta":false,"boss_relics":[{"not_picked":["Pandora\u0027s Box","Runic Pyramid"],"picked":"DTMod:MagicStone"},{"not_picked":["Runic Dome","SacredBark"],"picked":"Coffee Dripper"}],"items_purged_floors":[3,12,22,25,53],"is_endless":false,"potions_floor_spawned":[1,7,11,19,21,23,28,35,46,48,52],"killed_by":"paleoftheancients:N","ascension_level":0}}