{"host":"wwpfn8dnr1liindi","time":1610043019,"event":{"mods":["BaseMod","Minty Spire (QoL Compilation)","Permanent Neow","[IsaacMod]ÒÔÈö¼âËþ"],"gold_per_floor":[118,129,140,156,175,190,140,212,212,245,265,276,276,309,309,404,404,416,416,466,482,482,482,482],"floor_reached":23,"playtime":928,"items_purged":[],"score":205,"play_id":"d1868a2b-f9e1-4722-8838-11dd63bc79f6","local_time":"20210108021019","is_ascension_mode":false,"campfire_choices":[{"floor":13,"key":"RECALL"},{"floor":15,"key":"REST"}],"circlet_count":0,"master_deck":["Strike_R","Strike_R","Strike_R","Strike_R","Strike_R","Defend_R","Defend_R","Defend_R","Defend_R","Bash","SuicideKing","Hemokinesis","Flex","Anger","True Grit","Rupture","Whirlwind","Intimidate","Impervious","Feel No Pain","Brutality","Spot Weakness","J.A.X.","Sever Soul+1","Clash"],"relics":["Burning Blood","HushsDoor","Magic Flower","D6","Sundial","Gremlin Horn","Fusion Hammer","Blue Candle","Pen Nib","Kunai"],"acts_visited":["Exordium","TheCity"],"potions_floor_usage":[12,14,16,21,23,23],"damage_taken":[{"damage":9,"enemies":"Cultist","floor":1,"turns":4},{"damage":8,"enemies":"Jaw Worm","floor":2,"turns":3},{"damage":7,"enemies":"Small Slimes","floor":3,"turns":2},{"damage":11,"enemies":"Blue Slaver","floor":4,"turns":3},{"damage":7,"enemies":"Exordium Wildlife","floor":5,"turns":4},{"damage":9,"enemies":"Large Slime","floor":6,"turns":5},{"damage":39,"enemies":"3 Sentries","floor":10,"turns":7},{"damage":2,"enemies":"3 Louse","floor":11,"turns":2},{"damage":13,"enemies":"Blue Slaver","floor":12,"turns":4},{"damage":10,"enemies":"Gremlin Nob","floor":14,"turns":3},{"damage":33,"enemies":"Slime Boss","floor":16,"turns":8},{"damage":19,"enemies":"Shell Parasite","floor":18,"turns":5},{"damage":34,"enemies":"Hiden Room Battle","floor":20,"turns":6},{"damage":18,"enemies":"Spheric Guardian","floor":21,"turns":5},{"damage":28,"enemies":"Slavers","floor":23,"turns":3}],"seed_played":"-1929941302690176765","potions_obtained":[{"floor":2,"key":"ElixirPotion"},{"floor":5,"key":"Fruit Juice"},{"floor":6,"key":"DuplicationPotion"},{"floor":12,"key":"CultistPotion"},{"floor":16,"key":"LiquidBronze"},{"floor":20,"key":"Block Potion"},{"floor":21,"key":"Fire Potion"}],"is_trial":false,"path_per_floor":["M","M","M","M","M","M","?","?","T","E","M","M","R","E","R","B",null,"M","?","?","M","T","E"],"character_chosen":"IRONCLAD","items_purchased":[],"campfire_rested":1,"item_purchase_floors":[],"current_hp_per_floor":[80,80,80,78,80,80,80,80,80,50,57,58,58,57,82,58,85,75,75,35,26,26,0,0],"gold":482,"neow_bonus":"ONE_RARE_RELIC","is_daily":false,"chose_seed":false,"campfire_upgraded":0,"win_rate":0.0,"timestamp":1610043019,"path_taken":["M","M","M","M","M","M","?","?","T","E","M","?","R","E","R","BOSS","M","?","?","M","?","E"],"items_purchased_type":[],"build_version":"2020-12-22","purchased_purges":0,"victory":false,"max_hp_per_floor":[80,80,80,80,80,80,80,80,80,80,80,85,85,85,85,85,85,85,85,85,85,85,85,85],"card_choices":[{"not_picked":[],"picked":"SuicideKing","floor":0},{"not_picked":["Sever Soul","Wild Strike"],"picked":"Hemokinesis","floor":1},{"not_picked":["Wild Strike","Clash"],"picked":"Flex","floor":2},{"not_picked":["Dropkick","Warcry"],"picked":"Anger","floor":3},{"not_picked":["Bomb","Pummel"],"picked":"True Grit","floor":4},{"not_picked":["Carnage","Armaments"],"picked":"Rupture","floor":5},{"not_picked":["Twin Strike","Rage"],"picked":"Whirlwind","floor":6},{"not_picked":["Carnage","Iron Wave"],"picked":"Intimidate","floor":10},{"not_picked":["Wild Strike","Body Slam"],"picked":"Impervious","floor":11},{"not_picked":["Pummel","Iron Wave"],"picked":"Bomb","floor":12},{"not_picked":["Shrug It Off","Impervious"],"picked":"Feel No Pain","floor":14},{"not_picked":["Barricade","Reaper"],"picked":"Brutality","floor":16},{"not_picked":["Twin Strike","Body Slam"],"picked":"Spot Weakness","floor":18},{"not_picked":["True Grit","Clothesline"],"picked":"Sever Soul+1","floor":20},{"not_picked":["Headbutt","Body Slam"],"picked":"Clash","floor":21}],"player_experience":71235,"relics_obtained":[{"floor":10,"key":"Sundial"},{"floor":14,"key":"Gremlin Horn"},{"floor":20,"key":"Blue Candle"},{"floor":20,"key":"Pen Nib"},{"floor":22,"key":"Kunai"}],"event_choices":[{"cards_removed":["Shame"],"damage_healed":0,"gold_gain":0,"player_choice":"Card Removal","damage_taken":0,"max_hp_gain":0,"max_hp_loss":0,"event_name":"The Cleric","floor":7,"gold_loss":50},{"damage_healed":0,"gold_gain":72,"player_choice":"Gained Gold","damage_taken":0,"max_hp_gain":0,"max_hp_loss":0,"event_name":"Golden Wing","floor":8,"gold_loss":0},{"damage_healed":0,"gold_gain":0,"player_choice":"Obtain J.A.X.","damage_taken":0,"max_hp_gain":0,"max_hp_loss":0,"event_name":"Drug Dealer","floor":19,"gold_loss":0,"cards_obtained":["J.A.X."]},{"damage_healed":0,"gold_gain":0,"player_choice":"Fight","damage_taken":0,"max_hp_gain":0,"max_hp_loss":0,"event_name":"HidenRoomEvent","floor":20,"gold_loss":0}],"is_beta":false,"boss_relics":[{"not_picked":["Empty Cage","Coffee Dripper"],"picked":"Fusion Hammer"},{"not_picked":[]}],"items_purged_floors":[],"is_endless":false,"potions_floor_spawned":[2,5,6,12,16,20,21],"killed_by":"Slavers","ascension_level":0}}