{"host":"ugtsb9tf4jnucn15","time":1610052546,"event":{"mods":["BaseMod","Hermit","Hubris","Infinite Spire","Minty Spire (QoL Compilation)","StSLib","The Bug Knight"],"gold_per_floor":[118,134,154,154,154,189,189,223,223,223,234,252,267,267,267,363,363,383,398,398,398,414,414,419,419],"floor_reached":24,"playtime":1512,"items_purged":[],"score":208,"play_id":"0f3d2a83-ffcd-446c-820c-85ad2c553caf","local_time":"20210107214906","is_ascension_mode":false,"campfire_choices":[{"data":"hermit:Snapshot","floor":7,"key":"SMITH"},{"floor":10,"key":"REST"},{"floor":15,"key":"REST"},{"floor":23,"key":"REST"}],"circlet_count":0,"master_deck":["hermit:Strike_Hermit","hermit:Strike_Hermit","hermit:Strike_Hermit","hermit:Defend_Hermit","hermit:Defend_Hermit","hermit:Defend_Hermit","hermit:Defend_Hermit","hermit:Snapshot+1","hermit:Covet","hermit:Ricochet","hermit:Quickdraw","hermit:Enervate","hermit:Gestalt","Regret","hermit:BlackWind","hermit:Ricochet","hermit:Feint+1","hermit:Scavenge"],"relics":["hermit:Momento","NeowsBlessing","White Beast Statue","Boot","Calipers","infinitespire:WardingShard","hubris:Towel"],"acts_visited":["Exordium","TheCity"],"potions_floor_usage":[8,12,16,18,19,22,22,24,24],"damage_taken":[{"damage":0,"enemies":"Small Slimes","floor":1,"turns":2},{"damage":0,"enemies":"infinitespire:Voidling","floor":2,"turns":1},{"damage":0,"enemies":"Jaw Worm","floor":3,"turns":1},{"damage":21,"enemies":"Lagavulin","floor":6,"turns":6},{"damage":8,"enemies":"Gremlin Nob","floor":8,"turns":3},{"damage":4,"enemies":"Blue Slaver","floor":11,"turns":2},{"damage":13,"enemies":"Exordium Thugs","floor":12,"turns":4},{"damage":6,"enemies":"3 Louse","floor":13,"turns":3},{"damage":58,"enemies":"Hexaghost","floor":16,"turns":12},{"damage":2,"enemies":"Shell Parasite","floor":18,"turns":4},{"damage":3,"enemies":"3 Byrds","floor":19,"turns":4},{"damage":12,"enemies":"3 Cultists","floor":22,"turns":5},{"damage":80,"enemies":"Book of Stabbing","floor":24,"turns":8}],"seed_played":"-3542398893479335172","potions_obtained":[{"floor":6,"key":"hermit:Eclipse"},{"floor":8,"key":"hermit:Tonic"},{"floor":11,"key":"ColorlessPotion"},{"floor":12,"key":"FearPotion"},{"floor":13,"key":"PowerPotion"},{"floor":16,"key":"hermit:Tonic"},{"floor":18,"key":"ColorlessPotion"},{"floor":19,"key":"ColorlessPotion"},{"floor":22,"key":"SkillPotion"}],"is_trial":false,"path_per_floor":["M","M","M","$","?","E","R","E","T","R","M","M","M","?","R","B",null,"M","M","?","?","M","R","E"],"character_chosen":"HERMIT","items_purchased":[],"campfire_rested":3,"item_purchase_floors":[],"current_hp_per_floor":[75,75,75,75,75,54,54,46,46,68,64,51,45,45,67,9,75,73,70,70,70,58,75,0,0],"gold":419,"neow_bonus":"THREE_ENEMY_KILL","is_daily":false,"chose_seed":false,"campfire_upgraded":1,"win_rate":0.0,"timestamp":1610052546,"path_taken":["M","M","M","$","?","E","R","E","T","R","M","M","?","?","R","BOSS","M","M","?","?","M","R","E"],"items_purchased_type":[],"build_version":"2020-12-22","purchased_purges":0,"victory":false,"max_hp_per_floor":[75,75,75,75,75,75,75,75,75,75,75,75,75,75,75,75,75,75,75,75,75,75,75,75,75],"card_choices":[{"not_picked":["hermit:Coalescence","hermit:HoleUp"],"picked":"hermit:Ricochet","floor":1},{"not_picked":["hermit:SprayPray","hermit:CalledShot","hermit:Coalescence"],"picked":"SKIP","floor":2},{"not_picked":["hermit:Virtue","hermit:Manifest"],"picked":"hermit:Quickdraw","floor":3},{"not_picked":["hermit:BodyArmor","hermit:CursedWeapon","hermit:Malice"],"picked":"SKIP","floor":6},{"not_picked":["hermit:Spite","hermit:HoleUp","hermit:Misfire"],"picked":"SKIP","floor":8},{"not_picked":["hermit:ItchyTrigger","hermit:WideOpen","hermit:HighCaliber"],"picked":"SKIP","floor":11},{"not_picked":["hermit:Adapt","hermit:BodyArmor"],"picked":"hermit:Enervate","floor":12},{"not_picked":["hermit:Enervate","hermit:TakeCover"],"picked":"hermit:Gestalt","floor":13},{"not_picked":["hermit:EternalForm","hermit:OverwhelmingPower"],"picked":"hermit:BlackWind","floor":16},{"not_picked":["hermit:HighCaliber+1","hermit:Quickdraw"],"picked":"hermit:Ricochet","floor":18},{"not_picked":["hermit:HighCaliber","hermit:Ricochet"],"picked":"hermit:Feint+1","floor":19},{"not_picked":["hermit:Horror","hermit:Showdown"],"picked":"hermit:Scavenge","floor":22}],"player_experience":3177,"relics_obtained":[{"floor":6,"key":"White Beast Statue"},{"floor":8,"key":"Boot"},{"floor":9,"key":"Calipers"}],"event_choices":[{"cards_removed":["hermit:Strike_Hermit"],"damage_healed":0,"gold_gain":0,"player_choice":"Offered Basic","damage_taken":0,"max_hp_gain":0,"max_hp_loss":0,"event_name":"Bonfire Elementals","floor":5,"gold_loss":0},{"damage_healed":0,"gold_gain":0,"player_choice":"Box","damage_taken":0,"relics_obtained":["infinitespire:WardingShard"],"max_hp_gain":0,"max_hp_loss":0,"event_name":"Big Fish","floor":14,"gold_loss":0,"cards_obtained":["Regret"]},{"damage_healed":0,"gold_gain":0,"player_choice":"Ignored","damage_taken":0,"max_hp_gain":0,"max_hp_loss":0,"event_name":"N\u0027loth","floor":21,"gold_loss":0}],"is_beta":false,"boss_relics":[{"not_picked":["Ectoplasm","Sozu","Coffee Dripper"]}],"items_purged_floors":[],"is_endless":false,"potions_floor_spawned":[6,8,11,12,13,16,18,19,22],"killed_by":"Book of Stabbing","ascension_level":0}}