{"host":"2lvuisjyit3p3u01","time":1610019430,"event":{"mods":["Act Like it!","BaseMod","Bestiary","Better Synergies","CapriCore","Colored Map","Colored Powertips","Duelist Mod","GifTheSpireLib","Minty Spire (QoL Compilation)","Quick Restart","Replay The Spire","StSLib"],"gold_per_floor":[138,138,11,21,36,69,69,103,103,103,113,131,131,0,0,100,100,114,114,114,114,14,43,55,55,55,88,104,116,128,128,128,225,225,236,13,13,83,128,128,141,141,141,168,168,168,203,213,213,213],"floor_reached":51,"playtime":1959,"items_purged":["theDuelist:Sparks","theDuelist:Sparks","theDuelist:BlackStego"],"score":1220,"play_id":"a64ea861-e711-4579-85a5-dead83aac346","local_time":"20210107133710","is_ascension_mode":true,"campfire_choices":[{"data":"theDuelist:BurstBreath","floor":7.0,"key":"SMITH"},{"data":"theDuelist:BabyDragon","floor":10.0,"key":"SMITH"},{"data":"theDuelist:CastleDragonSouls","floor":15.0,"key":"SMITH"},{"data":"theDuelist:VoidOgreDragon","floor":25,"key":"SMITH"},{"floor":32,"key":"REST"},{"data":"theDuelist:SeismicShockwave","floor":40,"key":"SMITH"},{"floor":42,"key":"REST"}],"circlet_count":0,"master_deck":["theDuelist:BabyDragon+1","theDuelist:CaveDragon+1","theDuelist:CaveDragon","theDuelist:LesserDragon","theDuelist:LesserDragon","theDuelist:YamataDragon","theDuelist:AtomicScrapDragon","theDuelist:LesserDragon","theDuelist:BurstBreath+1","theDuelist:DarkHorus","theDuelist:TwinBarrelDragon","theDuelist:LordD+1","theDuelist:CastleDragonSouls+1","theDuelist:GravityLash","theDuelist:VoidOgreDragon+1","theDuelist:Freezadon","theDuelist:SeismicShockwave+1","theDuelist:WaterDragon+1","theDuelist:DragonMastery+1","theDuelist:AncientGearGadjiltron+1","theDuelist:PsiCurse","theDuelist:SilverWing+1","theDuelist:BabyDragon+1","Sickly"],"relics":["theDuelist:MillenniumPuzzle","theDuelist:CardPoolRelic","theDuelist:CardPoolBasicRelic","theDuelist:BoosterPackPoolRelic","theDuelist:CardPoolAddRelic","theDuelist:CardPoolMinusRelic","theDuelist:CardPoolSaveRelic","theDuelist:CardPoolOptionsRelic","Toy Ornithopter","Unceasing Top","Question Card","MutagenicStrength","Divine Protection","theDuelist:BoosterBetterBoostersRelic","Byrd Skull","Meat on the Bone","Runic Pyramid","theDuelist:ShopToken","theDuelist:MillenniumScale","Replay:Wax Seal","Thread and Needle","Calipers","Basket Of Snakes","Pantograph","Replay:Bottled Flurry","Ring of Chaos","Ring of Peace","theDuelist:DuelistUrn"],"acts_visited":["Exordium","TheCity","TheBeyond"],"potions_floor_usage":[29,31,33,39,39,41,50,50],"damage_taken":[{"damage":1.0,"enemies":"2 Louse","floor":1.0,"turns":4.0},{"damage":0.0,"enemies":"Cultist","floor":4.0,"turns":2.0},{"damage":0.0,"enemies":"Small Slimes","floor":5.0,"turns":1.0},{"damage":0.0,"enemies":"Lagavulin","floor":6.0,"turns":2.0},{"damage":1.0,"enemies":"Replay:BlueRogue","floor":8.0,"turns":3.0},{"damage":0.0,"enemies":"Blue Slaver","floor":11.0,"turns":1.0},{"damage":0.0,"enemies":"Large Slime","floor":12.0,"turns":2.0},{"damage":3.0,"enemies":"The Guardian","floor":16.0,"turns":6.0},{"damage":20.0,"enemies":"Shell Parasite","floor":18.0,"turns":3.0},{"damage":0.0,"enemies":"theDuelist:KaibaA2","floor":23.0,"turns":2.0},{"damage":0,"enemies":"Spheric Guardian","floor":24,"turns":3},{"damage":19,"enemies":"Replay:Snechameleon","floor":27,"turns":5},{"damage":10,"enemies":"Centurion and Healer","floor":28,"turns":4},{"damage":10,"enemies":"Snake Plant","floor":29,"turns":2},{"damage":7,"enemies":"3 Cultists","floor":30,"turns":5},{"damage":24,"enemies":"Colosseum Slavers","floor":31,"turns":4},{"damage":42,"enemies":"Champ","floor":33,"turns":7},{"damage":0,"enemies":"Orb Walker","floor":35,"turns":2},{"damage":3,"enemies":"Orb Walker","floor":39,"turns":4},{"damage":4,"enemies":"3 Shapes","floor":41,"turns":2},{"damage":0,"enemies":"Giant Head","floor":44,"turns":8},{"damage":0,"enemies":"R_Hoarder","floor":47,"turns":7},{"damage":3,"enemies":"Transient","floor":48,"turns":5},{"damage":64,"enemies":"Donu and Deca","floor":50,"turns":7}],"seed_played":"8825385260356418079","potions_obtained":[{"floor":1.0,"key":"PowerPotion"},{"floor":5.0,"key":"SkillPotion"},{"floor":27,"key":"LiquidBronze"},{"floor":28,"key":"Strength Potion"},{"floor":29,"key":"theDuelist:TokenPotion"},{"floor":38,"key":"GamblersBrew"},{"floor":38,"key":"Strength Potion"},{"floor":39,"key":"DistilledChaos"},{"floor":44,"key":"FocusPotion"},{"floor":47,"key":"theDuelist:FlamingBottle"}],"is_trial":false,"path_per_floor":["M","?","$","M","M","E","R","E","T","R","M","M","?","$","R","B",null,"M","?","?","T","$","E","M","R","T","E","M","M","M","?","R","B",null,"M","$","?","?","?","R","M","R","T","E","?","?","E","M","R_BF","B",null],"character_chosen":"THE_DUELIST","items_purchased":["theDuelist:LesserDragon","theDuelist:CastleDragonSouls","Strength Potion","theDuelist:ShopToken","AttackPotion"],"campfire_rested":2,"item_purchase_floors":[3,14,14,36,36],"current_hp_per_floor":[79,79,79,79,79,79,79,78,78,78,78,78,78,78,78,77,79,59,59,59,59,59,59,59,59,59,40,42,49,42,35,59,34,69,69,69,69,37,44,44,45,69,69,69,69,69,69,70,80,32],"gold":213,"neow_bonus":"REMOVE_CARD","is_daily":false,"chose_seed":false,"campfire_upgraded":5,"win_rate":0.0,"timestamp":1610019430,"path_taken":["M","?","$","M","?","E","R","E","T","R","M","M","?","$","R","BOSS","M","?","?","?","?","E","M","R","T","E","M","M","?","?","R","BOSS","M","$","?","?","?","R","?","R","T","E","?","?","E","M","R_BF","BOSS"],"items_purchased_type":["Card","Card","Potion","Relic","Potion"],"build_version":"2020-12-22","purchased_purges":3,"victory":true,"max_hp_per_floor":[80,80,80,80,80,80,80,80,80,80,80,80,80,80,80,80,80,80,80,80,80,80,80,80,80,80,80,80,80,80,80,80,80,80,80,80,80,80,80,80,80,80,80,80,80,80,80,80,80,80],"card_choices":[{"not_picked":["theDuelist:FrozenFitzgerald","theDuelist:ExploderDragonwing"],"picked":"theDuelist:AtomicScrapDragon","floor":1.0},{"not_picked":["theDuelist:Sabersaurus","theDuelist:RedEyesZombie"],"picked":"theDuelist:BurstBreath","floor":4.0},{"not_picked":["theDuelist:BlackTyranno","theDuelist:BlackStego","theDuelist:MadSwordBeast"],"picked":"SKIP","floor":5.0},{"not_picked":["theDuelist:DarkDriceratops","theDuelist:DreadnoughtDreadnoid"],"picked":"theDuelist:DarkHorus","floor":6.0},{"not_picked":["theDuelist:Hydrogeddon","theDuelist:CyberDragonDrei","theDuelist:RedEyesZombie"],"picked":"SKIP","floor":8.0},{"not_picked":["theDuelist:CyberDinosaur","theDuelist:DefenseZone","theDuelist:CloudianGhost"],"picked":"theDuelist:TwinBarrelDragon","floor":11.0},{"not_picked":["theDuelist:BlackStego","theDuelist:CyberEmergency","theDuelist:GalaxyTyranno"],"picked":"theDuelist:LordD","floor":12.0},{"not_picked":["theDuelist:WingedDragonRa","theDuelist:Lancephorhynchus","theDuelist:FiveHeaded"],"picked":"theDuelist:GravityLash","floor":16.0},{"not_picked":["theDuelist:SnowdustDragon","theDuelist:CyberDragon","theDuelist:AtomicScrapDragon"],"picked":"SKIP","floor":18.0},{"not_picked":["theDuelist:BlueEyesUltimate","theDuelist:CyberDragonInfinity+1"],"picked":"theDuelist:VoidOgreDragon","floor":23.0},{"not_picked":["theDuelist:Hydrogeddon","theDuelist:BusterBlader","theDuelist:Beatraptor","theDuelist:Kabazauls"],"picked":"theDuelist:BlackStego","floor":24},{"not_picked":["theDuelist:Pyrorex","theDuelist:LesserDragon","theDuelist:FrostflameDragon","theDuelist:SauropodBrachion+1"],"picked":"theDuelist:Freezadon","floor":27},{"not_picked":["theDuelist:StarlightRoad+1","theDuelist:DefenseDraw","theDuelist:SurvivalFittest+1","theDuelist:DefensiveTactics+1"],"picked":"theDuelist:SeismicShockwave","floor":28},{"not_picked":["theDuelist:BSkullDragon","theDuelist:RedHeadedOni+1","theDuelist:FangCritias+1","theDuelist:BusterBladerDDS"],"picked":"theDuelist:WaterDragon+1","floor":29},{"not_picked":["theDuelist:YamataDragon","theDuelist:CyberDragonVier+1","theDuelist:TwinBarrelDragon","theDuelist:Pyrorex","theDuelist:RedEyesZombie"],"picked":"SKIP","floor":30},{"not_picked":["theDuelist:WaterDragon","theDuelist:SeismicShockwave","theDuelist:DefensiveTactics","theDuelist:BSkullDragon"],"picked":"theDuelist:DragonMastery+1","floor":33},{"not_picked":["theDuelist:StampingDestruction+1","theDuelist:EyeTimaeus+1","theDuelist:Carboneddon","theDuelist:TailSwipe+1"],"picked":"theDuelist:AncientGearGadjiltron","floor":35},{"not_picked":["theDuelist:Earthquake","theDuelist:DragonShield+1","theDuelist:DragonMirror+1","theDuelist:StampingDestruction+3"],"picked":"theDuelist:SilverWing+1","floor":39},{"not_picked":["theDuelist:MirageDragon","theDuelist:TornadoDragon","theDuelist:BusterDrake","theDuelist:Earthquake+1"],"picked":"theDuelist:BabyDragon+1","floor":41},{"not_picked":["theDuelist:Kabazauls","theDuelist:CyberValley","theDuelist:AquaDolphin+1","theDuelist:AncientPixieDragon","theDuelist:BeserkDragon+1"],"picked":"SKIP","floor":44},{"not_picked":["theDuelist:MadFlameKaiju","theDuelist:BlackTyranno","theDuelist:BarrelDragon","theDuelist:TrihornedDragon","theDuelist:BlackStego+1"],"picked":"SKIP","floor":47},{"not_picked":["theDuelist:BusterBladerDDS+1","theDuelist:CyberDragonInfinity+1","theDuelist:ChimeratechOverdragon+1"],"picked":"SKIP","floor":48}],"player_experience":263936,"relics_obtained":[{"floor":6.0,"key":"Toy Ornithopter"},{"floor":8.0,"key":"Unceasing Top"},{"floor":9.0,"key":"Question Card"},{"floor":21.0,"key":"Divine Protection"},{"floor":23.0,"key":"theDuelist:BoosterBetterBoostersRelic"},{"floor":26,"key":"Byrd Skull"},{"floor":27,"key":"Meat on the Bone"},{"floor":38,"key":"Replay:Wax Seal"},{"floor":39,"key":"Thread and Needle"},{"floor":39,"key":"Calipers"},{"floor":39,"key":"Basket Of Snakes"},{"floor":43,"key":"Pantograph"},{"floor":44,"key":"Replay:Bottled Flurry"},{"floor":45,"key":"Ring of Chaos"},{"floor":45,"key":"Ring of Peace"},{"floor":47,"key":"theDuelist:DuelistUrn"}],"event_choices":[{"cards_removed":["theDuelist:CastleWalls"],"damage_healed":0.0,"max_hp_gain":0.0,"max_hp_loss":0.0,"gold_gain":0.0,"event_name":"Purifier","player_choice":"Purged","floor":2.0,"gold_loss":0.0,"damage_taken":0.0},{"damage_healed":0.0,"max_hp_gain":0.0,"max_hp_loss":0.0,"gold_gain":0.0,"event_name":"Living Wall","player_choice":"Grow","floor":13.0,"gold_loss":0.0,"damage_taken":0.0,"cards_upgraded":["theDuelist:LordD"]},{"damage_healed":0.0,"max_hp_gain":0.0,"max_hp_loss":0.0,"gold_gain":0.0,"event_name":"Cursed Tome","player_choice":"Ignored","floor":19.0,"gold_loss":0.0,"damage_taken":0.0},{"damage_healed":0.0,"max_hp_gain":0.0,"max_hp_loss":0.0,"gold_gain":0.0,"event_name":"Drug Dealer","player_choice":"Inject Mutagens","floor":20.0,"gold_loss":0.0,"damage_taken":0.0,"relics_obtained":["MutagenicStrength"]},{"damage_healed":0,"gold_gain":0,"player_choice":"Fight","damage_taken":0,"max_hp_gain":0,"max_hp_loss":0,"event_name":"Colosseum","floor":31,"gold_loss":0},{"damage_healed":0,"gold_gain":0,"player_choice":"Fled From Nobs","damage_taken":0,"max_hp_gain":0,"max_hp_loss":0,"event_name":"Colosseum","floor":31,"gold_loss":0},{"damage_healed":0,"gold_gain":0,"player_choice":"Took item - Received: Millennium Scale","duelist":true,"damage_taken":0,"max_hp_gain":0,"max_hp_loss":0,"event_name":"Millennium Items","floor":37,"gold_loss":0},{"damage_healed":0,"gold_gain":0,"player_choice":"Fight","duelist":true,"damage_taken":0,"max_hp_gain":0,"max_hp_loss":0,"event_name":"Battle City","floor":39,"gold_loss":0},{"damage_healed":0,"gold_gain":0,"player_choice":"Forge","damage_taken":0,"max_hp_gain":0,"max_hp_loss":0,"event_name":"Accursed Blacksmith","floor":46,"gold_loss":0,"cards_upgraded":["theDuelist:AncientGearGadjiltron"]}],"is_beta":false,"boss_relics":[{"not_picked":["theDuelist:HauntedRelic","Coffee Dripper","Abe\u0027s Treasure"]},{"not_picked":["Snecko Scales","Astrolabe"],"picked":"Runic Pyramid"}],"items_purged_floors":[3,22,36],"is_endless":false,"potions_floor_spawned":[1,5,27,28,29,31,39,44,47],"ascension_level":5}}