{"host":"d61fcf2p3sjwe6yo","time":1610007621,"event":{"mods":["AchievementEnabler","BaseMod","Colored Map","Downfall","Minty Spire (QoL Compilation)","StSLib","SuperFastMode"],"gold_per_floor":[99,116,132,143,143,154,231,264,264,264,264,264],"floor_reached":10,"playtime":374,"items_purged":[],"score":95,"play_id":"f8fbf359-0aa6-4d41-9231-c70d01fc0f14","local_time":"20210107112021","is_ascension_mode":true,"campfire_choices":[{"data":"Slimebound:Split","floor":1,"key":"SMITH"}],"circlet_count":0,"master_deck":["Slimebound:Strike_Slimebound","Slimebound:Strike_Slimebound","Slimebound:Tackle","Slimebound:Defend_Slimebound","Slimebound:Defend_Slimebound","Slimebound:Defend_Slimebound","Slimebound:Defend_Slimebound","Slimebound:Split+1","Slimebound:CorrosiveSpit","Slimebound:SplitMire","Slimebound:Equalize"],"relics":["Slimebound:AbsorbEndCombat","Question Card","Slimebound:ScrapOozeRelic"],"acts_visited":["Exordium"],"potions_floor_usage":[8],"damage_taken":[{"damage":17,"enemies":"2 Louse","floor":2,"turns":2},{"damage":8,"enemies":"Jaw Worm","floor":3,"turns":3},{"damage":9,"enemies":"Cultist","floor":4,"turns":3},{"damage":24,"enemies":"3 Louse","floor":6,"turns":4},{"damage":22,"enemies":"Lagavulin","floor":8,"turns":8},{"damage":57,"enemies":"3 Sentries","floor":10,"turns":6}],"seed_played":"-7667541599755987056","potions_obtained":[{"floor":4,"key":"SkillPotion"}],"is_trial":false,"path_per_floor":["R","M","M","M","?","M","T","E","?","E"],"character_chosen":"SLIMEBOUND","items_purchased":[],"campfire_rested":0,"item_purchase_floors":[],"current_hp_per_floor":[51,46,52,55,55,45,45,45,45,0,0,0],"gold":264,"neow_bonus":"TWENTY_PERCENT_HP_BONUS","is_daily":false,"chose_seed":false,"campfire_upgraded":1,"win_rate":0.0,"timestamp":1610007621,"path_taken":["R","M","M","M","?","M","T","E","?","E"],"items_purchased_type":[],"build_version":"2020-12-22","purchased_purges":0,"victory":false,"max_hp_per_floor":[72,72,72,72,72,72,72,72,72,72,72,72],"card_choices":[{"not_picked":["Slimebound:LeechEnergy","Slimebound:FormOfPuddle","Slimebound:SplitLeeching"],"picked":"SKIP","floor":2},{"not_picked":["Slimebound:SlimeTap","Slimebound:GrowthPunch","Slimebound:AcidTongue"],"picked":"SKIP","floor":3},{"not_picked":["Slimebound:FlameTackle","Slimebound:GoopSpray","Slimebound:ProtectTheBoss"],"picked":"SKIP","floor":4},{"not_picked":["Slimebound:ViciousTackle","Slimebound:MassRepurpose"],"picked":"Slimebound:SplitMire","floor":6},{"not_picked":["Slimebound:GrowthPunch","Slimebound:SplitMire","Slimebound:SplitBruiser"],"picked":"Slimebound:Equalize","floor":8}],"player_experience":451631,"relics_obtained":[{"floor":7,"key":"Question Card"},{"floor":8,"key":"Art of War"}],"event_choices":[],"is_beta":false,"boss_relics":[],"items_purged_floors":[],"is_endless":false,"potions_floor_spawned":[4],"killed_by":"3 Sentries","ascension_level":8}}