{"host":"18wi9kpcl4eah7pe","time":1610007004,"event":{"mods":["BaseMod","Colored Powertips","Downfall","Minty Spire (QoL Compilation)","StSLib"],"gold_per_floor":[99,99,99,99,119,135,135,160,160,10,10,30,30,44,61,160,160,85,105,115,135,83,99,122,122,122,122],"floor_reached":25,"playtime":1276,"items_purged":[],"score":248,"play_id":"ed41ba53-9744-4610-a3e6-b685fa2debaa","local_time":"20210107021004","is_ascension_mode":true,"campfire_choices":[{"floor":1,"key":"RECALL"},{"floor":10,"key":"REST"},{"data":"hexamod:SoulSteal","floor":18,"key":"SMITH"}],"circlet_count":0,"master_deck":["hexamod:Strike","hexamod:Strike","hexamod:Strike","hexamod:Defend","hexamod:Defend","hexamod:Defend","hexamod:Defend","hexamod:Sear","hexamod:Float","hexamod:HauntingEcho","hexamod:Hexaguard","hexamod:TimeOfNeed","hexamod:GhostLash","hexamod:GhostOfSpireFuture","hexamod:SoulSteal+1","hexamod:FourthSeal","hexamod:Firestarter","hexamod:HeatShield","hexamod:BurningTouch","hexamod:HexaLevel","hexamod:SwordOfDarkness","hexamod:ThermalTransfer","hexamod:SpectersWail","hexamod:AdvancingGuard","hexamod:StepThrough","hexamod:ShieldOfDarkness"],"relics":["hexamod:SpiritBrand","downfall:HeartsMalice","Strawberry","downfall:HeartBlessingGreen","downfall:HeartBlessingBlue","Black Star","downfall:HeartBlessingRed","Juzu Bracelet"],"acts_visited":["Exordium","TheCity"],"potions_floor_usage":[16,16,20,21,21,22,23,23,25,25],"damage_taken":[{"damage":0,"enemies":"Cultist","floor":2,"turns":1},{"damage":0,"enemies":"2 Louse","floor":3,"turns":1},{"damage":0,"enemies":"downfall:FleeingMerchant","floor":4,"turns":1},{"damage":0,"enemies":"Small Slimes","floor":5,"turns":4},{"damage":5,"enemies":"2 Fungi Beasts","floor":6,"turns":3},{"damage":17,"enemies":"Lagavulin","floor":8,"turns":5},{"damage":16,"enemies":"Gremlin Gang","floor":12,"turns":4},{"damage":5,"enemies":"Blue Slaver","floor":14,"turns":4},{"damage":0,"enemies":"3 Louse","floor":15,"turns":3},{"damage":15,"enemies":"downfall:Watcher","floor":16,"turns":6},{"damage":22,"enemies":"Shell Parasite","floor":19,"turns":6},{"damage":0,"enemies":"Spheric Guardian","floor":20,"turns":3},{"damage":24,"enemies":"Snake Plant","floor":21,"turns":5},{"damage":0,"enemies":"downfall:FleeingMerchant","floor":22,"turns":4},{"damage":24,"enemies":"3 Cultists","floor":23,"turns":6},{"damage":27,"enemies":"Cultist and Chosen","floor":25,"turns":6}],"seed_played":"-97492722447651387","potions_obtained":[{"floor":5,"key":"Swift Potion"},{"floor":6,"key":"Swift Potion"},{"floor":8,"key":"DuplicationPotion"},{"floor":12,"key":"hexamod:EctoCoolerPotion"},{"floor":14,"key":"Fire Potion"},{"floor":16,"key":"Strength Potion"},{"floor":19,"key":"AttackPotion"},{"floor":20,"key":"Slimebound:ThreeZeroPotion"},{"floor":21,"key":"hexamod:EctoCoolerPotion"},{"floor":21,"key":"Swift Potion"},{"floor":23,"key":"FearPotion"},{"floor":23,"key":"Ancient Potion"}],"is_trial":false,"path_per_floor":["R","M","M","$","M","M","T","E","?","R","?","M","?","M","M","B",null,"R","M","M","M","$","M","T","M"],"character_chosen":"THE_SPIRIT","items_purchased":["hexamod:StepThrough"],"campfire_rested":1,"item_purchase_floors":[22],"current_hp_per_floor":[70,70,70,70,70,65,65,55,55,87,87,71,76,71,71,56,92,92,70,70,46,46,22,22,0,0,0],"gold":122,"neow_bonus":"THREE_ENEMY_KILL","is_daily":false,"chose_seed":false,"campfire_upgraded":1,"win_rate":0.0,"timestamp":1610007004,"path_taken":["R","M","M","?","M","?","T","E","?","R","?","M","?","M","M","BOSS","R","M","M","M","$","M","T","M"],"items_purchased_type":["Card"],"build_version":"2020-12-22","purchased_purges":0,"victory":false,"max_hp_per_floor":[70,70,70,70,70,70,70,77,77,87,87,87,92,92,92,92,92,92,92,92,92,92,92,92,92,92,92],"card_choices":[{"not_picked":["hexamod:FastForward","hexamod:ThirdSeal"],"picked":"hexamod:HauntingEcho","floor":2},{"not_picked":["hexamod:NightmareStrike","hexamod:NightmareGuise"],"picked":"hexamod:Hexaguard","floor":3},{"not_picked":["hexamod:GhostShield","hexamod:FirstSeal"],"picked":"hexamod:TimeOfNeed","floor":4},{"not_picked":["hexamod:BacktrackSmack","hexamod:NightmareGuise"],"picked":"hexamod:GhostLash","floor":5},{"not_picked":["hexamod:SoulSteal","hexamod:RainOfEmbers"],"picked":"hexamod:GhostOfSpireFuture","floor":6},{"not_picked":["hexamod:NecessarySacrifice","hexamod:SpectralSpark"],"picked":"hexamod:SoulSteal","floor":8},{"not_picked":["hexamod:UnlimitedPower","hexamod:BacktrackSmack"],"picked":"hexamod:Firestarter","floor":12},{"not_picked":["hexamod:BurningTouch","hexamod:GhostShield"],"picked":"hexamod:HeatShield","floor":14},{"not_picked":["hexamod:Firestarter","hexamod:HauntingEcho"],"picked":"hexamod:BurningTouch","floor":15},{"not_picked":["hexamod:UnlimitedPower","hexamod:Toasty"],"picked":"hexamod:HexaLevel","floor":16},{"not_picked":["hexamod:EmpoweredFlame","hexamod:GhostOfSpirePast"],"picked":"hexamod:SwordOfDarkness","floor":19},{"not_picked":["hexamod:HeatShield","hexamod:EmpoweredFlame"],"picked":"hexamod:ThermalTransfer","floor":20},{"not_picked":["hexamod:CatchUp","hexamod:AdvancingGuard+1"],"picked":"hexamod:SpectersWail","floor":21},{"not_picked":["hexamod:SwordOfDarkness","hexamod:NightmareGuise+1"],"picked":"hexamod:AdvancingGuard","floor":22},{"not_picked":["hexamod:Haunt+1","hexamod:GhostOfSpirePast"],"picked":"hexamod:ShieldOfDarkness","floor":23}],"player_experience":881748,"relics_obtained":[{"floor":8,"key":"Strawberry"},{"floor":24,"key":"Juzu Bracelet"}],"event_choices":[{"damage_healed":0,"gold_gain":0,"player_choice":"Donut","damage_taken":0,"max_hp_gain":5,"max_hp_loss":0,"event_name":"Big Fish","floor":13,"gold_loss":0}],"is_beta":false,"boss_relics":[{"not_picked":["Sozu","Astrolabe"],"picked":"Black Star"}],"items_purged_floors":[],"is_endless":false,"potions_floor_spawned":[5,6,8,12,15,20,21,23],"killed_by":"Cultist and Chosen","ascension_level":2}}