{"host":"9vecvdjkx64cw9bo","time":1610009230,"event":{"mods":["Ascension Unlocker","BaseMod","Custom Start","Keyboard Shortcuts","Minty Spire (QoL Compilation)","Quick Restart","StSLib","SuperFastMode"],"gold_per_floor":[117,42,42,42,42,81,81,94,94,117,42,67,16,59,59,167,167,188,188,215,115,124,124,124,142,142,142,142],"floor_reached":27,"playtime":481,"items_purged":["Strike_B","Strike_B"],"score":538,"play_id":"13f7eb3c-82db-4019-992a-d1e5bf0442d1","local_time":"20210107174710","is_ascension_mode":true,"campfire_choices":[{"data":"Zap","floor":7.0,"key":"SMITH"},{"data":"Darkness","floor":15.0,"key":"SMITH"},{"data":"Recycle","floor":23.0,"key":"SMITH"}],"circlet_count":0,"master_deck":["AscendersBane","Strike_B","Strike_B+1","Defend_B","Defend_B","Defend_B","Zap+1","Dualcast+1","Hologram","Genetic Algorithm","Darkness+1","Echo Form","Recycle+1","Leap","Echo Form","Self Repair","Hologram"],"relics":["Cracked Core","NeowsBlessing","Golden Idol","Boot","Symbiotic Virus","CeramicFish","Runic Pyramid","Toy Ornithopter","Gremlin Horn"],"acts_visited":["Exordium","TheCity"],"potions_floor_usage":[25],"damage_taken":[{"damage":0.0,"enemies":"2 Louse","floor":1.0,"turns":1.0},{"damage":0.0,"enemies":"Gremlin Nob","floor":6.0,"turns":1.0},{"damage":0.0,"enemies":"Small Slimes","floor":8.0,"turns":1.0},{"damage":4.0,"enemies":"Jaw Worm","floor":10.0,"turns":3.0},{"damage":26.0,"enemies":"Exordium Thugs","floor":12.0,"turns":4.0},{"damage":0.0,"enemies":"Lagavulin","floor":14.0,"turns":7.0},{"damage":6.0,"enemies":"Hexaghost","floor":16.0,"turns":8.0},{"damage":2.0,"enemies":"3 Byrds","floor":18.0,"turns":4.0},{"damage":8.0,"enemies":"Spheric Guardian","floor":20.0,"turns":4.0},{"damage":41,"enemies":"Cultist and Chosen","floor":25,"turns":8},{"damage":18,"enemies":"Centurion and Healer","floor":27,"turns":1}],"seed_played":"4070780751751127918","potions_obtained":[{"floor":6.0,"key":"Dexterity Potion"},{"floor":8.0,"key":"LiquidMemories"},{"floor":10.0,"key":"Energy Potion"},{"floor":14.0,"key":"Dexterity Potion"},{"floor":18.0,"key":"Strength Potion"},{"floor":20.0,"key":"DistilledChaos"}],"is_trial":false,"path_per_floor":["M","?","?","?","$","E","R","M","T","M","$","M","$","E","R","B",null,"M","?","M","$","?","R","?","M","T","M"],"character_chosen":"DEFECT","items_purchased":["Leap"],"campfire_rested":0,"item_purchase_floors":[13],"current_hp_per_floor":[64,64,43,43,43,43,43,43,43,39,39,13,13,13,13,7,50,48,48,40,40,40,40,40,18,18,0,0],"gold":142,"neow_bonus":"THREE_ENEMY_KILL","is_daily":false,"chose_seed":false,"campfire_upgraded":3,"win_rate":0.0,"timestamp":1610009230,"path_taken":["M","?","?","?","?","E","R","M","T","M","$","M","$","E","R","BOSS","M","?","M","$","?","R","?","M","T","M"],"items_purchased_type":["Card"],"build_version":"2020-12-22","purchased_purges":2,"victory":false,"max_hp_per_floor":[71,71,71,64,64,64,64,64,64,64,64,64,64,64,64,64,64,64,64,64,64,64,64,64,64,64,64,64],"card_choices":[{"not_picked":["Conserve Battery","Sweeping Beam"],"picked":"Hologram","floor":1.0},{"not_picked":["Storm","Steam"],"picked":"Genetic Algorithm","floor":6.0},{"not_picked":["Leap","Recycle"],"picked":"Darkness","floor":8.0},{"not_picked":["Tempest","Leap"],"picked":"Echo Form","floor":10.0},{"not_picked":["Beam Cell","Hello World"],"picked":"Recycle","floor":12.0},{"not_picked":["Stack","Streamline","Auto Shields"],"picked":"SKIP","floor":14.0},{"not_picked":["Amplify","Thunder Strike"],"picked":"Echo Form","floor":16.0},{"not_picked":["Go for the Eyes","Doom and Gloom","Steam"],"picked":"SKIP","floor":18.0},{"not_picked":["Conserve Battery","Reinforced Body"],"picked":"Self Repair","floor":20.0},{"not_picked":["Darkness","Chaos","Cold Snap"],"picked":"SKIP","floor":25}],"player_experience":779863,"relics_obtained":[{"floor":6.0,"key":"Boot"},{"floor":9.0,"key":"Symbiotic Virus"},{"floor":14.0,"key":"CeramicFish"},{"floor":26,"key":"Gremlin Horn"}],"event_choices":[{"cards_removed":["Defend_B"],"damage_healed":0.0,"max_hp_gain":0.0,"max_hp_loss":0.0,"gold_gain":0.0,"event_name":"The Cleric","player_choice":"Card Removal","floor":2.0,"gold_loss":75.0,"damage_taken":0.0},{"damage_healed":0.0,"max_hp_gain":0.0,"max_hp_loss":0.0,"gold_gain":0.0,"event_name":"Shining Light","player_choice":"Entered Light","floor":3.0,"gold_loss":0.0,"damage_taken":21.0,"cards_upgraded":["Dualcast","Strike_B"]},{"damage_healed":0.0,"max_hp_gain":0.0,"max_hp_loss":7.0,"gold_gain":0.0,"event_name":"Golden Idol","player_choice":"Lose Max HP","floor":4.0,"gold_loss":0.0,"damage_taken":0.0,"relics_obtained":["Golden Idol"]},{"damage_healed":0.0,"max_hp_gain":0.0,"max_hp_loss":0.0,"gold_gain":0.0,"event_name":"The Mausoleum","player_choice":"Ignored","floor":19.0,"gold_loss":0.0,"damage_taken":0.0},{"damage_healed":0.0,"max_hp_gain":0.0,"max_hp_loss":0.0,"gold_gain":0.0,"event_name":"The Library","player_choice":"Read","floor":22.0,"gold_loss":0.0,"damage_taken":0.0,"cards_obtained":["Hologram"]},{"damage_healed":0.0,"max_hp_gain":0.0,"max_hp_loss":0.0,"gold_gain":0.0,"event_name":"WeMeetAgain","player_choice":"Gave Potion","floor":24.0,"gold_loss":0.0,"damage_taken":0.0,"relics_obtained":["Toy Ornithopter"]}],"is_beta":false,"boss_relics":[{"not_picked":["Cursed Key","Empty Cage"],"picked":"Runic Pyramid"}],"items_purged_floors":[11,21],"is_endless":false,"potions_floor_spawned":[6,8,10,14,18,20],"killed_by":"Centurion and Healer","ascension_level":20}}