{"host":"oiai0qxasotny765","time":1610008205,"event":{"mods":["2.2 Compatiblity","AchievementEnabler","BaseMod","Colored Map","Minty Spire (QoL Compilation)","Permanent Neow","Relic Stats","StSLib","SuperFastMode","everything is the same but u backflip on backflip"],"gold_per_floor":[116,126,51,66,38,38,51,51,51,51,94,94,94,107,107,205,205,225,17,31,51,51,51,51,75,75,75,89,89,14,32,32,32,32],"floor_reached":33,"playtime":720,"items_purged":["Strike_R"],"score":457,"play_id":"b82c5aab-347d-4387-9e4c-b8ed3f6a3f56","local_time":"20210107173005","is_ascension_mode":true,"campfire_choices":[{"data":"Sword Boomerang","floor":6.0,"key":"SMITH"},{"data":"Immolate","floor":10.0,"key":"SMITH"},{"data":"Limit Break","floor":13.0,"key":"SMITH"},{"data":"Inflame","floor":15.0,"key":"SMITH"},{"data":"Shrug It Off","floor":23.0,"key":"SMITH"},{"data":"Power Through","floor":29.0,"key":"SMITH"},{"floor":32.0,"key":"REST"}],"circlet_count":0,"master_deck":["AscendersBane","Defend_R","Defend_R","Defend_R","Defend_R","Bash","Limit Break+1","Twin Strike","Heavy Blade","Sword Boomerang+1","Immolate+1","Inflame+1","Double Tap","Shrug It Off+1","Spot Weakness","Writhe","Power Through+1"],"relics":["Burning Blood","Golden Idol","Calipers","Bird Faced Urn","Empty Cage","Medical Kit","Turnip","PreservedInsect"],"acts_visited":["Exordium","TheCity"],"potions_floor_usage":[33],"damage_taken":[{"damage":13.0,"enemies":"Cultist","floor":1.0,"turns":5.0},{"damage":0.0,"enemies":"2 Louse","floor":2.0,"turns":2.0},{"damage":11.0,"enemies":"Jaw Worm","floor":4.0,"turns":5.0},{"damage":1.0,"enemies":"Exordium Wildlife","floor":7.0,"turns":3.0},{"damage":20.0,"enemies":"3 Sentries","floor":11.0,"turns":4.0},{"damage":7.0,"enemies":"Looter","floor":14.0,"turns":3.0},{"damage":25.0,"enemies":"The Guardian","floor":16.0,"turns":9.0},{"damage":6.0,"enemies":"Spheric Guardian","floor":18.0,"turns":3.0},{"damage":28.0,"enemies":"Chosen","floor":20.0,"turns":7.0},{"damage":0.0,"enemies":"3 Cultists","floor":21.0,"turns":1.0},{"damage":20.0,"enemies":"Cultist and Chosen","floor":25.0,"turns":5.0},{"damage":19.0,"enemies":"Snake Plant","floor":28.0,"turns":3.0},{"damage":17.0,"enemies":"Centurion and Healer","floor":31.0,"turns":7.0},{"damage":48,"enemies":"Automaton","floor":33,"turns":6}],"seed_played":"2482970972072185207","potions_obtained":[{"floor":7.0,"key":"BloodPotion"},{"floor":16.0,"key":"SpeedPotion"},{"floor":21.0,"key":"SkillPotion"},{"floor":28.0,"key":"SpeedPotion"}],"is_trial":false,"path_per_floor":["M","M","$","M","$","R","M","?","T","R","E","?","R","M","R","B",null,"M","$","M","M","?","R","?","M","T","$","M","R","?","M","R","B"],"character_chosen":"IRONCLAD","items_purchased":["Sword Boomerang","Medical Kit","Spot Weakness"],"campfire_rested":1,"item_purchase_floors":[5,19,19],"current_hp_per_floor":[61,67,67,62,62,62,67,44,44,44,30,30,30,31,31,27,58,60,60,40,46,46,46,46,34,34,34,23,23,23,14,34,0,0],"gold":32,"neow_bonus":"THREE_RARE_CARDS","is_daily":false,"chose_seed":false,"campfire_upgraded":6,"win_rate":0.0,"timestamp":1610008205,"path_taken":["M","M","?","M","$","R","M","?","T","R","E","?","R","M","R","BOSS","M","$","M","M","?","R","?","M","T","?","M","R","?","M","R","BOSS"],"items_purchased_type":["Card","Relic","Card"],"build_version":"2020-12-22","purchased_purges":1,"victory":false,"max_hp_per_floor":[68,68,68,68,68,68,68,68,68,68,68,68,68,68,68,68,68,68,68,68,68,68,68,68,68,68,68,68,68,68,68,68,68,68],"relic_stats":{"counters":[14,63],"Golden Idol":55,"Bird Faced Urn":[16],"Turnip":[4],"PreservedInsect":0,"Medical Kit":[10],"obtain_stats":[{"Calipers":9,"Golden Idol":8,"Bird Faced Urn":11,"Turnip":24,"PreservedInsect":26,"Empty Cage":17,"Medical Kit":19,"Burning Blood":0},{"Calipers":4,"Golden Idol":4,"Bird Faced Urn":5,"Turnip":10,"PreservedInsect":11,"Empty Cage":7,"Medical Kit":8,"Burning Blood":0},{"Calipers":15,"Golden Idol":15,"Bird Faced Urn":19,"Turnip":42,"PreservedInsect":47,"Empty Cage":31,"Medical Kit":34,"Burning Blood":0}],"Burning Blood":78},"card_choices":[{"not_picked":["Exhume","Offering"],"picked":"Limit Break","floor":0.0},{"not_picked":["Perfected Strike","Thunderclap"],"picked":"Twin Strike","floor":1.0},{"not_picked":["Thunderclap","Anger"],"picked":"Heavy Blade","floor":2.0},{"not_picked":["Entrench","True Grit","Dark Embrace"],"picked":"SKIP","floor":4.0},{"not_picked":["Warcry","Sword Boomerang"],"picked":"Immolate","floor":7.0},{"not_picked":["Rage","Havoc"],"picked":"Inflame","floor":11.0},{"not_picked":["Sword Boomerang","Twin Strike","Clothesline"],"picked":"SKIP","floor":14.0},{"not_picked":["Impervious","Offering"],"picked":"Double Tap","floor":16.0},{"not_picked":["Infernal Blade","Warcry"],"picked":"Shrug It Off","floor":18.0},{"not_picked":["Sword Boomerang+1","Intimidate","Rage"],"picked":"SKIP","floor":20.0},{"not_picked":["Rampage","Heavy Blade","Rupture"],"picked":"SKIP","floor":21.0},{"not_picked":["Warcry","Combust","Flex"],"picked":"SKIP","floor":25.0},{"not_picked":["Rage","Clothesline"],"picked":"Power Through","floor":28.0},{"not_picked":["Sword Boomerang+1","Twin Strike+1","Inflame"],"picked":"SKIP","floor":31.0}],"player_experience":311314,"relics_obtained":[{"floor":9.0,"key":"Calipers"},{"floor":11.0,"key":"Bird Faced Urn"},{"floor":26.0,"key":"PreservedInsect"}],"event_choices":[{"damage_healed":0.0,"max_hp_gain":0.0,"max_hp_loss":0.0,"gold_gain":0.0,"event_name":"Golden Idol","player_choice":"Take Damage","floor":8.0,"gold_loss":0.0,"damage_taken":23.0,"relics_obtained":["Golden Idol"]},{"cards_removed":["Strike_R"],"damage_healed":0.0,"max_hp_gain":0.0,"max_hp_loss":0.0,"gold_gain":0.0,"event_name":"Purifier","player_choice":"Purged","floor":12.0,"gold_loss":0.0,"damage_taken":0.0},{"damage_healed":0.0,"max_hp_gain":0.0,"max_hp_loss":0.0,"gold_gain":0.0,"event_name":"Vampires","player_choice":"Ignored","floor":22.0,"gold_loss":0.0,"damage_taken":0.0},{"damage_healed":0.0,"max_hp_gain":0.0,"max_hp_loss":0.0,"gold_gain":0.0,"event_name":"The Mausoleum","player_choice":"Opened","floor":24.0,"gold_loss":0.0,"damage_taken":0.0,"relics_obtained":["Turnip"],"cards_obtained":["Writhe"]},{"cards_removed":["Strike_R"],"damage_healed":0.0,"max_hp_gain":0.0,"max_hp_loss":0.0,"gold_gain":0.0,"event_name":"Designer","player_choice":"Single Remove","floor":30.0,"gold_loss":75.0,"damage_taken":0.0}],"is_beta":false,"boss_relics":[{"not_picked":["Ectoplasm","Tiny House"],"picked":"Empty Cage"}],"items_purged_floors":[3],"is_endless":false,"potions_floor_spawned":[7,16,21,28],"killed_by":"Automaton","ascension_level":17}}