{"host":"bxdue9bkfm2khp2x","time":1610032680,"event":{"mods":["ATMod(阿瑾Mod)","Aspiration","BaseMod","Better Vampires","Challenge The Spire","Colored Powertips","Conspire","Decade(王小明)","Dota2Spire","Downfall","Highlight Path","Marisa（F雨　魔理沙）","Minty Spire (QoL Compilation)","MostiFishMod","Remilia（蕾米莉亚）","Replay The Spire","RumiaBox-露米娅的神秘盒子","Ryuuou龙王","Spicy Shops","StSLib","Td1madao Mod","The Alterego","The Cursed","The Servant 0.9.4","WarShipGirlsR/战舰少女R mod","Youmu（魂魄妖梦）","noobMod","vexMod","【功能Mod】混沌之环修复补丁","【遗物卡牌】REMEMod","篝火指南"],"gold_per_floor":[111,186,186,90,106,106,117,117,197,10,24,40,52,52,52,131,131,131],"floor_reached":17,"playtime":956,"items_purged":["Defend_B","Strike_B"],"score":294,"play_id":"5e90133c-6057-424f-808c-c0368807483d","local_time":"20210107231800","is_ascension_mode":true,"campfire_choices":[{"data":"Loop","floor":6.0,"key":"SMITH"},{"data":"Capacitor","floor":8.0,"key":"SMITH"},{"data":"AT_RightCognition","floor":15.0,"key":"SMITH"}],"circlet_count":0,"master_deck":["AscendersBane","Strike_B","Strike_B","Defend_B","Defend_B","Defend_B","Zap","Barricade+1","AT_StudyProgram","Loop+1","Go for the Eyes","Coolheaded","Capacitor+1","AT_RightCognition+1","ReplayTheSpireMod:Calculation Training+1","MostiFishMod:LinkProtocol+1","Echo Form"],"relics":["Cracked Core","DaveBox","REME_ComplimentaryCards","ice","AT_ATBox","Medical Kit","SynthV:TestCard","TheAbacus","Geode","Toxic Egg 2","REME_ChargedStone"],"acts_visited":["Exordium","TheCity"],"potions_floor_usage":[],"damage_taken":[{"damage":2.0,"enemies":"Cultist","floor":1.0,"turns":4.0},{"damage":7.0,"enemies":"Jaw Worm","floor":5.0,"turns":4.0},{"damage":5.0,"enemies":"Small Slimes","floor":7.0,"turns":4.0},{"damage":19.0,"enemies":"Exordium Thugs","floor":11.0,"turns":5.0},{"damage":15.0,"enemies":"3 Louse","floor":12.0,"turns":5.0},{"damage":25.0,"enemies":"Lots of Slimes","floor":13.0,"turns":3.0},{"damage":27.0,"enemies":"Slime Boss","floor":16.0,"turns":8.0}],"seed_played":"-148050518069319697","potions_obtained":[{"floor":7.0,"key":"Ancient Potion"}],"is_trial":false,"path_per_floor":["M","?","?","$","M","R","M","R","T","$","M","M","M","?","R","B",null],"character_chosen":"DEFECT","items_purchased":["TheAbacus","Loop","Go for the Eyes","Geode","Regen Potion","AT_RightCognition"],"campfire_rested":0,"item_purchase_floors":[4,4,4,4,4,10],"current_hp_per_floor":[62,51,51,51,62,62,57,57,57,57,38,23,65,65,65,38,67,67],"gold":131,"neow_bonus":"UPGRADE_CARD","is_daily":false,"chose_seed":false,"campfire_upgraded":3,"win_rate":0.0,"timestamp":1610032680,"path_taken":["M","?","?","$","M","R","M","R","T","$","M","M","?","?","R","BOSS"],"items_purchased_type":["Relic","Card","Card","Relic","Potion","Card"],"build_version":"2020-12-22","purchased_purges":2,"victory":false,"max_hp_per_floor":[71,71,71,71,71,71,71,71,71,71,71,71,72,72,72,76,76,76],"card_choices":[{"not_picked":["Sweeping Beam","Sunder","Barrage"],"picked":"SKIP","floor":1.0},{"not_picked":["Ball Lightning","AT_WarpDrive","REME_Compress","Panic Button"],"picked":"Coolheaded","floor":5.0},{"not_picked":["MostiFishMod:ReprogramOld","Recycle","Steam Power","Undo"],"picked":"Capacitor","floor":7.0},{"not_picked":["Steam+1","Chaos+1","Double Energy+1","Streamline"],"picked":"ReplayTheSpireMod:Calculation Training+1","floor":11.0},{"not_picked":["Steam+1","Beam Cell","Recycle+1","Compile Driver"],"picked":"MostiFishMod:LinkProtocol+1","floor":12.0},{"not_picked":["Time Bomb+1","Stack+1","BasicCrystalCard+1","MostiFishMod:LinkProtocol+1","Undo+1"],"picked":"SKIP","floor":13.0},{"not_picked":["Creative AI","MostiFishMod:Exploitation+1","Core Surge","MostiFishMod:ActiveDefenseSystem"],"picked":"Echo Form","floor":16.0}],"player_experience":1518736,"relics_obtained":[{"floor":1.0,"key":"SynthV:TestCard"},{"floor":9.0,"key":"Toxic Egg 2"}],"event_choices":[{"damage_healed":0.0,"max_hp_gain":0.0,"max_hp_loss":0.0,"gold_gain":75.0,"event_name":"World of Goop","player_choice":"Gather Gold","floor":2.0,"gold_loss":0.0,"damage_taken":11.0},{"cards_removed":["Strike_B"],"damage_healed":0.0,"max_hp_gain":0.0,"max_hp_loss":0.0,"gold_gain":0.0,"event_name":"Purifier","player_choice":"Purged","floor":3.0,"gold_loss":0.0,"damage_taken":0.0},{"cards_removed":["Dualcast"],"damage_healed":0.0,"max_hp_gain":0.0,"max_hp_loss":0.0,"gold_gain":0.0,"event_name":"Living Wall","player_choice":"Forget","floor":14.0,"gold_loss":0.0,"damage_taken":0.0}],"is_beta":false,"boss_relics":[{"not_picked":["vexMod:MysteryBossChallenge","Replay:Grab Bag"],"picked":"REME_ChargedStone"}],"items_purged_floors":[4,10],"is_endless":false,"potions_floor_spawned":[1,7],"ascension_level":20}}