{"host":"htqwg582tjjtn9p7","time":1610039245,"event":{"mods":["2.2 Compatiblity","AchievementEnabler","Act Like it!","Aspiration","BaseMod","Better Third Choice","Colored Map","Conspire","Curses Come First","Displayed Cursed Tome","Energized Spire","Force Act Four","GifTheSpireLib","Hermit","Highlight Path","JesterMod","Mad Scientist","Minty Spire (QoL Compilation)","Pale of the Ancients","Permanent Neow","Random Character Button","Relic Stats","Replay The Spire","Robot Space Explorer","Somnambulant","Spicy Shops","Spikes Relics","StSLib","Stuff the Spire","The Blue Laboratory","The Disciple","The Dragon Tamer","The Forsaken","The Gatherer","The Judge","The Jungle","The Marked","The Runesmith","The Servant 0.9.4","Uncapped"],"gold_per_floor":[118,118,41,88,108,108,108,48,48,79,79,79,102,122,122,122,122],"floor_reached":16,"playtime":542,"items_purged":[],"score":113,"play_id":"931f0a9a-c0e7-4438-8713-e8c2503fb745","local_time":"20210107180725","is_ascension_mode":true,"campfire_choices":[{"floor":6,"key":"REST"},{"floor":11,"key":"REST"},{"floor":15,"key":"DIG"}],"circlet_count":0,"master_deck":["theMarked:Strike","theMarked:Strike","theMarked:Strike","theMarked:Strike","theMarked:Strike","theMarked:Defend","theMarked:Defend","theMarked:Defend","theMarked:Defend","theMarked:SoldierOfQuellstein","theMarked:ParalyzingBlade","StuffTheSpire:Innocence","theMarked:Panic","theMarked:HeightenedSenses","theMarked:TwofoldDefense","conspire:Banana","conspire:Banana+1","theMarked:Abjuration","theMarked:Indomitable"],"relics":["theForsaken:PaleLantern","Blue Doll","Golden Idol","Unceasing Top","Blood Vial","StuffTheSpire:Experiment12"],"acts_visited":["Exordium"],"potions_floor_usage":[4],"damage_taken":[{"damage":0,"enemies":"conspire:RoseBush","floor":1,"turns":4},{"damage":27,"enemies":"conspire:MimicChest","floor":4,"turns":7},{"damage":7,"enemies":"Small Slimes","floor":5,"turns":5},{"damage":33,"enemies":"3 Sentries","floor":10,"turns":11},{"damage":0,"enemies":"2 Louse","floor":13,"turns":3},{"damage":23,"enemies":"Large Slime","floor":14,"turns":6},{"damage":31,"enemies":"The Guardian","floor":16,"turns":8}],"seed_played":"-4269164045790252621","potions_obtained":[{"floor":1,"key":"DistilledChaos"}],"is_trial":false,"path_per_floor":["M","?","$","?","M","R","?","$","T","E","R","?","M","M","R_BF","B"],"character_chosen":"THE_DEFAULT","items_purchased":["theMarked:Panic","conspire:Banana"],"campfire_rested":2,"item_purchase_floors":[3,8],"current_hp_per_floor":[70,63,63,36,29,50,50,50,50,19,39,39,44,26,26,0,0],"gold":122,"neow_bonus":"BOSS_RELIC","is_daily":false,"chose_seed":false,"campfire_upgraded":0,"win_rate":0.0,"timestamp":1610039245,"path_taken":["M","?","$","?","M","R","?","$","T","E","R","?","M","M","R_BF","BOSS"],"items_purchased_type":["Card","Card"],"build_version":"2020-12-22","purchased_purges":0,"victory":false,"max_hp_per_floor":[70,70,70,70,70,70,65,65,65,67,67,67,70,73,73,76,76],"relic_stats":{"Blood Vial":6,"counters":[7,44],"Golden Idol":15,"obtain_stats":[{"Blood Vial":10,"theMarked:ArtifactOfAir":0,"StuffTheSpire:Experiment12":15,"Golden Idol":7,"Blue Doll":4,"theForsaken:PaleLantern":0,"Unceasing Top":9},{"Blood Vial":4,"theMarked:ArtifactOfAir":0,"StuffTheSpire:Experiment12":6,"Golden Idol":3,"Blue Doll":2,"theForsaken:PaleLantern":0,"Unceasing Top":3},{"Blood Vial":27,"theMarked:ArtifactOfAir":0,"StuffTheSpire:Experiment12":36,"Golden Idol":16,"Blue Doll":11,"theForsaken:PaleLantern":0,"Unceasing Top":16}],"Unceasing Top":[5]},"card_choices":[{"not_picked":["theMarked:ChainLightning","theMarked:BanishingStrike"],"picked":"theMarked:ParalyzingBlade","floor":1},{"not_picked":["theMarked:WastefulAttack","theMarked:Frustration"],"picked":"theMarked:HeightenedSenses","floor":4},{"not_picked":["theMarked:ElectricStrings","theMarked:WastefulAttack"],"picked":"theMarked:TwofoldDefense","floor":5},{"not_picked":["theMarked:SwordAndMagic","theMarked:WastefulDefense"],"picked":"theMarked:Abjuration","floor":10},{"not_picked":["theMarked:SwordAndMagic","theMarked:ChainLightning","theMarked:MysticalArsenal"],"picked":"SKIP","floor":13},{"not_picked":["theMarked:ResourceFulStrike","theMarked:Parkour"],"picked":"theMarked:Indomitable","floor":14}],"player_experience":1896744,"relics_obtained":[{"floor":4,"key":"Blue Doll"},{"floor":9,"key":"Unceasing Top"},{"floor":10,"key":"Blood Vial"},{"floor":15,"key":"StuffTheSpire:Experiment12"}],"event_choices":[{"damage_healed":0,"gold_gain":0,"player_choice":"Lose Max HP","damage_taken":0,"relics_obtained":["Golden Idol"],"max_hp_gain":0,"max_hp_loss":5,"event_name":"Golden Idol","floor":7,"gold_loss":0},{"damage_healed":0,"gold_gain":0,"player_choice":"Upgraded","damage_taken":0,"max_hp_gain":0,"max_hp_loss":0,"event_name":"Upgrade Shrine","floor":12,"gold_loss":0,"cards_upgraded":["conspire:Banana"]}],"is_beta":false,"boss_relics":[],"items_purged_floors":[],"is_endless":false,"potions_floor_spawned":[1],"killed_by":"The Guardian","ascension_level":3}}