{"host":"hwrdjx5eod2cxh09","time":1610037310,"event":{"mods":["AchievementEnabler","BaseMod","Bestiary","Minty Spire (QoL Compilation)","Relic Stats"],"gold_per_floor":[114,129,139,152,162,162,162,87,87,113,127,142,173,183,183,287,287,306,306,306,318,8,8,8,8],"floor_reached":24,"playtime":784,"items_purged":["Regret"],"score":299,"play_id":"0bb27482-c586-476c-9f1d-c3a87ce3d71f","local_time":"20210108013510","is_ascension_mode":true,"campfire_choices":[{"data":"Sunder","floor":6,"key":"SMITH"},{"data":"Loop","floor":15,"key":"SMITH"},{"data":"Electrodynamics","floor":23,"key":"SMITH"}],"circlet_count":0,"master_deck":["Strike_B","Defend_B","Defend_B","Defend_B","Defend_B","Zap+1","Dualcast","Cold Snap","Ball Lightning","Loop+1","Sunder+1","Gash","Gash","Electrodynamics+1","Buffer+1","Doom and Gloom+1","Force Field+1","Hologram+1","Tempest"],"relics":["Cracked Core","Pen Nib","Ornamental Fan","Dead Branch","Juzu Bracelet","Astrolabe","Art of War","Emotion Chip"],"acts_visited":["Exordium","TheCity"],"potions_floor_usage":[13,13,18,24],"damage_taken":[{"damage":0,"enemies":"Small Slimes","floor":1,"turns":3},{"damage":0,"enemies":"Cultist","floor":2,"turns":3},{"damage":9,"enemies":"2 Louse","floor":3,"turns":2},{"damage":9,"enemies":"Exordium Wildlife","floor":4,"turns":3},{"damage":0,"enemies":"3 Louse","floor":5,"turns":3},{"damage":13,"enemies":"Lagavulin","floor":10,"turns":5},{"damage":5,"enemies":"2 Fungi Beasts","floor":11,"turns":2},{"damage":5,"enemies":"Looter","floor":12,"turns":2},{"damage":0,"enemies":"Gremlin Nob","floor":13,"turns":2},{"damage":3,"enemies":"Red Slaver","floor":14,"turns":2},{"damage":0,"enemies":"Slime Boss","floor":16,"turns":10},{"damage":0,"enemies":"3 Byrds","floor":18,"turns":3},{"damage":19,"enemies":"Shell Parasite","floor":21,"turns":5},{"damage":57,"enemies":"Gremlin Leader","floor":24,"turns":6}],"seed_played":"9098358270176581365","potions_obtained":[{"floor":2,"key":"GamblersBrew"},{"floor":3,"key":"EssenceOfSteel"},{"floor":4,"key":"FocusPotion"},{"floor":10,"key":"Dexterity Potion"},{"floor":12,"key":"FearPotion"},{"floor":16,"key":"LiquidBronze"},{"floor":18,"key":"Weak Potion"}],"is_trial":false,"path_per_floor":["M","M","M","M","M","R","?","$","T","E","M","M","E","M","R","B",null,"M","?","?","M","$","R","E"],"character_chosen":"DEFECT","items_purchased":["Emotion Chip"],"campfire_rested":0,"item_purchase_floors":[22],"current_hp_per_floor":[75,75,66,57,57,57,57,57,57,44,39,34,34,31,31,31,75,75,75,75,56,56,56,0,0],"gold":8,"neow_bonus":"UPGRADE_CARD","is_daily":false,"chose_seed":false,"campfire_upgraded":3,"win_rate":0.0,"timestamp":1610037310,"path_taken":["M","M","M","M","M","R","?","$","T","E","M","M","E","M","R","BOSS","M","?","?","M","$","R","E"],"items_purchased_type":["Relic"],"build_version":"2020-12-22","purchased_purges":1,"victory":false,"max_hp_per_floor":[75,75,75,75,75,75,75,75,75,75,75,75,75,75,75,75,75,75,75,75,75,75,75,75,75],"relic_stats":{"Emotion Chip":[9,8,1,0,0],"counters":[14,50],"Ornamental Fan":[32],"Dead Branch":[3],"Astrolabe":["Buffer","Doom and Gloom","Force Field"],"Pen Nib":[5],"Juzu Bracelet":1,"Art of War":[2],"obtain_stats":[{"Emotion Chip":22,"Ornamental Fan":9,"Dead Branch":10,"Astrolabe":17,"Pen Nib":7,"Juzu Bracelet":13,"Art of War":20,"Cracked Core":0},{"Emotion Chip":13,"Ornamental Fan":5,"Dead Branch":6,"Astrolabe":11,"Pen Nib":5,"Juzu Bracelet":9,"Art of War":12,"Cracked Core":0},{"Emotion Chip":44,"Ornamental Fan":14,"Dead Branch":19,"Astrolabe":36,"Pen Nib":14,"Juzu Bracelet":24,"Art of War":39,"Cracked Core":0}]},"card_choices":[{"not_picked":["Conserve Battery","Chaos"],"picked":"Cold Snap","floor":1},{"not_picked":["Leap","Compile Driver"],"picked":"Ball Lightning","floor":2},{"not_picked":["Coolheaded","Stack"],"picked":"Loop","floor":3},{"not_picked":["Force Field","Turbo"],"picked":"Sunder","floor":4},{"not_picked":["Cold Snap","Beam Cell"],"picked":"Gash","floor":5},{"not_picked":["Blizzard","Darkness"],"picked":"Gash","floor":10},{"not_picked":["Fusion","Consume","Sweeping Beam"],"picked":"SKIP","floor":11},{"not_picked":["Leap","Recycle","All For One"],"picked":"SKIP","floor":12},{"not_picked":["Steam Power","Streamline","Leap"],"picked":"SKIP","floor":13},{"not_picked":["Darkness","Hologram","Self Repair"],"picked":"SKIP","floor":14},{"not_picked":["Rainbow","Buffer"],"picked":"Electrodynamics","floor":16},{"not_picked":["Streamline+1","Coolheaded+1"],"picked":"Hologram+1","floor":18},{"not_picked":["Leap","Conserve Battery"],"picked":"Tempest","floor":21}],"player_experience":195107,"relics_obtained":[{"floor":9,"key":"Ornamental Fan"},{"floor":10,"key":"Dead Branch"},{"floor":13,"key":"Juzu Bracelet"}],"event_choices":[{"damage_healed":0,"gold_gain":0,"player_choice":"Box","damage_taken":0,"relics_obtained":["Pen Nib"],"max_hp_gain":0,"max_hp_loss":0,"event_name":"Big Fish","floor":7,"gold_loss":0,"cards_obtained":["Regret"]},{"damage_healed":0,"gold_gain":0,"player_choice":"Full Heal","damage_taken":0,"max_hp_gain":0,"max_hp_loss":0,"event_name":"Wheel of Change","floor":19,"gold_loss":0},{"damage_healed":0,"gold_gain":0,"player_choice":"Opened","damage_taken":0,"relics_obtained":["Art of War"],"max_hp_gain":0,"max_hp_loss":0,"event_name":"The Mausoleum","floor":20,"gold_loss":0}],"is_beta":false,"boss_relics":[{"not_picked":["Busted Crown","Velvet Choker"],"picked":"Astrolabe"}],"items_purged_floors":[8],"is_endless":false,"potions_floor_spawned":[2,3,4,10,12,16,18],"killed_by":"Gremlin Leader","ascension_level":1}}