{"host":"2pt9f5ojqg0apn28","time":1610006867,"event":{"mods":["AchievementEnabler","BaseMod","Better Altar","Better Match","Better Note","Better Sensory Stone","Better Skull","Better Third Choice","Colored Map","Colored Powertips","Downfall","Hubris","Infinite Spire","Minty Spire (QoL Compilation)","Replay The Spire","StSLib"],"gold_per_floor":[113,113,127,143,143,143,167,16,95,115,130,130,130],"floor_reached":12,"playtime":481,"items_purged":[],"score":77,"play_id":"51937005-3a6a-46ec-8933-b7ff9d20c9e3","local_time":"20210107130747","is_ascension_mode":true,"campfire_choices":[{"floor":6,"key":"REST"}],"circlet_count":0,"master_deck":["Strike_B","Strike_B","Strike_B","Defend_B","Defend_B","Defend_B","Zap","Dualcast","Turbo","Sweeping Beam","Beam Cell","Delirium","Double Energy","Fission"],"relics":["Cracked Core","Replay:Antivirus Software","MealTicket","Boot","Ring of Panic","ReplayTheSpireMod:Ring of Collecting","Pet Ghost","ReplayTheSpireMod:Ring of Challenge","Art of War","hubris:PeanutButter"],"acts_visited":["Exordium"],"potions_floor_usage":[11,12,12],"damage_taken":[{"damage":9,"enemies":"Jaw Worm","floor":1,"turns":3},{"damage":6,"enemies":"Cultist","floor":3,"turns":3},{"damage":3,"enemies":"2 Louse","floor":4,"turns":3},{"damage":3,"enemies":"Blue Slaver","floor":10,"turns":3},{"damage":17,"enemies":"Gremlin Gang","floor":11,"turns":3},{"damage":18,"enemies":"3 Sentries","floor":12,"turns":4}],"seed_played":"-327593280381489343","potions_obtained":[{"floor":3,"key":"DistilledChaos"},{"floor":4,"key":"Adrenaline Potion"},{"floor":10,"key":"Elixir"},{"floor":11,"key":"FearPotion"}],"is_trial":false,"path_per_floor":["M","?","M","M","?","R","T","$","T","M","M","E"],"character_chosen":"DEFECT","items_purchased":["Art of War"],"campfire_rested":1,"item_purchase_floors":[8],"current_hp_per_floor":[59,10,4,1,1,21,21,36,36,33,16,0,0],"gold":130,"neow_bonus":"REMOVE_TWO","is_daily":false,"chose_seed":false,"campfire_upgraded":0,"win_rate":0.0,"timestamp":1610006867,"path_taken":["M","?","?","M","?","R","?","$","T","?","M","E"],"items_purchased_type":["Relic"],"build_version":"2020-12-22","purchased_purges":0,"victory":false,"max_hp_per_floor":[68,68,68,68,68,68,68,68,68,68,68,68,68],"card_choices":[{"not_picked":["Barrage","Reinforced Body"],"picked":"Turbo","floor":1},{"not_picked":["Static Discharge","Turbo"],"picked":"Sweeping Beam","floor":3},{"not_picked":["Turbo","Heatsinks"],"picked":"Beam Cell","floor":4},{"not_picked":["Coolheaded","Go for the Eyes"],"picked":"Double Energy","floor":10},{"not_picked":["hubris:PowerSurge","Gash"],"picked":"Fission","floor":11}],"player_experience":81162,"relics_obtained":[{"floor":5,"key":"Ring of Panic"},{"floor":5,"key":"ReplayTheSpireMod:Ring of Collecting"},{"floor":7,"key":"Pet Ghost"},{"floor":7,"key":"ReplayTheSpireMod:Ring of Challenge"},{"floor":9,"key":"hubris:PeanutButter"}],"event_choices":[{"damage_healed":0,"gold_gain":0,"player_choice":"RE RE RE ","damage_taken":55,"relics_obtained":["Replay:Antivirus Software","MealTicket","Boot"],"max_hp_gain":0,"max_hp_loss":0,"event_name":"betterSkull:BetterSkull","floor":2,"gold_loss":0,"cards_upgraded":[]}],"is_beta":false,"boss_relics":[],"items_purged_floors":[],"is_endless":false,"potions_floor_spawned":[3,4,10,11],"killed_by":"3 Sentries","ascension_level":2}}