{"host":"uv231blk40vjdojr","time":1610031547,"event":{"mods":["BaseMod","Minty Spire (QoL Compilation)","Relic Stats"],"gold_per_floor":[359,29,47,58,71,96,113,78,78,153,153,20,20,47,47,122,122,137,149,149,14,27,52,52,77,77,87,122,144,144,156,156,239,239,258,278,79,97,97,97,116,145,145,145,145,145],"floor_reached":45,"playtime":3078,"items_purged":["Strike_G"],"score":1004,"play_id":"60925c62-6619-4281-99b2-07a7688ec9a6","local_time":"20210107155907","is_ascension_mode":true,"campfire_choices":[{"data":"Bouncing Flask","floor":11.0,"key":"SMITH"},{"floor":13.0,"key":"REST"},{"data":"Bane","floor":15.0,"key":"SMITH"},{"floor":30.0,"key":"REST"},{"floor":32.0,"key":"REST"},{"floor":40.0,"key":"REST"},{"floor":44,"key":"REST"}],"circlet_count":0,"master_deck":["AscendersBane","Defend_G","Defend_G+1","Defend_G+1","Defend_G","Defend_G","Survivor","Neutralize","Finisher","Dagger Spray+1","Endless Agony+1","Backflip","Wraith Form v2","Bouncing Flask+1","Bane+1","Quick Slash+1","Blur","After Image","All Out Attack+1","Bite+1","Bite+1","Bite+1","Bite+1","Bite+1","Expertise+1","Bouncing Flask","Unload+1","Blade Dance+1","Noxious Fumes"],"relics":["Ring of the Snake","White Beast Statue","Mercury Hourglass","Molten Egg 2","Fusion Hammer","Bronze Scales","Bottled Flame","Nloth\u0027s Gift","HornCleat","Kunai","CeramicFish","SlaversCollar","Whetstone","Vajra","War Paint"],"acts_visited":["Exordium","TheCity","TheBeyond"],"potions_floor_usage":[41,42,42],"damage_taken":[{"damage":1.0,"enemies":"2 Louse","floor":1.0,"turns":4.0},{"damage":3.0,"enemies":"Small Slimes","floor":3.0,"turns":3.0},{"damage":0.0,"enemies":"Cultist","floor":4.0,"turns":3.0},{"damage":2.0,"enemies":"Gremlin Gang","floor":5.0,"turns":6.0},{"damage":14.0,"enemies":"3 Sentries","floor":6.0,"turns":12.0},{"damage":0.0,"enemies":"Lots of Slimes","floor":7.0,"turns":2.0},{"damage":22.0,"enemies":"Lagavulin","floor":14.0,"turns":4.0},{"damage":23.0,"enemies":"Slime Boss","floor":16.0,"turns":8.0},{"damage":0.0,"enemies":"Chosen","floor":18.0,"turns":3.0},{"damage":1.0,"enemies":"Shell Parasite","floor":19.0,"turns":5.0},{"damage":4.0,"enemies":"3 Cultists","floor":22.0,"turns":4.0},{"damage":28.0,"enemies":"Slavers","floor":23.0,"turns":3.0},{"damage":21.0,"enemies":"Gremlin Leader","floor":25.0,"turns":6.0},{"damage":1.0,"enemies":"Snecko","floor":27.0,"turns":4.0},{"damage":15.0,"enemies":"Slavers","floor":28.0,"turns":2.0},{"damage":3.0,"enemies":"Centurion and Healer","floor":29.0,"turns":4.0},{"damage":11.0,"enemies":"Snake Plant","floor":31.0,"turns":4.0},{"damage":5.0,"enemies":"Champ","floor":33.0,"turns":12.0},{"damage":0.0,"enemies":"Orb Walker","floor":35.0,"turns":3.0},{"damage":0.0,"enemies":"3 Shapes","floor":36.0,"turns":2.0},{"damage":37.0,"enemies":"Transient","floor":38.0,"turns":6.0},{"damage":18,"enemies":"Spire Growth","floor":41,"turns":4},{"damage":29,"enemies":"Reptomancer","floor":42,"turns":7},{"damage":47,"enemies":"Giant Head","floor":45,"turns":6}],"seed_played":"-4002344156200322","potions_obtained":[{"floor":1.0,"key":"PowerPotion"},{"floor":3.0,"key":"GamblersBrew"},{"floor":4.0,"key":"Poison Potion"},{"floor":5.0,"key":"DuplicationPotion"},{"floor":6.0,"key":"Regen Potion"},{"floor":7.0,"key":"FearPotion"},{"floor":14.0,"key":"AttackPotion"},{"floor":16.0,"key":"Strength Potion"},{"floor":18.0,"key":"ColorlessPotion"},{"floor":19.0,"key":"Fire Potion"},{"floor":22.0,"key":"ColorlessPotion"},{"floor":23.0,"key":"Swift Potion"},{"floor":25.0,"key":"GamblersBrew"},{"floor":27.0,"key":"Fire Potion"},{"floor":28.0,"key":"BlessingOfTheForge"},{"floor":29.0,"key":"Fire Potion"},{"floor":31.0,"key":"Dexterity Potion"},{"floor":33.0,"key":"LiquidMemories"},{"floor":35.0,"key":"AttackPotion"},{"floor":36.0,"key":"Strength Potion"},{"floor":38.0,"key":"Weak Potion"},{"floor":41,"key":"DuplicationPotion"},{"floor":42,"key":"SpeedPotion"}],"is_trial":false,"path_per_floor":["M","$","M","M","M","E","M","?","T","?","R","$","R","E","R","B",null,"M","M","?","$","M","E","?","E","T","M","E","M","R","M","R","B",null,"M","M","$","M","?","R","M","E","T","R","E"],"character_chosen":"THE_SILENT","items_purchased":["White Beast Statue","Dagger Spray","Quick Slash+1","Bronze Scales","Whetstone","Noxious Fumes"],"campfire_rested":5,"item_purchase_floors":[2,2,12,21,37,37],"current_hp_per_floor":[43,43,40,40,38,24,24,40,40,29,29,29,48,38,38,15,53,53,52,46,46,45,24,24,21,21,35,26,35,46,46,46,46,46,46,46,46,12,12,25,19,14,14,27,0,0],"gold":145,"neow_bonus":"TWO_FIFTY_GOLD","is_daily":false,"chose_seed":false,"campfire_upgraded":2,"win_rate":0.0,"timestamp":1610031547,"path_taken":["M","$","M","M","M","E","M","?","T","?","R","$","R","E","R","BOSS","M","M","?","$","M","E","?","E","T","?","E","?","R","M","R","BOSS","M","?","$","M","?","R","M","E","T","R","E"],"items_purchased_type":["Relic","Card","Card","Relic","Relic","Card"],"build_version":"2020-12-22","purchased_purges":1,"victory":false,"max_hp_per_floor":[66,66,66,66,66,66,66,66,66,66,66,66,66,66,66,66,66,66,66,46,46,46,46,46,46,46,46,46,46,46,46,46,46,46,46,46,46,46,46,46,46,46,46,46,46,46],"relic_stats":{"counters":[24,116],"Bronze Scales":[178],"CeramicFish":36,"Nloth\u0027s Gift":1,"Kunai":[33],"Whetstone":["Dagger Spray","Endless Agony"],"War Paint":["Defend_G","Defend_G"],"obtain_stats":[{"CeramicFish":28,"Vajra":42,"The Courier":14,"Whetstone":37,"War Paint":43,"White Beast Statue":2,"Mercury Hourglass":6,"SlaversCollar":34,"Bottled Flame":23,"HornCleat":25,"Bronze Scales":21,"Molten Egg 2":9,"Fusion Hammer":17,"Nloth\u0027s Gift":24,"Kunai":26,"Ring of the Snake":0},{"CeramicFish":15,"Vajra":23,"The Courier":7,"Whetstone":20,"War Paint":23,"White Beast Statue":1,"Mercury Hourglass":5,"SlaversCollar":18,"Bottled Flame":12,"HornCleat":13,"Bronze Scales":10,"Molten Egg 2":6,"Fusion Hammer":8,"Nloth\u0027s Gift":12,"Kunai":13,"Ring of the Snake":0},{"CeramicFish":68,"Vajra":110,"The Courier":33,"Whetstone":93,"War Paint":110,"White Beast Statue":4,"Mercury Hourglass":28,"SlaversCollar":88,"Bottled Flame":56,"HornCleat":62,"Bronze Scales":49,"Molten Egg 2":29,"Fusion Hammer":41,"Nloth\u0027s Gift":56,"Kunai":62,"Ring of the Snake":0}],"Ring of the Snake":[49],"Mercury Hourglass":[396]},"card_choices":[{"not_picked":["Distraction","Deadly Poison"],"picked":"Finisher","floor":1.0},{"not_picked":["Outmaneuver","Dagger Throw"],"picked":"Endless Agony","floor":3.0},{"not_picked":["Predator","Outmaneuver"],"picked":"Backflip","floor":4.0},{"not_picked":["Sucker Punch","PiercingWail"],"picked":"Wraith Form v2","floor":5.0},{"not_picked":["Adrenaline","Cloak And Dagger"],"picked":"Bouncing Flask","floor":6.0},{"not_picked":["Well Laid Plans","Choke"],"picked":"Bane","floor":7.0},{"not_picked":["Venomology","Dodge and Roll"],"picked":"Blur","floor":14.0},{"not_picked":["Night Terror","Doppelganger"],"picked":"After Image","floor":16.0},{"not_picked":["Deflect","Calculated Gamble","PiercingWail"],"picked":"SKIP","floor":18.0},{"not_picked":["Accuracy+1","Endless Agony+1"],"picked":"All Out Attack+1","floor":19.0},{"not_picked":["Acrobatics","Quick Slash+1","Underhanded Strike+1"],"picked":"SKIP","floor":22.0},{"not_picked":["Acrobatics","Calculated Gamble"],"picked":"Expertise+1","floor":23.0},{"not_picked":["Unload+1","PiercingWail","Reflex"],"picked":"SKIP","floor":25.0},{"not_picked":["Outmaneuver","Backstab+1","Heel Hook+1"],"picked":"SKIP","floor":27.0},{"not_picked":["Acrobatics","Bane+1","Venomology"],"picked":"SKIP","floor":28.0},{"not_picked":["Dagger Throw+1","Prepared"],"picked":"Bouncing Flask","floor":29.0},{"not_picked":["Deflect","Tactician","All Out Attack+1"],"picked":"SKIP","floor":31.0},{"not_picked":["Storm of Steel","After Image"],"picked":"Unload+1","floor":33.0},{"not_picked":["All Out Attack+1","Prepared"],"picked":"Blade Dance+1","floor":35.0},{"not_picked":["Slice+1","Storm of Steel","Reflex"],"picked":"SKIP","floor":36.0},{"not_picked":["Riddle With Holes+1","Backstab+1","Dagger Throw+1"],"picked":"SKIP","floor":38.0},{"not_picked":["Deflect+1","Dagger Spray+1","Sucker Punch+1"],"picked":"SKIP","floor":41},{"not_picked":["Riddle With Holes+1","Slice+1","Reflex"],"picked":"SKIP","floor":42}],"player_experience":597275,"relics_obtained":[{"floor":6.0,"key":"Mercury Hourglass"},{"floor":9.0,"key":"Molten Egg 2"},{"floor":14.0,"key":"The Courier"},{"floor":23.0,"key":"Bottled Flame"},{"floor":25.0,"key":"HornCleat"},{"floor":26.0,"key":"Kunai"},{"floor":28.0,"key":"CeramicFish"},{"floor":42,"key":"Vajra"},{"floor":43,"key":"War Paint"}],"event_choices":[{"damage_healed":16.0,"max_hp_gain":0.0,"max_hp_loss":0.0,"gold_gain":0.0,"event_name":"The Cleric","player_choice":"Healed","floor":8.0,"gold_loss":35.0,"damage_taken":0.0},{"damage_healed":0.0,"max_hp_gain":0.0,"max_hp_loss":0.0,"gold_gain":75.0,"event_name":"World of Goop","player_choice":"Gather Gold","floor":10.0,"gold_loss":0.0,"damage_taken":11.0},{"damage_healed":0.0,"max_hp_gain":0.0,"max_hp_loss":20.0,"gold_gain":0.0,"event_name":"Vampires","player_choice":"Became a vampire","floor":20.0,"gold_loss":0.0,"damage_taken":0.0,"cards_obtained":["Bite","Bite","Bite","Bite","Bite"]},{"damage_healed":0.0,"max_hp_gain":0.0,"max_hp_loss":0.0,"gold_gain":0.0,"event_name":"N\u0027loth","player_choice":"Traded Relic","floor":24.0,"relics_lost":["The Courier"],"gold_loss":0.0,"damage_taken":0.0,"relics_obtained":["Nloth\u0027s Gift"]},{"damage_healed":0.0,"max_hp_gain":0.0,"max_hp_loss":0.0,"gold_gain":0.0,"event_name":"Mysterious Sphere","player_choice":"Ignored","floor":39.0,"gold_loss":0.0,"damage_taken":0.0}],"is_beta":false,"boss_relics":[{"not_picked":["Ectoplasm","HoveringKite"],"picked":"Fusion Hammer"},{"not_picked":["Black Star","Velvet Choker"],"picked":"SlaversCollar"}],"items_purged_floors":[12],"is_endless":false,"potions_floor_spawned":[1,3,4,5,6,7,14,16,18,19,22,23,25,27,28,29,31,33,35,36,38,41,42],"killed_by":"Giant Head","ascension_level":18}}