{"host":"8xi53560pl5zaoq2","time":1610060048,"event":{"mods":["BaseMod","Colored Map","Highlight Path","Minty Spire (QoL Compilation)","StSLib","Synergy Search"],"gold_per_floor":[115,115,126,144,319,319,347,76,76,76,103,116,135,135,135,264,264,283,299,323,422,110,153,153,153,153],"floor_reached":25,"playtime":1124,"items_purged":["Doubt","FlurryOfBlows"],"score":358,"play_id":"133f7bde-1a8b-426f-bd78-eb6c507771cd","local_time":"20210107155408","is_ascension_mode":true,"campfire_choices":[{"data":"Eruption","floor":6,"key":"SMITH"},{"data":"CutThroughFate","floor":10,"key":"SMITH"},{"data":"PathToVictory","floor":15,"key":"SMITH"},{"floor":24,"key":"REST"}],"circlet_count":0,"master_deck":["Strike_P","Strike_P","Strike_P","Defend_P","Defend_P","Defend_P","Defend_P","Eruption+1","Vigilance","PathToVictory+1","ReachHeaven","Adaptation","Evaluate","CutThroughFate+1","Study","Prostrate","Ragnarok","WheelKick","Wish"],"relics":["PureWater","NeowsBlessing","HornCleat","Damaru","Eternal Feather","Gremlin Horn","Golden Idol","Snecko Eye","Anchor","Bag of Preparation"],"acts_visited":["Exordium","TheCity"],"potions_floor_usage":[11,16,19,20,25],"damage_taken":[{"damage":0,"enemies":"Cultist","floor":1,"turns":1},{"damage":0,"enemies":"Small Slimes","floor":3,"turns":1},{"damage":0,"enemies":"Jaw Worm","floor":4,"turns":1},{"damage":19,"enemies":"Lagavulin","floor":7,"turns":6},{"damage":11,"enemies":"3 Sentries","floor":11,"turns":6},{"damage":0,"enemies":"Looter","floor":12,"turns":4},{"damage":8,"enemies":"Exordium Wildlife","floor":13,"turns":3},{"damage":21,"enemies":"Hexaghost","floor":16,"turns":6},{"damage":17,"enemies":"2 Thieves","floor":18,"turns":2},{"damage":0,"enemies":"Spheric Guardian","floor":19,"turns":1},{"damage":4,"enemies":"Chosen and Byrds","floor":20,"turns":3},{"damage":0,"enemies":"Gremlin Leader","floor":23,"turns":3},{"damage":49,"enemies":"Slavers","floor":25,"turns":4}],"seed_played":"-1627501882922383547","potions_obtained":[{"floor":3,"key":"Ancient Potion"},{"floor":4,"key":"Swift Potion"},{"floor":7,"key":"Regen Potion"},{"floor":16,"key":"BlessingOfTheForge"},{"floor":18,"key":"SkillPotion"},{"floor":19,"key":"Weak Potion"},{"floor":23,"key":"LiquidBronze"}],"is_trial":false,"path_per_floor":["M","?","M","M","?","R","E","$","T","R","E","M","M","?","R","B",null,"M","M","M","?","$","E","R","E"],"character_chosen":"WATCHER","items_purchased":["Damaru","FlurryOfBlows","WheelKick","Anchor"],"campfire_rested":1,"item_purchase_floors":[8,8,22,22],"current_hp_per_floor":[65,65,65,65,65,65,46,46,46,55,59,59,51,33,42,21,59,42,42,38,38,38,38,68,19,19],"gold":153,"neow_bonus":"THREE_ENEMY_KILL","is_daily":false,"chose_seed":false,"campfire_upgraded":3,"win_rate":0.0,"timestamp":1610060048,"path_taken":["M","?","M","?","?","R","E","?","T","R","E","M","M","?","R","BOSS","M","M","M","?","$","E","R","E"],"items_purchased_type":["Relic","Card","Card","Relic"],"build_version":"2020-12-22","purchased_purges":2,"victory":false,"max_hp_per_floor":[72,72,72,72,72,72,72,72,72,72,72,72,72,72,72,72,72,72,72,72,72,72,72,72,72,72],"card_choices":[{"not_picked":["FlurryOfBlows","LikeWater"],"picked":"PathToVictory","floor":1},{"not_picked":["WreathOfFlame","Collect"],"picked":"Adaptation","floor":3},{"not_picked":["Halt","WaveOfTheHand"],"picked":"Evaluate","floor":4},{"not_picked":["Consecrate","Meditate"],"picked":"CutThroughFate","floor":7},{"not_picked":["Protect","SpiritShield"],"picked":"Study","floor":11},{"not_picked":["Vengeance","InnerPeace","EmptyFist"],"picked":"SKIP","floor":12},{"not_picked":["CrushJoints","Adaptation"],"picked":"Prostrate","floor":13},{"not_picked":["Omniscience","Scrawl"],"picked":"Ragnarok","floor":16},{"not_picked":["BowlingBash","DeceiveReality+1","EmptyFist+1"],"picked":"SKIP","floor":18},{"not_picked":["WreathOfFlame+1","EmptyBody+1","ThirdEye"],"picked":"SKIP","floor":19},{"not_picked":["EmptyFist","CutThroughFate","Halt+1"],"picked":"SKIP","floor":20},{"not_picked":["TalkToTheHand","ClearTheMind"],"picked":"Wish","floor":23}],"player_experience":1269463,"relics_obtained":[{"floor":7,"key":"HornCleat"},{"floor":9,"key":"Eternal Feather"},{"floor":11,"key":"Gremlin Horn"},{"floor":23,"key":"Bag of Preparation"}],"event_choices":[{"damage_healed":0,"gold_gain":0,"cards_transformed":["Strike_P"],"player_choice":"Transformed","damage_taken":0,"max_hp_gain":0,"max_hp_loss":0,"event_name":"Transmorgrifier","floor":2,"gold_loss":0,"cards_obtained":["ReachHeaven"]},{"damage_healed":0,"gold_gain":175,"player_choice":"AGREE","damage_taken":0,"max_hp_gain":0,"max_hp_loss":0,"event_name":"Liars Game","floor":5,"gold_loss":0,"cards_obtained":["Doubt"]},{"damage_healed":0,"gold_gain":0,"player_choice":"Take Damage","damage_taken":18,"relics_obtained":["Golden Idol"],"max_hp_gain":0,"max_hp_loss":0,"event_name":"Golden Idol","floor":14,"gold_loss":0},{"damage_healed":0,"gold_gain":99,"player_choice":"Stole From Cult","damage_taken":0,"max_hp_gain":0,"max_hp_loss":0,"event_name":"Nest","floor":21,"gold_loss":0}],"is_beta":false,"boss_relics":[{"not_picked":["Ectoplasm","SacredBark"],"picked":"Snecko Eye"}],"items_purged_floors":[8,22],"is_endless":false,"potions_floor_spawned":[3,4,7,16,18,19,23],"killed_by":"Slavers","ascension_level":8}}