{"host":"2n2g1vowfllvjtvi","time":1610040420,"event":{"mods":["AchievementEnabler","BaseMod","Custom Start","GifTheSpireLib","Keyboard Shortcuts","Minty Spire (QoL Compilation)","Quick Restart","Rare Cards Sparkle","StSLib","SuperFastMode"],"gold_per_floor":[115,390,405,88,100,100,115,130,130,130,130,156,173,190,190,265,265,282,292,112,124,49,49,64,64],"floor_reached":24,"playtime":465,"items_purged":["Regret","Clash"],"score":441,"play_id":"d5b90197-4b13-44f9-babd-82e0325ed36e","local_time":"20210108022700","is_ascension_mode":true,"campfire_choices":[{"data":"Bash","floor":6.0,"key":"SMITH"},{"data":"Body Slam","floor":10.0,"key":"SMITH"},{"data":"Shrug It Off","floor":15,"key":"SMITH"},{"floor":23,"key":"REST"}],"circlet_count":0,"master_deck":["AscendersBane","Bash+1","Fire Breathing+1","Body Slam+1","Dropkick","Dropkick","Shrug It Off+1","Berserk","Carnage","Spot Weakness","Shockwave","Bludgeon","Disarm","Immolate","Bloodletting","Ghostly Armor"],"relics":["Burning Blood","NeowsBlessing","Paper Frog","HornCleat","Bottled Tornado","Pandora\u0027s Box"],"acts_visited":["Exordium","TheCity"],"potions_floor_usage":[12,16,19],"damage_taken":[{"damage":0.0,"enemies":"2 Louse","floor":1.0,"turns":1.0},{"damage":0.0,"enemies":"Cultist","floor":3.0,"turns":1.0},{"damage":0.0,"enemies":"Small Slimes","floor":5.0,"turns":1.0},{"damage":11.0,"enemies":"Gremlin Gang","floor":7.0,"turns":4.0},{"damage":11.0,"enemies":"Blue Slaver","floor":8.0,"turns":3.0},{"damage":20,"enemies":"Lagavulin","floor":12,"turns":5},{"damage":6,"enemies":"Looter","floor":13,"turns":3},{"damage":1,"enemies":"Exordium Wildlife","floor":14,"turns":4},{"damage":0,"enemies":"Slime Boss","floor":16,"turns":5},{"damage":9,"enemies":"3 Byrds","floor":18,"turns":3},{"damage":11,"enemies":"2 Thieves","floor":19,"turns":3},{"damage":60,"enemies":"Sentry and Sphere","floor":21,"turns":6},{"damage":20,"enemies":"Centurion and Healer","floor":24,"turns":5}],"seed_played":"-2819280110732688998","potions_obtained":[{"floor":5.0,"key":"Fire Potion"},{"floor":8.0,"key":"Weak Potion"},{"floor":12,"key":"SpeedPotion"},{"floor":14,"key":"Strength Potion"},{"floor":18,"key":"ColorlessPotion"}],"is_trial":false,"path_per_floor":["M","?","M","$","M","R","M","M","T","R","?","E","M","M","R","B",null,"M","M","$","M","?","R","M"],"character_chosen":"IRONCLAD","items_purchased":["Paper Frog","Ghostly Armor"],"campfire_rested":1,"item_purchase_floors":[4,20],"current_hp_per_floor":[74,74,75,75,75,75,70,65,65,65,65,51,51,56,56,62,72,69,64,64,10,10,32,18,18],"gold":64,"neow_bonus":"THREE_ENEMY_KILL","is_daily":false,"chose_seed":false,"campfire_upgraded":3,"win_rate":0.0,"timestamp":1610040420,"path_taken":["M","?","M","$","?","R","M","M","T","R","?","E","M","M","R","BOSS","M","?","$","M","?","R","M"],"items_purchased_type":["Relic","Card"],"build_version":"2020-12-22","purchased_purges":2,"victory":false,"max_hp_per_floor":[75,75,75,75,75,75,75,75,75,75,75,75,75,75,75,75,75,75,75,75,75,75,75,75,75],"card_choices":[{"not_picked":["Flex","Clash"],"picked":"Fire Breathing","floor":1.0},{"not_picked":["Shrug It Off","Pummel"],"picked":"Body Slam","floor":3.0},{"not_picked":["Sword Boomerang","Pommel Strike","Brutality"],"picked":"SKIP","floor":5.0},{"not_picked":["Sword Boomerang","Combust"],"picked":"Dropkick","floor":7.0},{"not_picked":["Twin Strike","Clash","Sword Boomerang"],"picked":"SKIP","floor":8.0},{"not_picked":["Clash","Warcry","Heavy Blade"],"picked":"SKIP","floor":12},{"not_picked":["Corruption","Shrug It Off"],"picked":"Dropkick","floor":13},{"not_picked":["Iron Wave","Body Slam"],"picked":"Shrug It Off","floor":14},{"not_picked":["Juggernaut","Reaper"],"picked":"Berserk","floor":16},{"not_picked":["Headbutt","Carnage","Twin Strike"],"picked":"SKIP","floor":18},{"not_picked":["Dropkick","Carnage","Shockwave"],"picked":"SKIP","floor":19},{"not_picked":["Sentinel","Sever Soul","Heavy Blade"],"picked":"SKIP","floor":21},{"not_picked":["Searing Blow","Heavy Blade","Clash"],"picked":"SKIP","floor":24}],"player_experience":210623,"relics_obtained":[{"floor":9.0,"key":"HornCleat"},{"floor":12,"key":"Bottled Tornado"}],"event_choices":[{"damage_healed":0.0,"max_hp_gain":0.0,"max_hp_loss":0.0,"gold_gain":275.0,"event_name":"Golden Shrine","player_choice":"Desecrate","floor":2.0,"gold_loss":0.0,"damage_taken":0.0,"cards_obtained":["Regret"]},{"damage_healed":0,"gold_gain":0,"player_choice":"Upgraded","damage_taken":0,"max_hp_gain":0,"max_hp_loss":0,"event_name":"Upgrade Shrine","floor":11,"gold_loss":0,"cards_upgraded":["Fire Breathing"]},{"cards_removed":["Entrench"],"damage_healed":0,"gold_gain":0,"player_choice":"Gave Gold","damage_taken":0,"max_hp_gain":0,"max_hp_loss":0,"event_name":"Beggar","floor":22,"gold_loss":75}],"is_beta":false,"boss_relics":[{"not_picked":["Velvet Choker","Sozu"],"picked":"Pandora\u0027s Box"}],"items_purged_floors":[4,20],"is_endless":false,"potions_floor_spawned":[5,8,12,14,18],"killed_by":"Centurion and Healer","ascension_level":15}}