{"host":"j61pjxqytd94o6ng","time":1610048213,"event":{"mods":["BaseMod","Bestiary","Colored Map","Colored Powertips","Curses Come First","Minty Spire (QoL Compilation)","StSLib"],"gold_per_floor":[116,116,116,136,147,147,165,165,188,201,219,219,252,264,264,340,340,350,122,12,23,33,33,33],"floor_reached":23,"playtime":1588,"items_purged":["Endless Agony"],"score":366,"play_id":"8c457a62-4459-4992-bb1f-004a92715991","local_time":"20210107123653","is_ascension_mode":true,"campfire_choices":[{"data":"Footwork","floor":6,"key":"SMITH"},{"data":"Blade Dance","floor":8,"key":"SMITH"},{"data":"Accuracy","floor":12,"key":"SMITH"},{"data":"Blade Dance","floor":15,"key":"SMITH"}],"circlet_count":0,"master_deck":["AscendersBane","Survivor","Neutralize","Acrobatics","Acrobatics","Footwork+1","Reflex","Blade Dance+1","Backflip","Blade Dance+1","Accuracy+1","Choke","PiercingWail+1","Blade Dance","Terror","Distraction","Night Terror","Acrobatics","Night Terror","Setup","Riddle With Holes","Glass Knife","Adrenaline","A Thousand Cuts","After Image","Footwork","Escape Plan+1","Dodge and Roll+1","Footwork","Footwork"],"relics":["Ring of the Snake","Ninja Scroll","Prayer Wheel","Bag of Preparation","Boot","Pandora\u0027s Box","OrangePellets"],"acts_visited":["Exordium","TheCity"],"potions_floor_usage":[13,13,22,23],"damage_taken":[{"damage":2,"enemies":"Small Slimes","floor":1,"turns":6},{"damage":4,"enemies":"Jaw Worm","floor":4,"turns":6},{"damage":0,"enemies":"Cultist","floor":5,"turns":4},{"damage":6,"enemies":"Lots of Slimes","floor":7,"turns":7},{"damage":0,"enemies":"2 Fungi Beasts","floor":10,"turns":3},{"damage":0,"enemies":"Gremlin Gang","floor":11,"turns":4},{"damage":16,"enemies":"Gremlin Nob","floor":13,"turns":3},{"damage":0,"enemies":"Looter","floor":14,"turns":1},{"damage":8,"enemies":"Hexaghost","floor":16,"turns":6},{"damage":6,"enemies":"Shell Parasite","floor":18,"turns":3},{"damage":2,"enemies":"3 Byrds","floor":21,"turns":4},{"damage":5,"enemies":"Sentry and Sphere","floor":22,"turns":5},{"damage":48,"enemies":"Book of Stabbing","floor":23,"turns":4}],"seed_played":"6879362663203017208","potions_obtained":[{"floor":7,"key":"Strength Potion"},{"floor":10,"key":"PowerPotion"},{"floor":11,"key":"DuplicationPotion"},{"floor":14,"key":"SneckoOil"},{"floor":18,"key":"Explosive Potion"}],"is_trial":false,"path_per_floor":["M","?","T","M","M","R","M","R","T","M","M","R","E","M","R","B",null,"M","$","?","M","M","E"],"character_chosen":"THE_SILENT","items_purchased":["OrangePellets"],"campfire_rested":0,"item_purchase_floors":[19],"current_hp_per_floor":[63,52,52,48,48,48,42,42,42,42,42,42,26,26,26,18,59,53,53,53,51,46,0,0],"gold":33,"neow_bonus":"TEN_PERCENT_HP_BONUS","is_daily":false,"chose_seed":false,"campfire_upgraded":4,"win_rate":0.0,"timestamp":1610048213,"path_taken":["M","?","?","M","?","R","M","R","T","M","M","R","E","?","R","BOSS","M","$","?","M","M","E"],"items_purchased_type":["Relic"],"build_version":"2020-12-22","purchased_purges":1,"victory":false,"max_hp_per_floor":[72,72,72,72,72,72,72,72,72,72,72,72,72,72,72,72,72,72,72,72,72,72,72,72],"card_choices":[{"not_picked":["Dagger Throw","Setup"],"picked":"Acrobatics","floor":1},{"not_picked":["Setup","Dagger Spray"],"picked":"Acrobatics","floor":4},{"not_picked":["Quick Slash","Poisoned Stab"],"picked":"Footwork","floor":4},{"not_picked":["Poisoned Stab","Deflect"],"picked":"Reflex","floor":5},{"not_picked":["Slice","Flying Knee","Skewer"],"picked":"SKIP","floor":5},{"not_picked":["Reflex","Quick Slash"],"picked":"Blade Dance","floor":7},{"not_picked":["Cloak And Dagger","Glass Knife"],"picked":"Backflip","floor":7},{"not_picked":["Slice","Quick Slash"],"picked":"Blade Dance","floor":10},{"not_picked":["Calculated Gamble","All Out Attack"],"picked":"Accuracy","floor":10},{"not_picked":["Cloak And Dagger","Bane"],"picked":"Choke","floor":11},{"not_picked":["Catalyst","Die Die Die"],"picked":"PiercingWail","floor":11},{"not_picked":["Dagger Spray","Slice"],"picked":"Blade Dance","floor":13},{"not_picked":["Dagger Spray","Well Laid Plans"],"picked":"Terror","floor":14},{"not_picked":["Bane","Underhanded Strike"],"picked":"Distraction","floor":14},{"not_picked":["Wraith Form v2","Corpse Explosion"],"picked":"Night Terror","floor":16},{"not_picked":["Setup","Flying Knee"],"picked":"Footwork","floor":18},{"not_picked":["Underhanded Strike","Outmaneuver","Backstab"],"picked":"SKIP","floor":18},{"not_picked":["Skewer","Dagger Spray"],"picked":"Escape Plan+1","floor":21},{"not_picked":["Sucker Punch","Expertise"],"picked":"Dodge and Roll+1","floor":21},{"not_picked":["Riddle With Holes","Dagger Spray+1"],"picked":"Footwork","floor":22},{"not_picked":["PiercingWail","Acrobatics+1"],"picked":"Footwork","floor":22}],"player_experience":487727,"relics_obtained":[{"floor":3,"key":"Prayer Wheel"},{"floor":9,"key":"Bag of Preparation"},{"floor":13,"key":"Boot"}],"event_choices":[{"damage_healed":0,"gold_gain":0,"player_choice":"Success","damage_taken":11,"relics_obtained":["Ninja Scroll"],"max_hp_gain":0,"max_hp_loss":0,"event_name":"Scrap Ooze","floor":2,"gold_loss":0},{"cards_removed":["Skewer"],"damage_healed":0,"gold_gain":0,"player_choice":"Upgrade and Remove","damage_taken":0,"max_hp_gain":0,"max_hp_loss":0,"event_name":"Designer","floor":20,"gold_loss":110,"cards_upgraded":["PiercingWail"]}],"is_beta":false,"boss_relics":[{"not_picked":["Runic Pyramid","SacredBark"],"picked":"Pandora\u0027s Box"}],"items_purged_floors":[19],"is_endless":false,"potions_floor_spawned":[7,10,11,14,18],"killed_by":"Book of Stabbing","ascension_level":15}}