{"host":"50qwps766cbz6ukm","time":1610018451,"event":{"mods":["BaseMod","Colored Map","Colored Powertips","DeckTracker","Highlight Path","Infinite Spire","Minty Spire (QoL Compilation)","Quick Restart","Remove Card Discount Mod","StSLib","SuperFastMode","Synergy Search"],"gold_per_floor":[115,135,153,153,164,164,164],"floor_reached":6,"playtime":158,"items_purged":[],"score":49,"play_id":"03b86219-e3da-4698-af96-c7911d83c52c","local_time":"20210107132051","is_ascension_mode":true,"campfire_choices":[],"circlet_count":0,"master_deck":["Strike_P","Strike_P","Strike_P","Strike_P","Defend_P","Defend_P","Defend_P","Defend_P","Eruption","Vigilance","MentalFortress","DeceiveReality","FlurryOfBlows"],"relics":["PureWater","NeowsBlessing"],"acts_visited":["Exordium"],"potions_floor_usage":[6],"damage_taken":[{"damage":0,"enemies":"infinitespire:Voidling","floor":1,"turns":1},{"damage":0,"enemies":"Jaw Worm","floor":2,"turns":1},{"damage":0,"enemies":"Cultist","floor":3,"turns":1},{"damage":2,"enemies":"2 Fungi Beasts","floor":5,"turns":3},{"damage":6,"enemies":"3 Sentries","floor":6,"turns":4}],"seed_played":"-595374109788943638","potions_obtained":[{"floor":4,"key":"LiquidBronze"},{"floor":4,"key":"Swift Potion"},{"floor":4,"key":"Swift Potion"},{"floor":5,"key":"BottledMiracle"}],"is_trial":false,"path_per_floor":["M","M","M","?","M","E"],"character_chosen":"WATCHER","items_purchased":[],"campfire_rested":0,"item_purchase_floors":[],"current_hp_per_floor":[65,65,65,65,63,57,57],"gold":164,"neow_bonus":"THREE_ENEMY_KILL","is_daily":false,"chose_seed":false,"campfire_upgraded":0,"win_rate":0.0,"timestamp":1610018451,"path_taken":["M","?","?","?","?","E"],"items_purchased_type":[],"build_version":"2020-12-22","purchased_purges":0,"victory":false,"max_hp_per_floor":[72,72,72,72,72,72,72],"card_choices":[{"not_picked":["CutThroughFate","CarveReality"],"picked":"MentalFortress","floor":1},{"not_picked":["Vengeance","Prostrate","Indignation"],"picked":"SKIP","floor":2},{"not_picked":["ClearTheMind","JustLucky"],"picked":"DeceiveReality","floor":3},{"not_picked":["ClearTheMind","Evaluate"],"picked":"FlurryOfBlows","floor":5}],"player_experience":562004,"relics_obtained":[],"event_choices":[{"damage_healed":0,"gold_gain":0,"player_choice":"Got Potions","damage_taken":0,"max_hp_gain":0,"max_hp_loss":0,"event_name":"Lab","floor":4,"gold_loss":0}],"is_beta":false,"boss_relics":[],"items_purged_floors":[],"is_endless":false,"potions_floor_spawned":[5],"killed_by":"3 Sentries","ascension_level":6}}