{"host":"6jrd8fn9k88n08be","time":1610041571,"event":{"mods":["BaseMod","Minty Spire (QoL Compilation)","StSLib"],"gold_per_floor":[111,186,64,64,83,114,114,114,166,166,66,79,79,30,30,135,135,155,166,81,93,122,161,173,213,225,255,267,298,310,348,360,477,489,513,525,537,562,134,163,13,13,13,29,6,23,43,43,43,43,43,43,43,72,72,72],"floor_reached":55,"playtime":5899,"items_purged":["Strike_G","Parasite","Strike_G","Strike_G"],"score":814,"play_id":"fc676be0-e72c-44eb-9974-7ba9f6f2cd7f","local_time":"20210107124611","is_ascension_mode":true,"campfire_choices":[{"floor":7.0,"key":"REST"},{"data":"Calculated Gamble","floor":10.0,"key":"SMITH"},{"data":"Neutralize","floor":13.0,"key":"SMITH"},{"data":"Survivor","floor":15.0,"key":"SMITH"},{"floor":24.0,"key":"REST"},{"floor":28.0,"key":"REST"},{"data":"After Image","floor":30.0,"key":"SMITH"},{"data":"Envenom","floor":32.0,"key":"SMITH"},{"data":"Night Terror","floor":42,"key":"SMITH"},{"floor":49,"key":"RECALL"},{"data":"Backflip","floor":52,"key":"SMITH"}],"circlet_count":0,"master_deck":["Strike_G","Strike_G","Defend_G","Defend_G","Defend_G","Defend_G","Defend_G","Survivor+1","Neutralize+1","Unload","Calculated Gamble+1","Backflip+1","Endless Agony","Heel Hook+1","Sucker Punch+1","After Image+1","Heel Hook+1","Envenom+1","Expertise+1","Prepared","Underhanded Strike+1","Heel Hook+1","Night Terror+1","Terror+1","Madness","Madness","Heel Hook+1","Finesse","Panache","Eviscerate+1","Prepared","Footwork+1"],"relics":["Ring of the Snake","Molten Egg 2","Centennial Puzzle","Sozu","MawBank","White Beast Statue","Pantograph","InkBottle","Lantern","Philosopher\u0027s Stone","Thread and Needle","Mummified Hand","Pear"],"acts_visited":["TheBeyond","TheEnding"],"potions_floor_usage":[],"damage_taken":[{"damage":0.0,"enemies":"2 Louse","floor":1.0,"turns":2.0},{"damage":0.0,"enemies":"Jaw Worm","floor":5.0,"turns":3.0},{"damage":37.0,"enemies":"3 Sentries","floor":6.0,"turns":13.0},{"damage":0.0,"enemies":"Small Slimes","floor":12.0,"turns":2.0},{"damage":19.0,"enemies":"The Guardian","floor":16.0,"turns":13.0},{"damage":2.0,"enemies":"Shell Parasite","floor":18.0,"turns":6.0},{"damage":0.0,"enemies":"3 Byrds","floor":19.0,"turns":5.0},{"damage":0.0,"enemies":"Snecko","floor":22.0,"turns":5.0},{"damage":29.0,"enemies":"Book of Stabbing","floor":23.0,"turns":6.0},{"damage":27.0,"enemies":"Gremlin Leader","floor":25.0,"turns":7.0},{"damage":5.0,"enemies":"Chosen and Byrds","floor":27.0,"turns":6.0},{"damage":2.0,"enemies":"Centurion and Healer","floor":29.0,"turns":5.0},{"damage":10.0,"enemies":"Slavers","floor":31.0,"turns":6.0},{"damage":18.0,"enemies":"Champ","floor":33.0,"turns":11.0},{"damage":11,"enemies":"3 Shapes","floor":35,"turns":5},{"damage":1,"enemies":"3 Darklings","floor":38,"turns":3},{"damage":26,"enemies":"Reptomancer","floor":40,"turns":4},{"damage":0,"enemies":"Jaw Worm Horde","floor":44,"turns":3},{"damage":6,"enemies":"Sphere and 2 Shapes","floor":46,"turns":4},{"damage":13,"enemies":"4 Shapes","floor":47,"turns":2},{"damage":10,"enemies":"Donu and Deca","floor":50,"turns":6},{"damage":0,"enemies":"Shield and Spear","floor":54,"turns":4},{"damage":78,"enemies":"The Heart","floor":55,"turns":6}],"seed_played":"-7753772585478197720","potions_obtained":[{"floor":12.0,"key":"CunningPotion"}],"is_trial":false,"path_per_floor":["M","?","$","?","M","E","R","?","T","R","$","M","R","$","R","B",null,"M","M","?","$","M","E","R","E","T","M","R","M","R","E","R","B",null,"M","?","T","M","$","E","$","R","T","M","$","M","M","$","R","B",null,"R","$","E","B"],"character_chosen":"THE_SILENT","items_purchased":["Backflip","Dexterity Potion","Heel Hook+1","Finesse","Panache","Prepared"],"campfire_rested":3,"item_purchase_floors":[3,14,39,39,39,45],"current_hp_per_floor":[49,38,38,38,38,1,22,39,39,39,39,39,39,39,39,20,67,65,65,65,65,65,36,56,29,29,24,44,42,42,32,32,39,67,56,48,48,47,47,21,21,21,21,21,21,15,2,2,2,17,67,67,67,77,0,0],"gold":72,"neow_bonus":"THREE_RARE_CARDS","is_daily":false,"chose_seed":false,"campfire_upgraded":7,"win_rate":0.0,"timestamp":1610041571,"path_taken":["M","?","$","?","M","E","R","?","T","R","$","?","R","$","R","BOSS","M","M","?","$","M","E","R","E","T","M","R","M","R","E","R","BOSS","M","?","?","M","$","E","$","R","T","M","$","M","M","?","R","BOSS","R","$","E","BOSS"],"items_purchased_type":["Card","Potion","Card","Card","Card","Card"],"build_version":"2020-12-22","purchased_purges":4,"victory":false,"max_hp_per_floor":[70,70,70,70,70,70,70,70,70,70,67,67,67,67,67,67,67,67,67,67,67,67,67,67,67,67,67,67,67,67,67,67,67,67,67,67,67,67,67,67,67,67,67,67,67,67,67,67,67,67,67,67,67,77,77,77],"card_choices":[{"not_picked":["Doppelganger","After Image"],"picked":"Unload","floor":0.0},{"not_picked":["Bane","Dash"],"picked":"Calculated Gamble","floor":1.0},{"not_picked":["Slice","Blade Dance"],"picked":"Endless Agony","floor":5.0},{"not_picked":["Dagger Spray+1","Slice+1"],"picked":"Heel Hook+1","floor":6.0},{"not_picked":["Deflect","Slice+1"],"picked":"Sucker Punch+1","floor":12.0},{"not_picked":["Bullet Time","Doppelganger"],"picked":"After Image","floor":16.0},{"not_picked":["Acrobatics+1","Eviscerate+1"],"picked":"Heel Hook+1","floor":18.0},{"not_picked":["Infinite Blades","Slice+1","Deflect"],"picked":"SKIP","floor":19.0},{"not_picked":["Deadly Poison","All Out Attack+1"],"picked":"Envenom","floor":22.0},{"not_picked":["Bouncing Flask","Infinite Blades+1"],"picked":"Expertise+1","floor":23.0},{"not_picked":["Choke+1","Bane+1","Deflect"],"picked":"SKIP","floor":25.0},{"not_picked":["Flying Knee+1","PiercingWail"],"picked":"Prepared","floor":27.0},{"not_picked":["Slice+1","Dagger Spray+1"],"picked":"Underhanded Strike+1","floor":29.0},{"not_picked":["Die Die Die+1","Masterful Stab+1"],"picked":"Heel Hook+1","floor":31.0},{"not_picked":["Die Die Die+1","Unload+1"],"picked":"Night Terror","floor":33.0},{"not_picked":["Blade Dance","Flying Knee+1"],"picked":"Terror+1","floor":35},{"not_picked":["Choke+1","Outmaneuver+1","Deadly Poison+1"],"picked":"SKIP","floor":38},{"not_picked":["Quick Slash+1","Acrobatics+1"],"picked":"Eviscerate+1","floor":40},{"not_picked":["Deadly Poison","Predator+1","Riddle With Holes+1"],"picked":"SKIP","floor":44},{"not_picked":["Quick Slash+1","Sucker Punch+1","Riddle With Holes+1"],"picked":"SKIP","floor":46},{"not_picked":["Sucker Punch+1","Distraction","Heel Hook+1"],"picked":"SKIP","floor":47},{"not_picked":["Prepared","Caltrops"],"picked":"Footwork+1","floor":54}],"player_experience":36518,"relics_obtained":[{"floor":6.0,"key":"Molten Egg 2"},{"floor":9.0,"key":"Centennial Puzzle"},{"floor":23.0,"key":"White Beast Statue"},{"floor":25.0,"key":"Pantograph"},{"floor":26.0,"key":"InkBottle"},{"floor":31.0,"key":"Lantern"},{"floor":40,"key":"Thread and Needle"},{"floor":43,"key":"Mummified Hand"},{"floor":54,"key":"Pear"}],"event_choices":[{"damage_healed":0.0,"max_hp_gain":0.0,"max_hp_loss":0.0,"gold_gain":75.0,"event_name":"World of Goop","player_choice":"Gather Gold","floor":2.0,"gold_loss":0.0,"damage_taken":11.0},{"damage_healed":0.0,"max_hp_gain":0.0,"max_hp_loss":0.0,"gold_gain":0.0,"event_name":"Shining Light","player_choice":"Ignored","floor":4.0,"gold_loss":0.0,"damage_taken":0.0},{"damage_healed":17.0,"max_hp_gain":0.0,"max_hp_loss":0.0,"gold_gain":0.0,"event_name":"Mushrooms","player_choice":"Healed and dodged fight","floor":8.0,"gold_loss":0.0,"damage_taken":0.0,"cards_obtained":["Parasite"]},{"damage_healed":0.0,"max_hp_gain":0.0,"max_hp_loss":0.0,"gold_gain":0.0,"event_name":"Addict","player_choice":"Obtained Relic","floor":20.0,"gold_loss":85.0,"damage_taken":0.0,"relics_obtained":["MawBank"]},{"damage_healed":0,"gold_gain":0,"player_choice":"Embrace Madness","damage_taken":8,"max_hp_gain":0,"max_hp_loss":0,"event_name":"Winding Halls","floor":36,"gold_loss":0,"cards_obtained":["Madness","Madness"]}],"is_beta":false,"boss_relics":[{"not_picked":["Cursed Key","SlaversCollar"],"picked":"Sozu"},{"not_picked":["WristBlade","Ring of the Serpent"],"picked":"Philosopher\u0027s Stone"}],"items_purged_floors":[3,11,39,41],"is_endless":false,"potions_floor_spawned":[12,19,23,25,27,29,31,33,35,38,40,44,46,47,54],"killed_by":"The Heart","ascension_level":1}}