{"host":"iml8x8es9od4zowg","time":1610023403,"event":{"mods":["2.2 Compatiblity","BaseMod","Marisa£¨Ùöéë¡¡Øª×âÞÞ£©","Minty Spire (QoL Compilation)","StSLib","Td1madao Mod","The Bug Knight","The Jungle","¡¼?Úª?ø«¡½REMEMod"],"gold_per_floor":[116,116,41,41,59,91,91,110,110,126,159,33,48,75,75,172,172,183,98,98,98,98,132,132,158,158,9,9,9],"floor_reached":28,"playtime":1613,"items_purged":["Strike_B","Defend_B"],"score":291,"play_id":"a955456f-c984-442a-9c87-704cba739441","local_time":"20210107214323","is_ascension_mode":true,"campfire_choices":[{"floor":7,"key":"DIG"},{"floor":15,"key":"DIG"},{"floor":24,"key":"REST"}],"circlet_count":0,"master_deck":["Strike_B+1","Strike_B","Defend_B","Defend_B","Defend_B","Zap","Dualcast+1","Optimization","Hologram","Double Energy","Glacier","Cold Snap","Turbo","Genetic Algorithm","Seek","Redo+1","Glacier"],"relics":["Cracked Core","REME_ComplimentaryCards","NeowsBlessing","Shovel","Shuriken","Thread and Needle","Matryoshka","Vajra","DataDisk","Tiny Chest","Art of War","Pocketwatch","Regal Pillow","Boot","InkBottle","MealTicket"],"acts_visited":["Exordium","TheCity"],"potions_floor_usage":[11,14,28,28],"damage_taken":[{"damage":0,"enemies":"Small Slimes","floor":1,"turns":1},{"damage":0,"enemies":"Cultist","floor":5,"turns":1},{"damage":0,"enemies":"Gremlin Nob","floor":6,"turns":1},{"damage":0,"enemies":"2 Louse","floor":8,"turns":2},{"damage":0,"enemies":"Exordium Wildlife","floor":10,"turns":5},{"damage":1,"enemies":"3 Sentries","floor":11,"turns":6},{"damage":0,"enemies":"2 Fungi Beasts","floor":13,"turns":4},{"damage":1,"enemies":"Lagavulin","floor":14,"turns":12},{"damage":20,"enemies":"Slime Boss","floor":16,"turns":14},{"damage":9,"enemies":"3 Byrds","floor":18,"turns":8},{"damage":62,"enemies":"REME_1_Revenger","floor":23,"turns":11},{"damage":26,"enemies":"Book of Stabbing","floor":28,"turns":8}],"seed_played":"8759403992134222438","potions_obtained":[{"floor":1,"key":"AttackPotion"},{"floor":8,"key":"SkillPotion"},{"floor":10,"key":"Energy Potion"},{"floor":13,"key":"Dexterity Potion"},{"floor":23,"key":"SkillPotion"}],"is_trial":false,"path_per_floor":["M","?","$","?","M","E","R","M","T","M","E","$","M","E","R","B",null,"M","?","T","$","?","E","R","T","T","$","E"],"character_chosen":"DEFECT","items_purchased":["Turbo","MealTicket"],"campfire_rested":1,"item_purchase_floors":[12,27],"current_hp_per_floor":[75,75,75,60,60,60,60,60,60,60,59,59,59,58,58,38,75,66,66,66,66,66,4,26,26,26,26,0,0],"gold":9,"neow_bonus":"THREE_ENEMY_KILL","is_daily":false,"chose_seed":false,"campfire_upgraded":0,"win_rate":0.0,"timestamp":1610023403,"path_taken":["M","?","?","?","?","E","R","M","T","M","E","$","M","E","R","BOSS","M","?","?","$","?","E","R","?","T","$","E"],"items_purchased_type":["Card","Relic"],"build_version":"2020-12-22","purchased_purges":2,"victory":false,"max_hp_per_floor":[75,75,75,75,75,75,75,75,75,75,75,75,75,75,75,75,75,75,75,75,75,75,75,75,75,75,75,75,75],"card_choices":[{"not_picked":["Storm","Go for the Eyes","REME_Compress"],"picked":"SKIP","floor":1},{"not_picked":["Rebound","Consume"],"picked":"Hologram","floor":5},{"not_picked":["Rebound","Sweeping Beam","Hello World"],"picked":"SKIP","floor":6},{"not_picked":["Hello World","Hologram"],"picked":"Double Energy","floor":8},{"not_picked":["Leap","BootSequence"],"picked":"Glacier","floor":10},{"not_picked":["Streamline","Aggregate"],"picked":"Cold Snap","floor":11},{"not_picked":["Stack","Hologram"],"picked":"Genetic Algorithm","floor":13},{"not_picked":["Beam Cell","Force Field"],"picked":"Seek","floor":14},{"not_picked":["Go for the Eyes","Rebound"],"picked":"Redo+1","floor":18},{"not_picked":["Gash","Meteor Strike"],"picked":"Glacier","floor":23}],"player_experience":551748,"relics_obtained":[{"floor":6,"key":"Shovel"},{"floor":7,"key":"Shuriken"},{"floor":9,"key":"Thread and Needle"},{"floor":11,"key":"Matryoshka"},{"floor":14,"key":"Vajra"},{"floor":15,"key":"DataDisk"},{"floor":20,"key":"Art of War"},{"floor":23,"key":"Pocketwatch"},{"floor":25,"key":"Regal Pillow"},{"floor":25,"key":"Boot"},{"floor":26,"key":"InkBottle"}],"event_choices":[{"cards_removed":["Strike_B"],"damage_healed":0,"gold_gain":0,"player_choice":"Purged","damage_taken":0,"max_hp_gain":0,"max_hp_loss":0,"event_name":"Purifier","floor":2,"gold_loss":0},{"damage_healed":0,"gold_gain":0,"player_choice":"Entered Light","damage_taken":15,"max_hp_gain":0,"max_hp_loss":0,"event_name":"Shining Light","floor":4,"gold_loss":0,"cards_upgraded":["Dualcast","Strike_B"]},{"damage_healed":0,"gold_gain":0,"player_choice":"Obtained Relic","damage_taken":0,"relics_obtained":["Tiny Chest"],"max_hp_gain":0,"max_hp_loss":0,"event_name":"Addict","floor":19,"gold_loss":85},{"damage_healed":0,"gold_gain":0,"player_choice":"Ignored","damage_taken":0,"max_hp_gain":0,"max_hp_loss":0,"event_name":"Ghosts","floor":22,"gold_loss":0}],"is_beta":false,"boss_relics":[{"not_picked":["Runic Dome","Busted Crown","Coffee Dripper"]}],"items_purged_floors":[3,12],"is_endless":false,"potions_floor_spawned":[1,8,10,13,23],"killed_by":"Book of Stabbing","ascension_level":1}}