{"host":"s3s7xsmblwiz356v","time":1610048685,"event":{"mods":["AchievementEnabler","BaseMod","Block Reminder","Colored Map","Colored Powertips","Minty Spire (QoL Compilation)"],"gold_per_floor":[112,131,143,143,68,68,101,119,119,133,153,153,171,201,201,279,279,295,11,24,24,35,35,66,66,66,100,100,118,118,132,132,204,204,217,242,295,295,313,346,346,346,346,346,346,378,378,392,392,392,392],"floor_reached":50,"playtime":4588,"items_purged":["Strike_B"],"score":1079,"play_id":"7d23dfa3-548a-4e8b-bfb6-0e185dcc6efb","local_time":"20210107144445","is_ascension_mode":true,"campfire_choices":[{"data":"Zap","floor":6.0,"key":"SMITH"},{"data":"Dualcast","floor":12.0,"key":"SMITH"},{"data":"FTL","floor":15.0,"key":"SMITH"},{"floor":23,"key":"REST"},{"floor":25,"key":"REST"},{"floor":28,"key":"REST"},{"floor":30,"key":"REST"},{"floor":32,"key":"REST"},{"floor":41,"key":"RECALL"},{"data":"Go for the Eyes","floor":44,"key":"SMITH"},{"floor":49,"key":"REST"}],"circlet_count":0,"master_deck":["AscendersBane","Strike_B","Strike_B","Strike_B","Defend_B","Defend_B","Defend_B","Defend_B","Zap+1","Dualcast+1","Sweeping Beam","Gash","Rip and Tear","Doom and Gloom","FTL+1","Go for the Eyes+1","Gash","Electrodynamics","Creative AI","Hologram+1","Reinforced Body+1","Coolheaded+1","Reinforced Body+1","Core Surge","Cold Snap","Reinforced Body+1","Electrodynamics+1","Hologram+1","Coolheaded+1","Forethought+1","Panacea+1"],"relics":["Cracked Core","Matryoshka","Pear","Mummified Hand","Singing Bowl","Turnip","Snecko Eye","Toxic Egg 2","Thread and Needle","Ancient Tea Set","Frozen Egg 2","Ornamental Fan","Philosopher\u0027s Stone","FossilizedHelix","Gambling Chip","Oddly Smooth Stone","Prayer Wheel","Potion Belt"],"acts_visited":["TheCity","TheBeyond"],"potions_floor_usage":[27,33,36,45],"damage_taken":[{"damage":0.0,"enemies":"2 Louse","floor":1.0,"turns":2.0},{"damage":1.0,"enemies":"Cultist","floor":2.0,"turns":3.0},{"damage":7.0,"enemies":"Jaw Worm","floor":3.0,"turns":3.0},{"damage":15.0,"enemies":"3 Sentries","floor":7.0,"turns":6.0},{"damage":11.0,"enemies":"Looter","floor":8.0,"turns":4.0},{"damage":1.0,"enemies":"2 Fungi Beasts","floor":10.0,"turns":2.0},{"damage":3.0,"enemies":"Blue Slaver","floor":11.0,"turns":3.0},{"damage":1.0,"enemies":"Looter","floor":13.0,"turns":3.0},{"damage":0.0,"enemies":"Gremlin Nob","floor":14.0,"turns":2.0},{"damage":12.0,"enemies":"Slime Boss","floor":16.0,"turns":7.0},{"damage":15,"enemies":"3 Byrds","floor":18,"turns":3},{"damage":18,"enemies":"Spheric Guardian","floor":20,"turns":4},{"damage":0,"enemies":"Centurion and Healer","floor":22,"turns":6},{"damage":28,"enemies":"Gremlin Leader","floor":24,"turns":6},{"damage":31,"enemies":"Slavers","floor":27,"turns":5},{"damage":17,"enemies":"Snake Plant","floor":29,"turns":4},{"damage":0,"enemies":"Sentry and Sphere","floor":31,"turns":4},{"damage":36,"enemies":"Collector","floor":33,"turns":12},{"damage":0,"enemies":"3 Darklings","floor":35,"turns":4},{"damage":0,"enemies":"Mind Bloom Boss Battle","floor":36,"turns":6},{"damage":13,"enemies":"2 Orb Walkers","floor":37,"turns":4},{"damage":0,"enemies":"Orb Walker","floor":39,"turns":2},{"damage":0,"enemies":"Nemesis","floor":40,"turns":9},{"damage":0,"enemies":"Transient","floor":45,"turns":2},{"damage":26,"enemies":"Reptomancer","floor":46,"turns":8},{"damage":0,"enemies":"Writhing Mass","floor":48,"turns":9},{"damage":80,"enemies":"Awakened One","floor":50,"turns":10}],"seed_played":"4097683636629671947","potions_obtained":[{"floor":2.0,"key":"DistilledChaos"},{"floor":7.0,"key":"GamblersBrew"},{"floor":13.0,"key":"DistilledChaos"},{"floor":14.0,"key":"Dexterity Potion"},{"floor":22,"key":"FearPotion"},{"floor":24,"key":"Ancient Potion"},{"floor":31,"key":"Regen Potion"},{"floor":33,"key":"SmokeBomb"},{"floor":40,"key":"PotionOfCapacity"}],"is_trial":false,"path_per_floor":["M","M","M","?","$","R","E","M","T","M","M","R","M","E","R","B",null,"M","$","M","?","M","R","E","R","T","E","R","M","R","M","R","B",null,"M","?","?","?","M","E","R","T","T","R","M","E","?","M","R","B"],"character_chosen":"DEFECT","items_purchased":["Toxic Egg 2","Hologram+1"],"campfire_rested":6,"item_purchase_floors":[19,19],"current_hp_per_floor":[64,63,56,56,56,56,51,40,40,39,36,36,37,37,37,25,69,56,56,38,38,38,63,35,60,60,29,54,37,62,64,87,63,81,81,83,72,72,72,74,74,74,74,74,74,50,42,46,74,0,0],"gold":392,"neow_bonus":"THREE_CARDS","is_daily":false,"chose_seed":false,"campfire_upgraded":4,"win_rate":0.0,"timestamp":1610048685,"path_taken":["M","M","M","?","?","R","E","M","T","M","M","R","M","E","R","BOSS","M","$","M","?","M","R","E","R","T","E","R","M","R","M","R","BOSS","M","?","?","?","M","E","R","?","T","R","M","E","?","M","R","BOSS"],"items_purchased_type":["Relic","Card"],"build_version":"2020-12-22","purchased_purges":1,"victory":false,"max_hp_per_floor":[71,71,71,71,71,71,81,81,81,81,81,81,83,83,83,83,83,85,85,85,85,85,85,85,85,85,85,85,85,85,87,87,87,87,87,89,91,86,86,88,88,88,88,88,88,90,92,96,96,96,96],"card_choices":[{"not_picked":["Turbo","Redo"],"picked":"Sweeping Beam","floor":0.0},{"not_picked":["Barrage","Undo"],"picked":"Gash","floor":1.0},{"not_picked":["Sweeping Beam","Redo"],"picked":"Rip and Tear","floor":2.0},{"not_picked":["Barrage","Rip and Tear"],"picked":"Go for the Eyes","floor":3.0},{"not_picked":["Reinforced Body","Force Field"],"picked":"Doom and Gloom","floor":7.0},{"not_picked":["Sweeping Beam","Consume"],"picked":"FTL","floor":8.0},{"not_picked":["Thunder Strike","Coolheaded"],"picked":"Go for the Eyes","floor":10.0},{"not_picked":["Loop","Tempest"],"picked":"Gash","floor":11.0},{"not_picked":["Steam","Redo","Turbo"],"picked":"Singing Bowl","floor":13.0},{"not_picked":["Auto Shields","Compile Driver"],"picked":"Electrodynamics","floor":14.0},{"not_picked":["Reboot","Hyperbeam"],"picked":"Creative AI","floor":16.0},{"not_picked":["BootSequence","Go for the Eyes","Beam Cell"],"picked":"Singing Bowl","floor":18},{"not_picked":["Stack+1","Beam Cell"],"picked":"Reinforced Body+1","floor":20},{"not_picked":["Leap+1","Rebound"],"picked":"Reinforced Body+1","floor":22},{"not_picked":["Hologram+1","Blizzard"],"picked":"Core Surge","floor":24},{"not_picked":["Reprogram+1","Redo+1"],"picked":"Cold Snap","floor":27},{"not_picked":["Beam Cell","Go for the Eyes"],"picked":"Reinforced Body+1","floor":29},{"not_picked":["Stack+1","Rebound","Leap+1"],"picked":"Singing Bowl","floor":31},{"not_picked":["Machine Learning+1","Hyperbeam"],"picked":"Electrodynamics+1","floor":33},{"not_picked":["Beam Cell+1","Steam+1"],"picked":"Hologram+1","floor":35},{"not_picked":["Ball Lightning","Sweeping Beam","Beam Cell"],"picked":"Singing Bowl","floor":36},{"not_picked":["Steam Power+1","Leap+1","Rebound+1"],"picked":"Singing Bowl","floor":37},{"not_picked":["Hyperbeam","Ball Lightning+1"],"picked":"Coolheaded+1","floor":39},{"not_picked":["Darkness+1","Stack+1","Gash"],"picked":"Singing Bowl","floor":40},{"not_picked":["Go for the Eyes","Turbo+1","Fusion+1"],"picked":"Singing Bowl","floor":46},{"not_picked":["Impatience+1","Swift Strike"],"picked":"Forethought+1","floor":47},{"not_picked":["Panache+1","Chrysalis+1"],"picked":"Panacea+1","floor":47},{"not_picked":["Secret Weapon+1","Swift Strike","Deep Breath+1"],"picked":"Singing Bowl","floor":47},{"not_picked":["Barrage+1","Ball Lightning","Leap+1"],"picked":"Singing Bowl","floor":48},{"not_picked":["Gash","Barrage","Stack+1"],"picked":"Singing Bowl","floor":48}],"player_experience":379517,"relics_obtained":[{"floor":7.0,"key":"Pear"},{"floor":9.0,"key":"Mummified Hand"},{"floor":9.0,"key":"Singing Bowl"},{"floor":14.0,"key":"Turnip"},{"floor":24,"key":"Thread and Needle"},{"floor":26,"key":"Ancient Tea Set"},{"floor":26,"key":"Frozen Egg 2"},{"floor":27,"key":"Ornamental Fan"},{"floor":36,"key":"FossilizedHelix"},{"floor":37,"key":"Gambling Chip"},{"floor":40,"key":"Oddly Smooth Stone"},{"floor":43,"key":"Prayer Wheel"},{"floor":46,"key":"Potion Belt"}],"event_choices":[{"cards_removed":["Go for the Eyes"],"damage_healed":0.0,"max_hp_gain":0.0,"max_hp_loss":0.0,"gold_gain":0.0,"event_name":"WeMeetAgain","player_choice":"Gave Card","floor":4.0,"gold_loss":0.0,"damage_taken":0.0,"relics_obtained":["Matryoshka"]},{"damage_healed":0,"gold_gain":0,"player_choice":"Read","damage_taken":0,"max_hp_gain":0,"max_hp_loss":0,"event_name":"The Library","floor":21,"gold_loss":0,"cards_obtained":["Coolheaded"]},{"damage_healed":0,"gold_gain":0,"player_choice":"Fight","damage_taken":0,"max_hp_gain":0,"max_hp_loss":0,"event_name":"MindBloom","floor":36,"gold_loss":0},{"damage_healed":0,"gold_gain":0,"player_choice":"Fight","damage_taken":0,"max_hp_gain":0,"max_hp_loss":0,"event_name":"Mysterious Sphere","floor":37,"gold_loss":0},{"damage_healed":0,"gold_gain":0,"player_choice":"Max HP","damage_taken":0,"max_hp_gain":0,"max_hp_loss":5,"event_name":"Winding Halls","floor":38,"gold_loss":0},{"damage_healed":0,"gold_gain":0,"player_choice":"Memory 3","damage_taken":10,"max_hp_gain":0,"max_hp_loss":0,"event_name":"SensoryStone","floor":47,"gold_loss":0}],"is_beta":false,"boss_relics":[{"not_picked":["Empty Cage","Nuclear Battery"],"picked":"Snecko Eye"},{"not_picked":["SacredBark","Runic Dome"],"picked":"Philosopher\u0027s Stone"}],"items_purged_floors":[5],"is_endless":false,"potions_floor_spawned":[2,7,13,14,22,24,31,33,40],"killed_by":"Awakened One","ascension_level":15}}