{"host":"6dypmz777xraikqf","time":1610035596,"event":{"mods":["AchievementEnabler","BaseMod","BetterRewards","Colored Map","Colored Powertips","Downfall","Highlight Path","Hubris","Infinite Spire","Minty Spire (QoL Compilation)","Replay The Spire","StSLib"],"gold_per_floor":[15,32,32,46,46,46,74,74,74,94,110,125,122,122,122,72,72],"floor_reached":16,"playtime":3890,"items_purged":["hubris:Disease"],"score":128,"play_id":"ef5977bc-9f4e-438f-9366-c2e307e4c01a","local_time":"20210107160636","is_ascension_mode":true,"campfire_choices":[{"data":"Calculated Gamble","floor":6,"key":"SMITH"},{"floor":8,"key":"REST"},{"floor":15,"key":"REST"}],"circlet_count":0,"master_deck":["Strike_G","Strike_G","Strike_G","Defend_G","Defend_G","Defend_G","Defend_G","Survivor","Neutralize","Eviscerate","ReplayTheSpireMod:The Works","Calculated Gamble+1","Heel Hook","Blade Dance","Backflip","Acrobatics","Leg Sweep"],"relics":["PureWater","infinitespire:Cubic Diamond","Du-Vu Doll","TungstenRod","ReplayTheSpireMod:CursedCoin","hubris:Icosahedron"],"acts_visited":["Exordium"],"potions_floor_usage":[11,12],"damage_taken":[{"damage":1,"enemies":"2 Louse","floor":1,"turns":3},{"damage":0,"enemies":"Cultist","floor":2,"turns":4},{"damage":2,"enemies":"Jaw Worm","floor":4,"turns":5},{"damage":56,"enemies":"3 Sentries","floor":7,"turns":14},{"damage":0,"enemies":"Large Slime","floor":10,"turns":5},{"damage":10,"enemies":"Exordium Thugs","floor":11,"turns":5},{"damage":19,"enemies":"Lots of Slimes","floor":12,"turns":5},{"damage":32,"enemies":"Fading Forest","floor":16,"turns":8}],"seed_played":"3312409469512954858","potions_obtained":[{"floor":7,"key":"DistilledChaos"},{"floor":11,"key":"Cursed Concoction"}],"is_trial":false,"path_per_floor":["M","M","?","M","?","R","E","R","T","M","M","M","$","?","R","B"],"character_chosen":"THE_SILENT","items_purchased":["ReplayTheSpireMod:CursedCoin","Leg Sweep"],"campfire_rested":2,"item_purchase_floors":[13,13],"current_hp_per_floor":[69,69,69,67,67,67,11,32,32,32,22,3,3,3,24,0,0],"gold":72,"neow_bonus":"TRANSFORM_TWO_CARDS","is_daily":false,"chose_seed":false,"campfire_upgraded":1,"win_rate":0.0,"timestamp":1610035596,"path_taken":["M","M","?","M","?","R","E","R","T","?","M","M","$","?","R","BOSS"],"items_purchased_type":["Relic","Card"],"build_version":"2020-12-22","purchased_purges":1,"victory":false,"max_hp_per_floor":[70,70,70,70,70,70,70,70,70,70,70,70,70,70,70,70,70],"card_choices":[{"not_picked":["Outmaneuver","Bane","Terror"],"picked":"SKIP","floor":1},{"not_picked":["Hidden Blade","Heel Hook"],"picked":"Calculated Gamble","floor":2},{"not_picked":["Backstab","Flying Knee"],"picked":"Heel Hook","floor":4},{"not_picked":["PiercingWail","Riddle With Holes","Masterful Stab"],"picked":"SKIP","floor":7},{"not_picked":["Dodge and Roll","hubris:SlightOfHand"],"picked":"Blade Dance","floor":10},{"not_picked":["Flying Knee","Underhanded Strike"],"picked":"Backflip","floor":11},{"not_picked":["PiercingWail","Leg Sweep"],"picked":"Acrobatics","floor":12}],"player_experience":122902,"relics_obtained":[{"floor":7,"key":"Du-Vu Doll"},{"floor":9,"key":"TungstenRod"}],"event_choices":[{"cards_removed":["Strike_G"],"damage_healed":0,"gold_gain":0,"player_choice":"Purged","damage_taken":0,"max_hp_gain":0,"max_hp_loss":0,"event_name":"Purifier","floor":5,"gold_loss":0}],"is_beta":false,"boss_relics":[],"items_purged_floors":[13],"is_endless":false,"potions_floor_spawned":[7,11],"killed_by":"Fading Forest","ascension_level":5}}