{"host":"vvp4eihuvtuugjfx","time":1610039839,"event":{"mods":["AchievementEnabler","Act Like it!","Aspiration","BaseMod","Better Altar","Better Match","Better Note","Better Sensory Stone","Better Skull","Better Third Choice","BetterRewards","CCEM","Colored Map","Colored Powertips","Downfall","GifTheSpireLib","Hallownest","Highlight Path","Mimic Mod","Minty Spire (QoL Compilation)","Permanent Neow","Quick Restart","Replay The Spire","Shop Mod","Spicy Shops","StSLib","The Bug Knight","Unceasing Turn Reminder"],"gold_per_floor":[118,118,132,143,143,143,171,171,171,205,257,282,282,296,328,338,338,411,411,430,441,40,40,54,86,86,112,112,112,22,22,22,55,55,126,126,145,68,78,98,98,98,115,147,171,203,214,90,90,106,106,106],"floor_reached":53,"playtime":4237,"items_purged":["Strike_G","Strike_G"],"score":1705,"play_id":"bd200879-a252-4bc5-ac61-ebdd57c90a1a","local_time":"20210107181719","is_ascension_mode":true,"campfire_choices":[{"data":"Neutralize","floor":6,"key":"SMITH"},{"data":"Pot Of Greed","floor":13,"key":"SMITH"},{"floor":17,"key":"DIG"},{"data":"Calculated Gamble","floor":26,"key":"SMITH"},{"data":"Pot Of Greed","floor":29,"key":"SMITH"},{"data":"Pot Of Greed","floor":32,"key":"SMITH"},{"data":"Pot Of Greed","floor":34,"key":"SMITH"},{"data":"Calculated Gamble","floor":42,"key":"SMITH"},{"data":"Thinking Ahead","floor":49,"key":"SMITH"},{"data":"Hidden Blade","floor":51,"key":"SMITH"}],"circlet_count":0,"master_deck":["AscendersBane","Strike_G","Strike_G","Strike_G","Defend_G","Defend_G","Defend_G","Defend_G","Defend_G","Survivor","Neutralize+1","ReplayTheSpireMod:Scrap Shanks+1","expansioncontent:GuardianWhirl+1","All Out Attack+1","Calculated Gamble+1","Panache","Acrobatics","ReplayTheSpireMod:The Works","Adrenaline","Hidden Blade+1","Pot Of Greed+1","Pot Of Greed+1","Backflip","Pot Of Greed+1","Calculated Gamble+1","Acrobatics","Tools of the Trade","Backflip","Dagger Throw","ReplayTheSpireMod:Scrap Shanks","ReplayTheSpireMod:Necrogeddon","PiercingWail","Backflip","Adrenaline","Sneak Up","Sneak Up","PiercingWail","After Image","Panache","Calculated Gamble+1","Flying Knee","Creative AI","Footwork","Unload","ReplayTheSpireMod:Calculation Training","Endless Agony","Thinking Ahead+1","Replay:SS_hec_4"],"relics":["Ring of the Snake","ReplayFunnel","Replay:Rubber Ducky","CCEMRelics:TechnogenicHelmet","Vampiric Spirits","Oddly Smooth Stone","Boot","CCEMRelics:CocoNut","TungstenRod","MerchantsRug","aspiration:FetidBarrel","Pantograph","Ornamental Fan","Onion Ring","aspiration:DefectSkillbook","aspiration:FaultyCoupler","Snake Skull","BargainBundle"],"acts_visited":["Exordium","TheCity","TheBeyond"],"potions_floor_usage":[7,14,15,16,35,44],"damage_taken":[{"damage":0,"enemies":"Jaw Worm","floor":1,"turns":1},{"damage":0,"enemies":"2 Louse","floor":3,"turns":1},{"damage":0,"enemies":"Cultist","floor":4,"turns":2},{"damage":0,"enemies":"Gremlin Nob","floor":7,"turns":2},{"damage":0,"enemies":"3 Sentries","floor":10,"turns":2},{"damage":0,"enemies":"Gremlin Nob","floor":12,"turns":2},{"damage":2,"enemies":"2 Fungi Beasts","floor":14,"turns":3},{"damage":0,"enemies":"Lagavulin","floor":15,"turns":2},{"damage":5,"enemies":"Blue Slaver","floor":16,"turns":2},{"damage":7,"enemies":"Fading Forest","floor":18,"turns":11},{"damage":0,"enemies":"Chosen","floor":20,"turns":3},{"damage":0,"enemies":"Spheric Guardian","floor":21,"turns":2},{"damage":0,"enemies":"3 Cultists","floor":24,"turns":2},{"damage":13,"enemies":"Slavers","floor":25,"turns":3},{"damage":0,"enemies":"Replay:Snechameleon","floor":27,"turns":2},{"damage":0,"enemies":"Slavers","floor":33,"turns":2},{"damage":0,"enemies":"Automaton","floor":35,"turns":2},{"damage":0,"enemies":"3 Darklings","floor":37,"turns":1},{"damage":0,"enemies":"Orb Walker","floor":39,"turns":2},{"damage":0,"enemies":"3 Darklings","floor":40,"turns":3},{"damage":6,"enemies":"Sphere and 2 Shapes","floor":43,"turns":2},{"damage":18,"enemies":"Reptomancer","floor":44,"turns":4},{"damage":0,"enemies":"HollowMod:StalkingDevout","floor":46,"turns":3},{"damage":0,"enemies":"Spire Growth","floor":47,"turns":1},{"damage":0,"enemies":"Sphere and 2 Shapes","floor":50,"turns":3},{"damage":5,"enemies":"Awakened One","floor":52,"turns":5}],"seed_played":"5190899315332264850","potions_obtained":[{"floor":1,"key":"ColorlessPotion"},{"floor":10,"key":"Venom Potion"},{"floor":12,"key":"Explosive Potion"},{"floor":15,"key":"SkillPotion"},{"floor":18,"key":"Strength Potion"},{"floor":27,"key":"Energy Potion"},{"floor":33,"key":"SkillPotion"},{"floor":35,"key":"Block Potion"},{"floor":40,"key":"EssenceOfSteel"},{"floor":44,"key":"LiquidMemories"},{"floor":47,"key":"DistilledChaos"}],"is_trial":false,"path_per_floor":["M","?","M","M","?","R","E","PTL","PTL","E","T","E","R","M","E","M","R_BF","B",null,"M","M","$","?","M","E","R","E","T","R","$","?","R","E","R_BF","B",null,"M","$","M","M","?","R","M","E","T","E","M","$","R","M","R","B",null],"character_chosen":"THE_SILENT","items_purchased":["ReplayTheSpireMod:Scrap Shanks","expansioncontent:GuardianWhirl","All Out Attack+1","Guide Book","MerchantsRug","ReplayTheSpireMod:Scrap Shanks","ReplayTheSpireMod:Necrogeddon","aspiration:FetidBarrel","PiercingWail","Sneak Up","Panache","BargainBundle","Strength Potion","ColorlessPotion","Swift Potion","Energy Potion","ReplayTheSpireMod:Calculation Training","Endless Agony","Thinking Ahead","Replay:SS_hec_4"],"campfire_rested":0,"item_purchase_floors":[0,0,0,0,22,22,22,22,22,30,38,48,48,48,48,48,48,48,48,48],"current_hp_per_floor":[63,63,63,63,63,63,63,63,63,63,63,63,63,61,61,65,65,60,73,74,75,75,75,75,62,62,75,75,75,75,75,75,75,75,75,75,75,75,75,75,75,75,69,51,51,54,66,66,66,66,66,70],"gold":106,"neow_bonus":"","is_daily":false,"chose_seed":false,"campfire_upgraded":9,"win_rate":0.0,"timestamp":1610039839,"path_taken":["M","?","M","M","?","R","E","PTL","PTL","E","T","E","R","M","E","M","R_BF","BOSS","M","M","$","?","M","E","R","E","T","R","?","?","R","E","R_BF","BOSS","M","$","M","M","?","R","M","E","T","E","M","$","R","M","R","BOSS"],"items_purchased_type":["Card","Card","Card","Relic","Relic","Card","Card","Relic","Card","Card","Card","Relic","Potion","Potion","Potion","Potion","Card","Card","Card","Card"],"build_version":"2020-12-22","purchased_purges":2,"victory":true,"max_hp_per_floor":[70,70,70,70,70,70,70,70,70,70,70,70,70,70,70,70,70,70,75,75,75,75,75,75,75,75,75,75,75,75,75,75,75,75,75,75,75,75,75,75,75,75,75,75,75,75,75,75,75,75,75,75],"card_choices":[{"not_picked":["Poisoned Stab","Blade Dance"],"picked":"Acrobatics","floor":1},{"not_picked":["Dagger Spray","Sucker Punch"],"picked":"ReplayTheSpireMod:The Works","floor":3},{"not_picked":["Deadly Poison","Setup","Dagger Spray"],"picked":"SKIP","floor":4},{"not_picked":["Quick Slash","Cloak And Dagger"],"picked":"Adrenaline","floor":7},{"not_picked":["Deadly Poison","Sucker Punch"],"picked":"Hidden Blade","floor":10},{"not_picked":["Flechettes","PiercingWail"],"picked":"Backflip","floor":12},{"not_picked":["Bane","Sucker Punch"],"picked":"Calculated Gamble","floor":14},{"not_picked":["ReplayTheSpireMod:Exploit Weakness","Sucker Punch","Eviscerate"],"picked":"SKIP","floor":15},{"not_picked":["Caltrops","Heel Hook"],"picked":"Acrobatics","floor":16},{"not_picked":["Storm of Steel","Grand Finale"],"picked":"Tools of the Trade","floor":18},{"not_picked":["Spreading Infection","Doubt"],"picked":"Voices","floor":19},{"not_picked":["ReplayTheSpireMod:Faulty Equipment","hexamod:Haunted"],"picked":"Languid","floor":19},{"not_picked":["Delirium","Normality"],"picked":"Decay","floor":19},{"not_picked":["Sucker Punch+1","Replay:Poison Smokescreen"],"picked":"Backflip","floor":20},{"not_picked":["Well Laid Plans","Sneak Up"],"picked":"Dagger Throw","floor":21},{"not_picked":["Blade Dance","Deadly Poison"],"picked":"Backflip","floor":24},{"not_picked":["Quick Slash","Bouncing Flask","Cloak And Dagger"],"picked":"SKIP","floor":25},{"not_picked":["Prepared","Bane+1"],"picked":"Adrenaline","floor":27},{"not_picked":["Flying Knee+1","Catalyst"],"picked":"PiercingWail","floor":33},{"not_picked":["ReplayTheSpireMod:From All Sides","Atom Bomb"],"picked":"After Image","floor":35},{"not_picked":["Turbo","Toxin Wave","Outmaneuver","Redo"],"picked":"SKIP","floor":37},{"not_picked":["Dash","Undo+1","Redo"],"picked":"Calculated Gamble","floor":39},{"not_picked":["Hologram+1","Slice","Conserve Battery"],"picked":"Flying Knee","floor":40},{"not_picked":["Crystallizer+1","Steam Power","Conserve Battery"],"picked":"Creative AI","floor":43},{"not_picked":["Conserve Battery","Reprogram","Hologram"],"picked":"Footwork","floor":44},{"not_picked":["Doom and Gloom+1","Cold Snap+1","Rebound","Sunder"],"picked":"SKIP","floor":46},{"not_picked":["Sweeping Beam+1","Blur","Coolheaded"],"picked":"Unload","floor":47},{"not_picked":["Leg Sweep","Dodge and Roll","Poisoned Stab","Cloak And Dagger"],"picked":"SKIP","floor":50}],"player_experience":753117,"relics_obtained":[{"floor":7,"key":"Replay:Rubber Ducky"},{"floor":10,"key":"CCEMRelics:TechnogenicHelmet"},{"floor":11,"key":"Gremlin Food"},{"floor":12,"key":"Grinning Jar"},{"floor":15,"key":"Vampiric Spirits"},{"floor":17,"key":"Oddly Smooth Stone"},{"floor":25,"key":"Pet Ghost"},{"floor":27,"key":"Pantograph"},{"floor":28,"key":"Ornamental Fan"},{"floor":33,"key":"Onion Ring"},{"floor":44,"key":"aspiration:FaultyCoupler"},{"floor":45,"key":"Centennial Puzzle"},{"floor":46,"key":"Snake Skull"}],"event_choices":[{"damage_healed":0,"gold_gain":0,"player_choice":"Box","damage_taken":0,"relics_obtained":["ReplayFunnel"],"max_hp_gain":0,"max_hp_loss":0,"event_name":"Big Fish","floor":2,"gold_loss":0,"cards_obtained":["Regret"]},{"damage_healed":0,"gold_gain":0,"player_choice":"Grow","damage_taken":0,"max_hp_gain":0,"max_hp_loss":0,"event_name":"Living Wall","floor":5,"gold_loss":0,"cards_upgraded":["Calculated Gamble"]},{"cards_removed":["Decay","Languid","Voices","Regret"],"damage_healed":0,"gold_gain":0,"player_choice":"Removed Curses","damage_taken":0,"max_hp_gain":0,"max_hp_loss":0,"event_name":"Fountain of Cleansing","floor":23,"gold_loss":0},{"damage_healed":0,"gold_gain":0,"player_choice":"Ignored","damage_taken":0,"max_hp_gain":0,"max_hp_loss":0,"event_name":"Ghosts","floor":31,"gold_loss":0},{"cards_removed":["Pot Of Greed"],"damage_healed":0,"gold_gain":0,"player_choice":"Removed Skill","damage_taken":0,"max_hp_gain":0,"max_hp_loss":0,"event_name":"Falling","floor":41,"gold_loss":0}],"is_beta":false,"boss_relics":[{"not_picked":["Cursed Key","Black Star"],"picked":"Replay:Ancient Bell"},{"not_picked":["PreservedInsect","aspiration:HiddenCompartment"],"picked":"Boot"},{"not_picked":["aspiration:FrozenJewel","Ninja Scroll"],"picked":"CCEMRelics:CocoNut"},{"not_picked":["Ginger","Gambling Chip"],"picked":"TungstenRod"},{"not_picked":["Honey Jar","aspiration:SecretTechniqueScroll"],"picked":"aspiration:DefectSkillbook"}],"items_purged_floors":[30,48],"is_endless":false,"potions_floor_spawned":[1,10,12,15,18,27,33,35,40,44,47],"ascension_level":13}}