{"host":"2he95iptrbxkejc1","time":1610037744,"event":{"mods":["AchievementEnabler","BaseMod","Colored Powertips","Downfall","Hermit","Infinite Spire","Marisa????????","Minty Spire (QoL Compilation)","Random Character Mod","Replay The Spire","StSLib","Td1madao Mod","The Cursed","The Disciple","The Hierophant","The Marked","The Mystic","The Necromancer","The Poker Player","The Runesmith","The Servant 0.9.4"],"gold_per_floor":[99,99,99,99,9,24,69,82,117,136,82,101,114,134,145,145,145],"floor_reached":16,"playtime":897,"items_purged":["sneckomod:Strike"],"score":104,"play_id":"6b40f2ff-fd96-4788-b752-dd437b05cfff","local_time":"20210107164224","is_ascension_mode":false,"campfire_choices":[{"floor":1,"key":"DIG"}],"circlet_count":0,"master_deck":["sneckomod:Strike","sneckomod:Strike","sneckomod:Defend","sneckomod:Defend","sneckomod:Defend","sneckomod:TailWhip","sneckomod:SnekBite","sneckomod:Unknown","sneckomod:Unknown","sneckomod:UnknownWeak","sneckomod:QuickBite","sneckomod:UnknownClassINFINITE_BLACK","sneckomod:UnknownWeak","sneckomod:Unknown1Cost","sneckomod:SnekBeam","sneckomod:UnknownClassINFINITE_BLACK","sneckomod:UnknownCommonAttack","sneckomod:MasterEye","sneckomod:Unknown1Cost","sneckomod:QuickBite","sneckomod:UnknownCommonAttack"],"relics":["sneckomod:SneckoSoul","downfall:HeartsMalice","infinitespire:Satchel","infinitespire:Beetle Shell","Mercury Hourglass"],"acts_visited":["Exordium"],"potions_floor_usage":[9,10,15,16,16],"damage_taken":[{"damage":0,"enemies":"Small Slimes","floor":2,"turns":1},{"damage":0,"enemies":"Jaw Worm","floor":3,"turns":1},{"damage":0,"enemies":"Cultist","floor":4,"turns":1},{"damage":0,"enemies":"downfall:FleeingMerchant","floor":5,"turns":4},{"damage":0,"enemies":"Large Slime","floor":6,"turns":3},{"damage":10,"enemies":"Exordium Thugs","floor":8,"turns":4},{"damage":13,"enemies":"3 Sentries","floor":9,"turns":5},{"damage":0,"enemies":"Large Slime","floor":10,"turns":3},{"damage":0,"enemies":"downfall:FleeingMerchant","floor":11,"turns":4},{"damage":7,"enemies":"2 Fungi Beasts","floor":12,"turns":2},{"damage":15,"enemies":"Exordium Thugs","floor":13,"turns":3},{"damage":10,"enemies":"Lots of Slimes","floor":14,"turns":2},{"damage":12,"enemies":"Large Slime","floor":15,"turns":2},{"damage":39,"enemies":"downfall:Ironclad","floor":16,"turns":3}],"seed_played":"-8200951702875321630","potions_obtained":[{"floor":6,"key":"AttackPotion"},{"floor":8,"key":"sneckomod:OffclassReductionPotion"},{"floor":9,"key":"GamblersBrew"},{"floor":12,"key":"champ:CounterPotion"},{"floor":13,"key":"sneckomod:DiceRollPotion"}],"is_trial":false,"path_per_floor":["R","M","M","M","$","M","T","M","E","M","$","M","M","M","M","B"],"character_chosen":"THE_SNECKO","items_purchased":["sneckomod:MasterEye"],"campfire_rested":0,"item_purchase_floors":[11],"current_hp_per_floor":[90,91,91,91,92,93,93,84,74,75,76,70,55,46,34,0,0],"gold":145,"neow_bonus":"THREE_ENEMY_KILL","is_daily":false,"chose_seed":false,"campfire_upgraded":0,"win_rate":0.0,"timestamp":1610037744,"path_taken":["R","M","M","M","$","M","T","M","E","M","$","M","M","M","M","BOSS"],"items_purchased_type":["Card"],"build_version":"2020-12-22","purchased_purges":1,"victory":false,"max_hp_per_floor":[90,91,91,91,92,93,93,94,94,95,96,97,97,98,98,98,98],"card_choices":[{"not_picked":["sneckomod:UnknownClassMARKED_PURPLE_COLOR","sneckomod:CheapStock"],"picked":"sneckomod:UnknownWeak","floor":2},{"not_picked":["sneckomod:ImprovisedGuard","sneckomod:WideSting"],"picked":"sneckomod:QuickBite","floor":3},{"not_picked":["sneckomod:SoulRoll","sneckomod:SlitherStrike","sneckomod:RainOfDice"],"picked":"SKIP","floor":4},{"not_picked":["sneckomod:Restock","sneckomod:UnknownClassMYSTIC_PURPLE"],"picked":"sneckomod:UnknownClassINFINITE_BLACK","floor":5},{"not_picked":["sneckomod:UnknownClassGREEN","sneckomod:UnknownClassMYSTIC_PURPLE"],"picked":"sneckomod:UnknownWeak","floor":6},{"not_picked":["sneckomod:Nope","sneckomod:UnknownEthereal"],"picked":"sneckomod:Unknown1Cost","floor":8},{"not_picked":["sneckomod:UnknownX","sneckomod:UnknownClassHEXA_GHOST_PURPLE"],"picked":"sneckomod:SnekBeam","floor":9},{"not_picked":["sneckomod:SoulDraw","sneckomod:DiceCrush"],"picked":"sneckomod:UnknownClassINFINITE_BLACK","floor":10},{"not_picked":["sneckomod:UnknownClassMYSTIC_PURPLE","sneckomod:SnekBeam"],"picked":"sneckomod:UnknownCommonAttack","floor":11},{"not_picked":["sneckomod:CheapStock","sneckomod:UnknownStrike"],"picked":"sneckomod:Unknown1Cost","floor":12},{"not_picked":["sneckomod:UnknownClassHIEROPHANT_GOLD_COLOR","sneckomod:TrashToTreasure"],"picked":"sneckomod:QuickBite","floor":13},{"not_picked":["sneckomod:UnknownClassRUNESMITH_BEIGE","sneckomod:ImprovisedAttack"],"picked":"sneckomod:UnknownCommonAttack","floor":14},{"not_picked":["sneckomod:ImprovisedGuard","sneckomod:SoulRoll","sneckomod:TrashToTreasure"],"picked":"SKIP","floor":15}],"player_experience":90366,"relics_obtained":[{"floor":1,"key":"infinitespire:Satchel"},{"floor":7,"key":"infinitespire:Beetle Shell"},{"floor":9,"key":"Mercury Hourglass"}],"event_choices":[],"is_beta":false,"boss_relics":[],"items_purged_floors":[5],"is_endless":false,"potions_floor_spawned":[6,8,9,12,13,14],"killed_by":"downfall:Ironclad","ascension_level":0}}