{"host":"91blwi3hgehj6ch9","time":1610061279,"event":{"mods":["2.2 Compatiblity","AchievementEnabler","BaseMod","Colored Map","DeckTracker","Keyboard Shortcuts","Minty Spire (QoL Compilation)","Permanent Neow","Quick Restart","StSLib","SuperFastMode"],"gold_per_floor":[115,126,126,150,150,183,200,200,226,301,301,313,164,9,9,114,114,129,0,15,15,34,34,34,64,64,64,28,54,66,101,101,101,101],"floor_reached":33,"playtime":1564,"items_purged":["Defend_G"],"score":530,"play_id":"a82b6ea3-ddb9-4c2f-a1d2-b0dd9b78e83f","local_time":"20210108081439","is_ascension_mode":true,"campfire_choices":[{"data":"Acrobatics","floor":11.0,"key":"SMITH"},{"data":"Tactician","floor":15.0,"key":"SMITH"},{"data":"Acrobatics","floor":23.0,"key":"SMITH"},{"floor":27,"key":"REST"},{"data":"Tactician","floor":32,"key":"SMITH"}],"circlet_count":0,"master_deck":["AscendersBane","Defend_G","Defend_G+1","Defend_G","Defend_G+1","Survivor","Neutralize","Acrobatics+1","Escape Plan","Underhanded Strike","Prepared","Tactician+1","Tactician+1","Acrobatics+1","Dagger Throw","A Thousand Cuts","Escape Plan+1","Bouncing Flask+1","Bite","Bite","Bite","Bite","Bite","Acrobatics","Noxious Fumes","Choke"],"relics":["Sozu","War Paint","Tough Bandages","PreservedInsect","Strawberry","Orrery","SlaversCollar","Tiny Chest","Dream Catcher","Ancient Tea Set","Regal Pillow"],"acts_visited":["Exordium","TheCity"],"potions_floor_usage":[],"damage_taken":[{"damage":2.0,"enemies":"Cultist","floor":1.0,"turns":5.0},{"damage":1.0,"enemies":"Jaw Worm","floor":2.0,"turns":5.0},{"damage":21.0,"enemies":"3 Sentries","floor":6.0,"turns":17.0},{"damage":0.0,"enemies":"2 Louse","floor":7.0,"turns":2.0},{"damage":3.0,"enemies":"Blue Slaver","floor":12.0,"turns":3.0},{"damage":18.0,"enemies":"Slime Boss","floor":16.0,"turns":21.0},{"damage":8.0,"enemies":"Chosen","floor":18.0,"turns":6.0},{"damage":5.0,"enemies":"2 Thieves","floor":20.0,"turns":5.0},{"damage":5.0,"enemies":"Centurion and Healer","floor":22.0,"turns":6.0},{"damage":45.0,"enemies":"Slavers","floor":25.0,"turns":6.0},{"damage":0,"enemies":"Gremlin Leader","floor":29,"turns":5},{"damage":11,"enemies":"Snake Plant","floor":30,"turns":4},{"damage":11,"enemies":"Book of Stabbing","floor":31,"turns":4},{"damage":57,"enemies":"Champ","floor":33,"turns":8}],"seed_played":"9083611928903579829","potions_obtained":[],"is_trial":false,"path_per_floor":["M","M","?","T","?","E","M","?","T","?","R","M","$","$","R","B",null,"M","?","M","?","M","R","?","E","T","R","$","E","M","E","R","B"],"character_chosen":"THE_SILENT","items_purchased":["Tactician","Orrery","Noxious Fumes"],"campfire_rested":1,"item_purchase_floors":[13,14,28],"current_hp_per_floor":[61,60,60,60,60,39,39,32,39,28,28,25,25,25,25,7,60,52,52,47,47,42,42,42,9,9,24,24,38,33,28,28,0,0],"gold":101,"neow_bonus":"BOSS_RELIC","is_daily":false,"chose_seed":false,"campfire_upgraded":4,"win_rate":0.0,"timestamp":1610061279,"path_taken":["M","?","?","?","?","E","?","?","T","?","R","M","?","$","R","BOSS","M","?","M","?","M","R","?","E","T","R","$","E","M","E","R","BOSS"],"items_purchased_type":["Card","Relic","Card"],"build_version":"2020-12-22","purchased_purges":1,"victory":false,"max_hp_per_floor":[70,70,70,70,70,70,70,70,77,77,77,77,77,77,77,77,77,77,77,77,77,77,77,53,53,53,53,53,53,53,53,53,53,53],"card_choices":[{"not_picked":["Quick Slash","Backflip"],"picked":"Acrobatics","floor":1.0},{"not_picked":["Deflect","Backflip"],"picked":"Escape Plan","floor":2.0},{"not_picked":["Calculated Gamble","Accuracy"],"picked":"Underhanded Strike","floor":6.0},{"not_picked":["Slice","Flying Knee","Deflect"],"picked":"SKIP","floor":7.0},{"not_picked":["All Out Attack","Backstab"],"picked":"Prepared","floor":12.0},{"not_picked":["Corpse Explosion","Dagger Throw"],"picked":"Tactician","floor":14.0},{"not_picked":["Eviscerate","Bane"],"picked":"Acrobatics","floor":14.0},{"not_picked":["Sucker Punch","Poisoned Stab"],"picked":"Dagger Throw","floor":14.0},{"not_picked":["Venomology","Burst"],"picked":"A Thousand Cuts","floor":16.0},{"not_picked":["Setup","Dash"],"picked":"Escape Plan+1","floor":18.0},{"not_picked":["Poisoned Stab","Finisher","Setup"],"picked":"SKIP","floor":20.0},{"not_picked":["Blur","Flying Knee"],"picked":"Bouncing Flask+1","floor":22.0},{"not_picked":["Bouncing Flask","Deflect","Sucker Punch"],"picked":"SKIP","floor":25},{"not_picked":["Bane","Quick Slash"],"picked":"Acrobatics","floor":27},{"not_picked":["Blade Dance","Bullet Time","Doppelganger"],"picked":"SKIP","floor":29},{"not_picked":["Blade Dance","Finisher+1","Dagger Throw"],"picked":"SKIP","floor":30},{"not_picked":["Predator","Dagger Throw"],"picked":"Choke","floor":31}],"player_experience":115128,"relics_obtained":[{"floor":4.0,"key":"War Paint"},{"floor":5.0,"key":"Tough Bandages"},{"floor":6.0,"key":"PreservedInsect"},{"floor":9.0,"key":"Strawberry"},{"floor":25,"key":"Tiny Chest"},{"floor":26,"key":"Dream Catcher"},{"floor":29,"key":"Ancient Tea Set"},{"floor":31,"key":"Regal Pillow"}],"event_choices":[{"damage_healed":0.0,"max_hp_gain":0.0,"max_hp_loss":0.0,"gold_gain":0.0,"event_name":"Liars Game","player_choice":"Ignored","floor":3.0,"gold_loss":0.0,"damage_taken":0.0},{"damage_healed":0.0,"max_hp_gain":0.0,"max_hp_loss":0.0,"gold_gain":0.0,"event_name":"Wheel of Change","player_choice":"Relic","floor":5.0,"gold_loss":0.0,"damage_taken":0.0},{"cards_removed":["Strike_G"],"damage_healed":0.0,"max_hp_gain":0.0,"max_hp_loss":0.0,"gold_gain":0.0,"event_name":"Golden Wing","player_choice":"Card Removal","floor":8.0,"gold_loss":0.0,"damage_taken":7.0},{"damage_healed":0.0,"max_hp_gain":0.0,"max_hp_loss":0.0,"gold_gain":75.0,"event_name":"World of Goop","player_choice":"Gather Gold","floor":10.0,"gold_loss":0.0,"damage_taken":11.0},{"damage_healed":0.0,"max_hp_gain":0.0,"max_hp_loss":0.0,"gold_gain":0.0,"event_name":"Masked Bandits","player_choice":"Paid Fearfully","floor":19.0,"gold_loss":129.0,"damage_taken":0.0},{"damage_healed":0.0,"max_hp_gain":0.0,"max_hp_loss":24.0,"gold_gain":0.0,"event_name":"Vampires","player_choice":"Became a vampire","floor":24.0,"gold_loss":0.0,"damage_taken":0.0,"cards_obtained":["Bite","Bite","Bite","Bite","Bite"]}],"is_beta":false,"boss_relics":[{"not_picked":["WristBlade","Tiny House"],"picked":"SlaversCollar"}],"items_purged_floors":[13],"is_endless":false,"potions_floor_spawned":[2,7,18,25,29,30,31],"killed_by":"Champ","ascension_level":11}}