{"host":"og6lam4kt3nibbw0","time":1610038178,"event":{"mods":["AchievementEnabler","BaseMod","Colored Map","DeckTracker","Highlight Path","Keyboard Shortcuts","Minty Spire (QoL Compilation)","Permanent Neow","Quick Restart","StSLib","SuperFastMode"],"gold_per_floor":[113,113,128,128,128,161,161,173,224,224,224],"floor_reached":10,"playtime":182,"items_purged":[],"score":132,"play_id":"4cf15002-cd6c-432f-a224-542bfadc1aff","local_time":"20210108014938","is_ascension_mode":true,"campfire_choices":[{"floor":7,"key":"REST"}],"circlet_count":0,"master_deck":["AscendersBane","Strike_B","Strike_B","Strike_B","Defend_B","Defend_B","Defend_B","Defend_B","Zap+1","Dualcast","Sweeping Beam","Melter","Beam Cell","Thunder Strike"],"relics":["Sozu","Singing Bowl","Blood Vial","Bronze Scales"],"acts_visited":["Exordium"],"potions_floor_usage":[],"damage_taken":[{"damage":8,"enemies":"2 Louse","floor":1,"turns":3},{"damage":2,"enemies":"Cultist","floor":3,"turns":4},{"damage":34,"enemies":"Lagavulin","floor":6,"turns":7},{"damage":7,"enemies":"Small Slimes","floor":8,"turns":3},{"damage":0,"enemies":"Gremlin Nob","floor":10,"turns":1}],"seed_played":"-3666922902534956997","potions_obtained":[],"is_trial":false,"path_per_floor":["M","?","M","T","?","E","R","M","T","E"],"character_chosen":"DEFECT","items_purchased":[],"campfire_rested":1,"item_purchase_floors":[],"current_hp_per_floor":[56,56,54,54,47,13,34,29,29,31,31],"gold":224,"neow_bonus":"BOSS_RELIC","is_daily":false,"chose_seed":false,"campfire_upgraded":0,"win_rate":0.0,"timestamp":1610038178,"path_taken":["M","?","?","?","?","E","R","M","T","E"],"items_purchased_type":[],"build_version":"2020-12-22","purchased_purges":0,"victory":false,"max_hp_per_floor":[71,71,71,71,71,71,71,71,71,71,71],"card_choices":[{"not_picked":["Stack","Conserve Battery"],"picked":"Sweeping Beam","floor":1},{"not_picked":["Rebound","Barrage"],"picked":"Melter","floor":3},{"not_picked":["Barrage","Redo"],"picked":"Beam Cell","floor":6},{"not_picked":["Beam Cell","Coolheaded"],"picked":"Thunder Strike","floor":8}],"player_experience":828024,"relics_obtained":[{"floor":4,"key":"Singing Bowl"},{"floor":6,"key":"Blood Vial"},{"floor":9,"key":"Bronze Scales"}],"event_choices":[{"damage_healed":0,"gold_gain":0,"player_choice":"Forge","damage_taken":0,"max_hp_gain":0,"max_hp_loss":0,"event_name":"Accursed Blacksmith","floor":2,"gold_loss":0,"cards_upgraded":["Zap"]},{"cards_removed":["Strike_B"],"damage_healed":0,"gold_gain":0,"player_choice":"Card Removal","damage_taken":7,"max_hp_gain":0,"max_hp_loss":0,"event_name":"Golden Wing","floor":5,"gold_loss":0}],"is_beta":false,"boss_relics":[],"items_purged_floors":[],"is_endless":false,"potions_floor_spawned":[6,8],"killed_by":"Gremlin Nob","ascension_level":20}}