{"host":"55yei7x27djrlaep","time":1610012323,"event":{"mods":["Act Like it!","Aspiration","BaseMod","Better Altar","Better Match","Better Note","Better Sensory Stone","Better Skull","Better Third Choice","BetterRewards","Colored Map","Conspire","Evolution","Friendly Minions","GifTheSpireLib","Halation","Hubris","Marisa????????","Minty Spire (QoL Compilation)","Pale of the Ancients","Replay The Spire","StSLib"],"gold_per_floor":[119,119,119,136,150,150,185,185,185,202,222,235,260,276,276,371,371,386,192,192,204,214,214,38,71,94,122,122,132,143,170,170,265,265,284,284,334,208,208,208,239,239,266,280,280,297,325,344,344,344,364,380,296,320,320,320,320,6,6,6],"floor_reached":61,"playtime":7637,"items_purged":["Strike_G","Strike_G","Defend_G","Strike_G","Strike_G","Defend_G"],"score":2782,"play_id":"85ebab13-6ed5-4051-ab2d-addfdbfdced4","local_time":"20210107123843","is_ascension_mode":true,"campfire_choices":[{"floor":6.0,"key":"REST"},{"data":"Neutralize","floor":8.0,"key":"SMITH"},{"floor":15.0,"key":"DIG"},{"data":"After Image","floor":23.0,"key":"SMITH"},{"floor":28.0,"key":"RECALL"},{"data":"Poison Darts","floor":32.0,"key":"SMITH"},{"data":"1","floor":40.0,"key":"LIFT"},{"data":"2","floor":42.0,"key":"LIFT"},{"data":"Caltrops","floor":45.0,"key":"SMITH"},{"data":"Caltrops","floor":49.0,"key":"SMITH"},{"data":"Well Laid Plans","floor":55,"key":"SMITH"},{"data":"3","floor":57,"key":"LIFT"}],"circlet_count":0,"master_deck":["AscendersBane","Strike_G+1","Defend_G","Defend_G","Defend_G","Survivor","Neutralize+1","Footwork+1","Replay:Poison Smokescreen+1","Replay:Bootleg Shield Generator","Footwork","Flying Knee+1","Acrobatics","Toxin Wave","Well Laid Plans+1","Infinite Blades","hubris:TrickCloak","Escape Plan","Dodge and Roll","Backflip","Caltrops+1","Poison Darts+1","Blade Dance+1","After Image+1","Caltrops+1","PiercingWail+1","Toxin Wave","Noxious Fumes","Deadly Poison","Fluid Movement","After Image","After Image","Backflip","Panacea"],"relics":["Ring of the Snake","EVO:Axolotl","Bird Faced Urn","Incense Burner","hubris:MysteriousPyramids","Medical Kit","FossilizedHelix","aspiration:Lifesprig","Anchor","hubris:Towel","hubris:Zylophone","Paper Crane","Pen Nib","Bronze Scales","conspire:SeveredTorchhead","Membership Card","Replay:Rubber Ducky","PreservedInsect","Gremlin Food","Smiling Mask","Vajra","Replay:Mystery Machine","Pet Ghost","Busted Crown","Girya","TwistedFunnel","Ice Cream","Replay:WaspNest","paleoftheancients:Timepiece","paleoftheancients:KeyRelic","Letter Opener","Snake Skull","aspiration:Nostalgia","Replay:M_StaffOfTheSnake"],"acts_visited":["Exordium","TheCity","TheBeyond","paleoftheancients:PaleOfTheAncients"],"potions_floor_usage":[51,52,56,56,56,60],"damage_taken":[{"damage":0.0,"enemies":"Jaw Worm","floor":1.0,"turns":4.0},{"damage":0.0,"enemies":"Cultist","floor":4.0,"turns":4.0},{"damage":0.0,"enemies":"Small Slimes","floor":5.0,"turns":3.0},{"damage":0.0,"enemies":"Gremlin Nob","floor":7.0,"turns":5.0},{"damage":0.0,"enemies":"Looter","floor":10.0,"turns":3.0},{"damage":0.0,"enemies":"Blue Slaver","floor":11.0,"turns":4.0},{"damage":0.0,"enemies":"Exordium Wildlife","floor":12.0,"turns":5.0},{"damage":0.0,"enemies":"3 Sentries","floor":13.0,"turns":6.0},{"damage":0.0,"enemies":"Lots of Slimes","floor":14.0,"turns":4.0},{"damage":0.0,"enemies":"Slime Boss","floor":16.0,"turns":8.0},{"damage":0.0,"enemies":"3 Byrds","floor":18.0,"turns":1.0},{"damage":0.0,"enemies":"Shell Parasite","floor":21.0,"turns":5.0},{"damage":0.0,"enemies":"Snecko","floor":22.0,"turns":6.0},{"damage":0.0,"enemies":"Slavers","floor":25.0,"turns":4.0},{"damage":0.0,"enemies":"Gremlin Leader","floor":27.0,"turns":7.0},{"damage":0.0,"enemies":"Sentry and Sphere","floor":29.0,"turns":5.0},{"damage":0.0,"enemies":"Centurion and Healer","floor":30.0,"turns":7.0},{"damage":1.0,"enemies":"Slavers","floor":31.0,"turns":3.0},{"damage":0.0,"enemies":"Automaton","floor":33.0,"turns":9.0},{"damage":0.0,"enemies":"Orb Walker","floor":35.0,"turns":3.0},{"damage":0.0,"enemies":"Mind Bloom Boss Battle","floor":37.0,"turns":7.0},{"damage":0.0,"enemies":"Nemesis","floor":41.0,"turns":7.0},{"damage":0.0,"enemies":"3 Shapes","floor":44.0,"turns":4.0},{"damage":0.0,"enemies":"Maw","floor":46.0,"turns":7.0},{"damage":0.0,"enemies":"Reptomancer","floor":47.0,"turns":4.0},{"damage":0.0,"enemies":"Sphere and 2 Shapes","floor":48.0,"turns":5.0},{"damage":0.0,"enemies":"Time Eater","floor":50.0,"turns":11.0},{"damage":13,"enemies":"","floor":51,"turns":8},{"damage":5,"enemies":"","floor":52,"turns":10},{"damage":517,"enemies":"","floor":56,"turns":18},{"damage":62,"enemies":"paleoftheancients:N","floor":60,"turns":24}],"seed_played":"-8136189359621961193","potions_obtained":[{"floor":1.0,"key":"Languid Potion"},{"floor":11.0,"key":"SkillPotion"},{"floor":12.0,"key":"Energy Potion"},{"floor":13.0,"key":"SkillPotion"},{"floor":25.0,"key":"Weak Potion"},{"floor":33.0,"key":"BlessingOfTheForge"},{"floor":35.0,"key":"Weak Potion"},{"floor":44.0,"key":"Cursed Concoction"},{"floor":51,"key":"Poison Potion"},{"floor":52,"key":"Toxic Potion"}],"is_trial":false,"path_per_floor":["M","?","?","M","M","R","E","R","T","M","M","M","E","M","R_BF","B",null,"M","$","?","M","M","R","$","E","T","E","R","M","M","E","R","B",null,"M","?","?","$","?","R","E","R","T","M","R","M","E","M","R","B","M","M","$","T","R","M","R","$","?","B",null],"character_chosen":"THE_SILENT","items_purchased":["Bird Faced Urn","Footwork+1","Replay:Poison Smokescreen","Replay:Bootleg Shield Generator","hubris:MysteriousPyramids","Footwork","Medical Kit","Flying Knee+1","aspiration:Lifesprig","Acrobatics","Energy Potion","Membership Card","Gremlin Food","Caltrops","TwistedFunnel","Fluid Movement","After Image","Backflip","aspiration:Nostalgia","Panacea","Adrenaline Potion","CunningPotion"],"campfire_rested":1,"item_purchase_floors":[0,0,0,0,0,0,0,0,0,0,0,19,24,24,38,53,58,58,58,58,58,58],"current_hp_per_floor":[25,25,25,29,33,54,60,60,60,64,70,70,70,70,70,70,70,70,70,23,33,41,41,41,49,49,63,63,70,70,70,70,70,70,70,66,66,66,66,66,66,66,66,66,66,66,66,66,66,66,53,61,61,61,61,66,66,66,66,4],"gold":6,"neow_bonus":"","is_daily":false,"chose_seed":false,"campfire_upgraded":6,"win_rate":0.0,"timestamp":1610012323,"path_taken":["M","?","?","M","M","R","E","R","T","M","M","?","E","M","R_BF","BOSS","M","$","?","M","M","R","?","E","T","E","R","M","M","E","R","BOSS","M","?","?","$","?","R","E","R","T","M","R","M","E","?","R","BOSS","M","M","?","T","R","M","R","$","?","BOSS"],"items_purchased_type":["Relic","Card","Card","Card","Relic","Card","Relic","Card","Relic","Card","Potion","Relic","Relic","Card","Relic","Card","Card","Card","Relic","Card","Potion","Potion"],"build_version":"2020-12-22","purchased_purges":6,"victory":true,"max_hp_per_floor":[70,70,70,70,70,70,70,70,70,70,70,70,70,70,70,70,70,70,70,70,70,70,70,70,70,70,70,70,70,70,70,70,70,70,70,66,66,66,66,66,66,66,66,66,66,66,66,66,66,66,66,66,66,66,66,66,66,66,66,66],"card_choices":[{"not_picked":["Slice","Sucker Punch"],"picked":"Dagger Spray","floor":1.0},{"not_picked":["hubris:Sniper","Hidden Blade"],"picked":"Toxin Wave","floor":4.0},{"not_picked":["Riddle With Holes","Prepared"],"picked":"Well Laid Plans","floor":5.0},{"not_picked":["Predator","Deadly Poison"],"picked":"Infinite Blades","floor":7.0},{"not_picked":["Hidden Blade","Dagger Throw"],"picked":"hubris:TrickCloak","floor":10.0},{"not_picked":["PiercingWail","ReplayTheSpireMod:Shiv Toss"],"picked":"Escape Plan","floor":11.0},{"not_picked":["hubris:SlightOfHand","hubris:Sniper"],"picked":"Dodge and Roll","floor":12.0},{"not_picked":["Setup","Riddle With Holes"],"picked":"Backflip","floor":13.0},{"not_picked":["Riddle With Holes","Hidden Blade"],"picked":"Caltrops","floor":14.0},{"not_picked":["A Thousand Cuts","Night Terror"],"picked":"Poison Darts","floor":16.0},{"not_picked":["Distraction","ReplayTheSpireMod:Scrap Shanks","Underhanded Strike+1"],"picked":"SKIP","floor":18.0},{"not_picked":["PiercingWail","Hidden Blade"],"picked":"Blade Dance+1","floor":21.0},{"not_picked":["Cloak And Dagger","Dagger Spray"],"picked":"After Image","floor":22.0},{"not_picked":["Night Terror","Outmaneuver","Heel Hook"],"picked":"SKIP","floor":25.0},{"not_picked":["Endless Agony","Cloak And Dagger"],"picked":"PiercingWail+1","floor":27.0},{"not_picked":["Backstab","Slice"],"picked":"Toxin Wave","floor":29.0},{"not_picked":["Slice","Reflex"],"picked":"Noxious Fumes","floor":30.0},{"not_picked":["Infinite Blades+1","Slice+1","Skewer"],"picked":"SKIP","floor":31.0},{"not_picked":["Quick Slash"],"picked":"SKIP","floor":35.0},{"not_picked":["Cloak And Dagger+1"],"picked":"SKIP","floor":41.0},{"not_picked":[],"picked":"Deadly Poison","floor":44.0},{"not_picked":["PiercingWail"],"picked":"SKIP","floor":46.0},{"not_picked":["Sucker Punch+1"],"picked":"SKIP","floor":47.0},{"not_picked":["hubris:Sniper"],"picked":"SKIP","floor":48.0},{"not_picked":["Skewer"],"picked":"SKIP","floor":51},{"not_picked":["Underhanded Strike"],"picked":"SKIP","floor":52}],"player_experience":401214,"relics_obtained":[{"floor":7.0,"key":"hubris:Zylophone"},{"floor":9.0,"key":"Paper Crane"},{"floor":13.0,"key":"Pen Nib"},{"floor":15.0,"key":"Bronze Scales"},{"floor":25.0,"key":"Smiling Mask"},{"floor":26.0,"key":"Vajra"},{"floor":27.0,"key":"Replay:Mystery Machine"},{"floor":31.0,"key":"Pet Ghost"},{"floor":37.0,"key":"Girya"},{"floor":41.0,"key":"Ice Cream"},{"floor":47.0,"key":"Replay:WaspNest"},{"floor":54,"key":"Snake Skull"}],"event_choices":[{"damage_healed":0.0,"max_hp_gain":0.0,"max_hp_loss":0.0,"gold_gain":0.0,"event_name":"betterSkull:BetterSkull","player_choice":"RE RE UP ","floor":20.0,"gold_loss":0.0,"damage_taken":53.0,"cards_upgraded":["Strike_G"],"relics_obtained":["Replay:Rubber Ducky","PreservedInsect"]},{"damage_healed":0.0,"max_hp_gain":0.0,"max_hp_loss":4.0,"gold_gain":0.0,"event_name":"Winding Halls","player_choice":"Max HP","floor":36.0,"gold_loss":0.0,"damage_taken":0.0},{"damage_healed":0.0,"max_hp_gain":0.0,"max_hp_loss":0.0,"gold_gain":0.0,"event_name":"MindBloom","player_choice":"Fight","floor":37.0,"gold_loss":0.0,"damage_taken":0.0},{"cards_removed":["Dagger Spray"],"damage_healed":0.0,"max_hp_gain":0.0,"max_hp_loss":0.0,"gold_gain":0.0,"event_name":"Falling","player_choice":"Removed Attack","floor":39.0,"gold_loss":0.0,"damage_taken":0.0}],"is_beta":false,"boss_relics":[{"not_picked":["Ring of Chaos","WristBlade"],"picked":"conspire:SeveredTorchhead"},{"not_picked":["Snecko Eye","halation:Yufonium"],"picked":"Busted Crown"}],"items_purged_floors":[0,19,24,38,53,58],"is_endless":false,"potions_floor_spawned":[1,11,12,13,14,25,30,33,35,37,44,51,52],"ascension_level":10}}