{"host":"g01l53quoe6lrer0","time":1610052178,"event":{"mods":["2.2 Compatiblity","AchievementEnabler","BaseMod","Colored Map","Highlight Path","Keyboard Shortcuts","Minty Spire (QoL Compilation)","Permanent Neow","StSLib","SuperFastMode","everything is the same but u backflip on backflip"],"gold_per_floor":[139,153,203,263,263,263,263,263,263,319,319,381,556,251,251,346,346,360,386,386,427,470,470,370,421,448,484,484,524,561,355,355,459,459,495,508,295,307,164,164,179,194,218,218,228,256,256,21,21,21],"floor_reached":51,"playtime":1456,"items_purged":["Doubt","Strike_R","Strike_R"],"score":1146,"play_id":"f7d0b17e-736d-4eb1-a77a-b0a6971f0a25","local_time":"20210108054258","is_ascension_mode":true,"campfire_choices":[{"data":"HandOfGreed","floor":6.0,"key":"SMITH"},{"floor":11.0,"key":"REST"},{"data":"Double Tap","floor":15.0,"key":"SMITH"},{"data":"Immolate","floor":23.0,"key":"SMITH"},{"data":"Dark Embrace","floor":28.0,"key":"SMITH"},{"data":"Fire Breathing","floor":32.0,"key":"SMITH"},{"data":"Fire Breathing","floor":40.0,"key":"SMITH"},{"floor":47.0,"key":"REST"},{"floor":49.0,"key":"REST"}],"circlet_count":0,"master_deck":["AscendersBane","Strike_R+1","Strike_R+1","Defend_R","Defend_R","Defend_R","Defend_R","Bash","HandOfGreed+1","Evolve+1","Battle Trance","Thunderclap+1","Wild Strike+1","Double Tap+1","Impervious","Dark Embrace+1","Immolate+1","Flame Barrier+1","Body Slam+1","Impervious","Pommel Strike+1","Wild Strike+1","Shockwave+1","Ghostly Armor","Fire Breathing+1","Fiend Fire","Havoc+1","Fire Breathing+1","Bloodletting+1","Fiend Fire","Headbutt+1","Corruption+1","Burning Pact"],"relics":["Black Blood","HornCleat","White Beast Statue","Red Mask","Bag of Preparation","Whetstone","Velvet Choker","ClockworkSouvenir","Strawberry","Frozen Egg 2"],"acts_visited":["Exordium","TheCity","TheBeyond"],"potions_floor_usage":[50,50,50,50],"damage_taken":[{"damage":7.0,"enemies":"2 Louse","floor":1.0,"turns":3.0},{"damage":7.0,"enemies":"Jaw Worm","floor":2.0,"turns":3.0},{"damage":10.0,"enemies":"Small Slimes","floor":3.0,"turns":3.0},{"damage":22.0,"enemies":"Exordium Wildlife","floor":4.0,"turns":4.0},{"damage":2.0,"enemies":"Gremlin Nob","floor":10.0,"turns":3.0},{"damage":3.0,"enemies":"3 Louse","floor":12.0,"turns":6.0},{"damage":4.0,"enemies":"Slime Boss","floor":16.0,"turns":5.0},{"damage":35.0,"enemies":"Shell Parasite","floor":18.0,"turns":6.0},{"damage":17.0,"enemies":"Masked Bandits","floor":19.0,"turns":4.0},{"damage":0.0,"enemies":"2 Thieves","floor":21.0,"turns":4.0},{"damage":21.0,"enemies":"Centurion and Healer","floor":22.0,"turns":7.0},{"damage":0.0,"enemies":"Gremlin Leader","floor":25.0,"turns":3.0},{"damage":14.0,"enemies":"Chosen and Byrds","floor":27.0,"turns":3.0},{"damage":0.0,"enemies":"3 Cultists","floor":29.0,"turns":4.0},{"damage":12.0,"enemies":"Cultist and Chosen","floor":30.0,"turns":6.0},{"damage":22.0,"enemies":"Collector","floor":33.0,"turns":6.0},{"damage":8.0,"enemies":"Orb Walker","floor":35.0,"turns":3.0},{"damage":9.0,"enemies":"3 Darklings","floor":36.0,"turns":3.0},{"damage":6.0,"enemies":"Maw","floor":38.0,"turns":7.0},{"damage":34.0,"enemies":"Transient","floor":41.0,"turns":5.0},{"damage":2.0,"enemies":"3 Darklings","floor":42.0,"turns":2.0},{"damage":17.0,"enemies":"Spire Growth","floor":45.0,"turns":5.0},{"damage":38.0,"enemies":"Giant Head","floor":46.0,"turns":7.0},{"damage":35,"enemies":"Donu and Deca","floor":50,"turns":6}],"seed_played":"-4765069471897990059","potions_obtained":[{"floor":2.0,"key":"Swift Potion"},{"floor":3.0,"key":"Explosive Potion"},{"floor":10.0,"key":"SkillPotion"},{"floor":12.0,"key":"AttackPotion"},{"floor":16.0,"key":"Weak Potion"},{"floor":18.0,"key":"Explosive Potion"},{"floor":19.0,"key":"Swift Potion"},{"floor":21.0,"key":"Strength Potion"},{"floor":22.0,"key":"Strength Potion"},{"floor":25.0,"key":"SkillPotion"},{"floor":27.0,"key":"SkillPotion"},{"floor":29.0,"key":"AttackPotion"},{"floor":30.0,"key":"Regen Potion"},{"floor":33.0,"key":"FearPotion"},{"floor":35.0,"key":"AttackPotion"},{"floor":36.0,"key":"LiquidBronze"},{"floor":38.0,"key":"Fruit Juice"},{"floor":41.0,"key":"Dexterity Potion"},{"floor":42.0,"key":"PowerPotion"},{"floor":46.0,"key":"EntropicBrew"}],"is_trial":false,"path_per_floor":["M","M","M","M","?","R","?","?","T","?","R","M","?","$","R","B",null,"M","?","?","M","M","R","$","E","T","M","R","M","M","$","R","B",null,"M","M","$","M","$","R","M","M","T","?","M","E","R","$","R","B",null],"character_chosen":"IRONCLAD","items_purchased":["Impervious","Dark Embrace","Fire Breathing","ClockworkSouvenir","Fire Breathing","Fiend Fire","Corruption+1","Burning Pact"],"campfire_rested":3,"item_purchase_floors":[14,14,31,37,37,39,48,48],"current_hp_per_floor":[50,49,45,29,22,22,48,32,32,36,60,63,63,63,63,65,76,53,48,48,60,51,51,51,63,63,61,61,73,73,73,73,63,76,80,80,80,85,85,85,63,73,80,80,75,49,76,76,92,69],"gold":21,"neow_bonus":"RANDOM_COLORLESS_2","is_daily":false,"chose_seed":false,"campfire_upgraded":6,"win_rate":0.0,"timestamp":1610052178,"path_taken":["M","M","M","M","?","R","?","?","T","?","R","M","?","$","R","BOSS","M","?","?","M","M","R","$","E","T","M","R","M","M","$","R","BOSS","M","M","$","M","$","R","?","M","T","?","M","E","R","$","R","BOSS"],"items_purchased_type":["Card","Card","Card","Relic","Card","Card","Card","Card"],"build_version":"2020-12-22","purchased_purges":3,"victory":true,"max_hp_per_floor":[80,80,80,80,80,80,80,80,80,80,80,80,80,80,80,80,80,80,80,80,80,80,80,80,80,80,80,80,80,80,80,80,80,80,80,80,80,85,85,85,85,85,92,92,92,92,92,92,92,92],"card_choices":[{"not_picked":["Apotheosis","Magnetism"],"picked":"HandOfGreed","floor":0.0},{"not_picked":["Heavy Blade","Clothesline"],"picked":"Evolve","floor":1.0},{"not_picked":["Cleave","Heavy Blade"],"picked":"Battle Trance","floor":2.0},{"not_picked":["Anger","Perfected Strike"],"picked":"Thunderclap","floor":3.0},{"not_picked":["Clash","Rage","Flex"],"picked":"SKIP","floor":4.0},{"not_picked":["Twin Strike","Shrug It Off"],"picked":"Wild Strike","floor":10.0},{"not_picked":["Dual Wield","Flame Barrier"],"picked":"Double Tap","floor":12.0},{"not_picked":["Brutality","Reaper"],"picked":"Immolate","floor":16.0},{"not_picked":["Infernal Blade","Shrug It Off+1"],"picked":"Flame Barrier+1","floor":18.0},{"not_picked":["Pommel Strike+1","True Grit"],"picked":"Body Slam+1","floor":19.0},{"not_picked":["Armaments","Dropkick"],"picked":"Impervious","floor":21.0},{"not_picked":["Perfected Strike","Twin Strike"],"picked":"Pommel Strike+1","floor":22.0},{"not_picked":["Sword Boomerang","Intimidate"],"picked":"Wild Strike+1","floor":25.0},{"not_picked":["Sword Boomerang","Rage","Searing Blow"],"picked":"SKIP","floor":27.0},{"not_picked":["Dual Wield","Battle Trance+1"],"picked":"Shockwave+1","floor":29.0},{"not_picked":["Blood for Blood","Rage"],"picked":"Ghostly Armor","floor":30.0},{"not_picked":["Brutality","Demon Form"],"picked":"Fiend Fire","floor":33.0},{"not_picked":["Rupture+1","Battle Trance+1"],"picked":"Havoc+1","floor":35.0},{"not_picked":["Iron Wave","Twin Strike+1","Ghostly Armor"],"picked":"SKIP","floor":36.0},{"not_picked":["Shockwave+1","Flex+1"],"picked":"Bloodletting+1","floor":38.0},{"not_picked":["Flex+1","Pummel"],"picked":"Headbutt+1","floor":41.0},{"not_picked":["Reckless Charge+1","Thunderclap","Battle Trance"],"picked":"SKIP","floor":42.0},{"not_picked":["Armaments","Heavy Blade","Thunderclap"],"picked":"SKIP","floor":45.0},{"not_picked":["Cleave","Anger+1","Dual Wield"],"picked":"SKIP","floor":46.0}],"player_experience":75140,"relics_obtained":[{"floor":9.0,"key":"HornCleat"},{"floor":19.0,"key":"Red Mask"},{"floor":25.0,"key":"Bag of Preparation"},{"floor":26.0,"key":"Whetstone"},{"floor":43.0,"key":"Strawberry"},{"floor":46.0,"key":"Frozen Egg 2"}],"event_choices":[{"cards_removed":["Strike_R"],"damage_healed":0.0,"max_hp_gain":0.0,"max_hp_loss":0.0,"gold_gain":0.0,"event_name":"Golden Wing","player_choice":"Card Removal","floor":5.0,"gold_loss":0.0,"damage_taken":7.0},{"damage_healed":26.0,"max_hp_gain":0.0,"max_hp_loss":0.0,"gold_gain":0.0,"event_name":"Big Fish","player_choice":"Banana","floor":7.0,"gold_loss":0.0,"damage_taken":0.0},{"damage_healed":0.0,"max_hp_gain":0.0,"max_hp_loss":0.0,"gold_gain":0.0,"event_name":"Shining Light","player_choice":"Entered Light","floor":8.0,"gold_loss":0.0,"damage_taken":16.0,"cards_upgraded":["Strike_R","Strike_R"]},{"damage_healed":0.0,"max_hp_gain":0.0,"max_hp_loss":0.0,"gold_gain":30.0,"event_name":"Dead Adventurer","player_choice":"Searched \u00273\u0027 times","floor":10.0,"gold_loss":0.0,"damage_taken":0.0,"relics_obtained":["White Beast Statue"]},{"damage_healed":0.0,"max_hp_gain":0.0,"max_hp_loss":0.0,"gold_gain":175.0,"event_name":"Liars Game","player_choice":"AGREE","floor":13.0,"gold_loss":0.0,"damage_taken":0.0,"cards_obtained":["Doubt"]},{"damage_healed":0.0,"max_hp_gain":0.0,"max_hp_loss":0.0,"gold_gain":0.0,"event_name":"Masked Bandits","player_choice":"Fought Bandits","floor":19.0,"gold_loss":0.0,"damage_taken":0.0},{"damage_healed":0.0,"max_hp_gain":0.0,"max_hp_loss":0.0,"gold_gain":0.0,"event_name":"Upgrade Shrine","player_choice":"Upgraded","floor":20.0,"gold_loss":0.0,"damage_taken":0.0,"cards_upgraded":["Evolve"]},{"damage_healed":0.0,"max_hp_gain":0.0,"max_hp_loss":0.0,"gold_gain":0.0,"event_name":"Mysterious Sphere","player_choice":"Ignored","floor":44.0,"gold_loss":0.0,"damage_taken":0.0}],"is_beta":false,"boss_relics":[{"not_picked":["Philosopher\u0027s Stone","Busted Crown"],"picked":"Black Blood"},{"not_picked":["Astrolabe","Empty Cage"],"picked":"Velvet Choker"}],"items_purged_floors":[14,24,31],"is_endless":false,"potions_floor_spawned":[2,3,10,12,16,18,19,21,22,25,27,29,30,33,35,36,38,41,42,45,46],"ascension_level":10}}