{"host":"61xbmbtf5zrn7rzc","time":1610052939,"event":{"mods":["BaseMod","Challenge The Spire","Downfall","Hubris","Minty Spire (QoL Compilation)","Replay The Spire","StSLib","SuperFastMode","The Marked"],"gold_per_floor":[0,11,11,28,42,42,42,42,42,42,77,77,77,111,123,123,123,123],"floor_reached":16,"playtime":741,"items_purged":[],"score":113,"play_id":"31852373-f4b2-465c-b888-3c67ff7fbc82","local_time":"20210107155539","is_ascension_mode":true,"campfire_choices":[{"data":"Guardian:CurlUp","floor":1,"key":"SMITH"},{"data":"Guardian:ShieldCharger","floor":6,"key":"SMITH"},{"data":"Guardian:Recover","floor":8,"key":"SMITH"},{"floor":10,"key":"RECALL"}],"circlet_count":0,"master_deck":["Guardian:Strike_Guardian","Guardian:Strike_Guardian","Guardian:Strike_Guardian","Guardian:Defend_Guardian","Guardian:Defend_Guardian","Guardian:Defend_Guardian","Guardian:CurlUp+1","Guardian:TwinSlam","Guardian:ShieldCharger+1","Guardian:Recover+1","Guardian:Gem_Orange","Guardian:PrismaticBeam+1","Guardian:ChargeUp","Guardian:Gem_Green"],"relics":["Guardian:ModeShifter","Replay:Multitool","Molten Egg 2","FossilizedHelix","Matryoshka"],"acts_visited":["Exordium"],"potions_floor_usage":[14,16],"damage_taken":[{"damage":0,"enemies":"Jaw Worm","floor":2,"turns":4},{"damage":0,"enemies":"Cultist","floor":4,"turns":4},{"damage":0,"enemies":"2 Louse","floor":5,"turns":3},{"damage":15,"enemies":"Replay:BlueRogue","floor":11,"turns":10},{"damage":14,"enemies":"Lagavulin","floor":14,"turns":11},{"damage":0,"enemies":"Large Slime","floor":15,"turns":7},{"damage":57,"enemies":"downfall:Defect","floor":16,"turns":10}],"seed_played":"96383093668933350","potions_obtained":[{"floor":3,"key":"LiquidBronze"},{"floor":3,"key":"Reflective Coating"},{"floor":3,"key":"SpeedPotion"},{"floor":4,"key":"Guardian:BlockOnCardUsePotion"}],"is_trial":false,"path_per_floor":["R","M","?","M","M","R","T","R","?","R","E","?","?","E","M","B"],"character_chosen":"GUARDIAN","items_purchased":[],"campfire_rested":0,"item_purchase_floors":[],"current_hp_per_floor":[80,80,80,80,80,80,80,80,80,80,65,70,70,56,56,0,0,0],"gold":123,"neow_bonus":"ONE_RARE_RELIC","is_daily":false,"chose_seed":false,"campfire_upgraded":3,"win_rate":0.0,"timestamp":1610052939,"path_taken":["R","M","?","M","?","R","T","R","?","R","E","?","?","E","M","BOSS"],"items_purchased_type":[],"build_version":"2020-12-22","purchased_purges":0,"victory":false,"max_hp_per_floor":[80,80,80,80,80,80,80,80,80,80,80,85,85,85,85,85,85,85],"card_choices":[{"not_picked":["Guardian:Gem_Green","Guardian:VentSteam","Guardian:RollAttack"],"picked":"SKIP","floor":2},{"not_picked":["Guardian:Reroute","Guardian:TemporalShield"],"picked":"Guardian:ShieldCharger","floor":4},{"not_picked":["Guardian:TemporalShield","Guardian:ChargeCore"],"picked":"Guardian:Recover","floor":5},{"not_picked":["Guardian:TimeCapacitor","Guardian:MultiBeam+1"],"picked":"Guardian:Gem_Orange","floor":11},{"not_picked":["Guardian:Gem_Yellow","Guardian:Reroute+1"],"picked":"Guardian:ChargeUp","floor":14},{"not_picked":["Guardian:WalkerClaw+1","Guardian:PrismaticBarrier"],"picked":"Guardian:Gem_Green","floor":15}],"player_experience":154531,"relics_obtained":[{"floor":7,"key":"Molten Egg 2"},{"floor":11,"key":"FossilizedHelix"},{"floor":14,"key":"Matryoshka"}],"event_choices":[{"damage_healed":0,"gold_gain":0,"player_choice":"Got Potions","damage_taken":0,"max_hp_gain":0,"max_hp_loss":0,"event_name":"Lab","floor":3,"gold_loss":0},{"cards_removed":["Guardian:Strike_Guardian"],"damage_healed":0,"gold_gain":0,"player_choice":"Card Removal","damage_taken":0,"max_hp_gain":0,"max_hp_loss":0,"event_name":"The Cleric","floor":9,"gold_loss":0},{"damage_healed":0,"gold_gain":0,"player_choice":"Donut","damage_taken":0,"max_hp_gain":5,"max_hp_loss":0,"event_name":"Big Fish","floor":12,"gold_loss":0}],"is_beta":false,"boss_relics":[],"items_purged_floors":[],"is_endless":false,"potions_floor_spawned":[4],"killed_by":"downfall:Defect","ascension_level":1}}