{"host":"cbabs5wvj1yqiyjm","time":1610058019,"event":{"mods":["AchievementEnabler","Act Like it!","Bartender","BaseMod","Bestiary","Better Third Choice","BetterRewards","Colored Powertips","Downfall","Friendly Minions","Hallownest","Hermit","Infinite Spire","Kratos Character Expansion","Marisa????????","Minty Spire (QoL Compilation)","Rare Cards Sparkle","Replay The Spire","SOS???????","Spicy Shops","StSLib","Td1madao Mod","The Bladedancer","The Bug Knight","The Cursed","The Disciple","The Forsaken","The Marked","The Necromancer","The Servant 0.9.4","Wandering Minibosses","???Mod??????Boss"],"gold_per_floor":[118,134,134,134,149,149,149,2,2,17,17,17,33,33,33,137,137,149,68,68,81,91,120,120,136,136,150,167,167,167,183,183,280,280,293,2,18,18,33,33,45,45,71,87,0,0,0,10,10,10,10],"floor_reached":50,"playtime":2838,"items_purged":[],"score":556,"play_id":"398a1fc0-f352-46a8-9aa6-e9363f34098f","local_time":"20210107172019","is_ascension_mode":false,"campfire_choices":[{"floor":7,"key":"REST"},{"data":"Neutralize","floor":12,"key":"SMITH"},{"data":"Poisoned Stab","floor":15,"key":"SMITH"},{"floor":24,"key":"REST"},{"floor":32,"key":"REST"},{"floor":40,"key":"REST"},{"floor":42,"key":"REST"},{"floor":46,"key":"REST"},{"floor":49,"key":"REST"}],"circlet_count":0,"master_deck":["Strike_G","Strike_G","Strike_G","Strike_G","Strike_G","Defend_G","Defend_G","Defend_G","Defend_G","Survivor","Neutralize+1","AbeCurse","Flying Knee","Backflip","Leg Sweep+1","Hidden Blade","Dagger Spray","Poisoned Stab+1","Die Die Die","ReplayTheSpireMod:Exploit Weakness","Deadly Poison","Deadly Poison","Bane","Flying Knee+1","PiercingWail","Terror+1","Dodge and Roll+1","Hidden Blade","ReplayTheSpireMod:From All Sides","PiercingWail","Corpse Explosion","Toxin Wave+1","Hidden Blade","Blade Dance","Quick Slash","Deadly Poison","Sneak Up+1","ReplayTheSpireMod:Tripwire+1","Deadly Poison+1","Backflip+1","Dagger Spray","Toxin Wave"],"relics":["Abe\u0027s Treasure","Toy Ornithopter","TwistedFunnel","theForsaken:Kindling","Fusion Hammer","Ninja Scroll","Replay:Rubber Ducky","Torii","Sozu","Vajra","Replay:Baseball"],"acts_visited":["Exordium","TheCity","TheBeyond"],"potions_floor_usage":[16,16,16,23,23,31,31],"damage_taken":[{"damage":0,"enemies":"2 Louse","floor":1,"turns":3},{"damage":0,"enemies":"Jaw Worm","floor":2,"turns":4},{"damage":0,"enemies":"Small Slimes","floor":5,"turns":4},{"damage":0,"enemies":"Blue Slaver","floor":10,"turns":5},{"damage":0,"enemies":"3 Louse","floor":13,"turns":3},{"damage":19,"enemies":"Fading Forest","floor":16,"turns":11},{"damage":1,"enemies":"Spheric Guardian","floor":18,"turns":4},{"damage":25,"enemies":"Cultist and Chosen","floor":21,"turns":6},{"damage":0,"enemies":"Centurion and Healer","floor":22,"turns":5},{"damage":14,"enemies":"Book of Stabbing","floor":23,"turns":4},{"damage":2,"enemies":"Snecko","floor":25,"turns":4},{"damage":10,"enemies":"Snake Plant","floor":27,"turns":4},{"damage":11,"enemies":"3 Cultists","floor":28,"turns":5},{"damage":0,"enemies":"Centurion and Healer","floor":31,"turns":3},{"damage":47,"enemies":"Collector","floor":33,"turns":10},{"damage":18,"enemies":"3 Darklings","floor":35,"turns":5},{"damage":7,"enemies":"Orb Walker","floor":37,"turns":3},{"damage":34,"enemies":"Spire Growth","floor":39,"turns":4},{"damage":0,"enemies":"3 Darklings","floor":41,"turns":5},{"damage":1,"enemies":"Maw","floor":44,"turns":6},{"damage":2,"enemies":"4 Shapes","floor":48,"turns":3},{"damage":124,"enemies":"Time Eater","floor":50,"turns":10}],"seed_played":"2337892860290948219","potions_obtained":[{"floor":1,"key":"Fire Potion"},{"floor":5,"key":"champ:CounterPotion"},{"floor":10,"key":"Adrenaline Potion"},{"floor":16,"key":"infinitespire:BlackPotion"},{"floor":21,"key":"champ:CounterPotion"},{"floor":23,"key":"ColorlessPotion"},{"floor":27,"key":"SneckoOil"}],"is_trial":false,"path_per_floor":["M","M","?","?","M","?","R","$","T","M","$","R","M","?","R","B",null,"M","$","?","M","M","E","R","M","T","M","M","AVR","?","M","R","B",null,"M","$","M","?","M","R","M","R","T","M","$","R","?","M","R","B"],"character_chosen":"THE_SILENT","items_purchased":["TwistedFunnel","Deadly Poison","Bane","Hidden Blade","Blade Dance","Vajra","Quick Slash","Backflip+1","Dagger Spray"],"campfire_rested":7,"item_purchase_floors":[8,19,19,36,36,36,36,45,45],"current_hp_per_floor":[70,70,70,52,52,57,75,75,75,75,75,75,75,75,75,56,75,74,74,74,49,49,45,72,70,70,60,49,49,49,59,85,38,85,67,67,60,60,26,56,56,88,88,87,87,100,100,98,105,0,0],"gold":10,"neow_bonus":"BOSS_RELIC","is_daily":false,"chose_seed":false,"campfire_upgraded":2,"win_rate":0.0,"timestamp":1610058019,"path_taken":["M","M","?","?","M","?","R","$","T","M","?","R","M","?","R","BOSS","M","$","?","M","?","E","R","M","T","?","M","AVR","?","M","R","BOSS","M","$","M","?","M","R","M","R","T","M","$","R","?","M","R","BOSS"],"items_purchased_type":["Relic","Card","Card","Card","Card","Relic","Card","Card","Card"],"build_version":"2020-12-22","purchased_purges":0,"victory":false,"max_hp_per_floor":[70,70,70,70,70,75,75,75,75,75,75,75,75,75,75,75,75,75,75,75,75,75,75,80,80,80,80,80,80,80,80,85,85,85,85,85,85,85,85,90,90,95,95,95,95,100,100,100,105,105,105],"card_choices":[{"not_picked":["Bane","Sucker Punch"],"picked":"Flying Knee","floor":1},{"not_picked":["ReplayTheSpireMod:Scrap Shanks","ReplayTheSpireMod:Necrosis"],"picked":"Backflip","floor":2},{"not_picked":["Dodge and Roll","Endless Agony"],"picked":"Hidden Blade","floor":5},{"not_picked":["Bane","Reflex"],"picked":"Dagger Spray","floor":10},{"not_picked":["Dagger Spray","Skewer"],"picked":"Poisoned Stab","floor":13},{"not_picked":["ReplayTheSpireMod:Necrosis","Wraith Form v2"],"picked":"Die Die Die","floor":16},{"not_picked":["Deflect","Dagger Throw"],"picked":"ReplayTheSpireMod:Exploit Weakness","floor":18},{"not_picked":["Masterful Stab","Deflect"],"picked":"Flying Knee+1","floor":21},{"not_picked":["Dagger Spray","Outmaneuver"],"picked":"PiercingWail","floor":22},{"not_picked":["Distraction","Unload"],"picked":"Terror+1","floor":23},{"not_picked":["Dagger Throw","Sucker Punch"],"picked":"Dodge and Roll+1","floor":25},{"not_picked":["Poisoned Stab+1","Crippling Poison+1"],"picked":"Hidden Blade","floor":27},{"not_picked":["Distraction","Slice"],"picked":"ReplayTheSpireMod:From All Sides","floor":28},{"not_picked":["Predator","Riddle With Holes"],"picked":"PiercingWail","floor":31},{"not_picked":["Unload","Venomology"],"picked":"Corpse Explosion","floor":33},{"not_picked":["Outmaneuver+1","Prepared"],"picked":"Toxin Wave+1","floor":35},{"not_picked":["Backflip","Flying Knee+1"],"picked":"Deadly Poison","floor":37},{"not_picked":["ReplayTheSpireMod:Scrap Shanks+1","Flying Knee"],"picked":"Sneak Up+1","floor":39},{"not_picked":["Quick Slash+1","Deadly Poison"],"picked":"ReplayTheSpireMod:Tripwire+1","floor":41},{"not_picked":["Slice","ReplayTheSpireMod:Scrap Shanks"],"picked":"Deadly Poison+1","floor":44},{"not_picked":["Eviscerate","ReplayTheSpireMod:Speed Training"],"picked":"Toxin Wave","floor":48}],"player_experience":56808,"relics_obtained":[{"floor":9,"key":"theForsaken:Kindling"},{"floor":23,"key":"Ninja Scroll"},{"floor":26,"key":"Replay:Rubber Ducky"},{"floor":43,"key":"Replay:Baseball"}],"event_choices":[{"damage_healed":0,"gold_gain":1,"player_choice":"Relic ","damage_taken":18,"max_hp_gain":0,"max_hp_loss":0,"event_name":"betterThird:BetterScrap","floor":4,"gold_loss":0,"cards_obtained":["Vault"]},{"damage_healed":0,"gold_gain":0,"player_choice":"Donut","damage_taken":0,"max_hp_gain":5,"max_hp_loss":0,"event_name":"Big Fish","floor":6,"gold_loss":0},{"damage_healed":0,"gold_gain":0,"player_choice":"Ignored","damage_taken":0,"max_hp_gain":0,"max_hp_loss":0,"event_name":"Golden Wing","floor":14,"gold_loss":0},{"damage_healed":0,"gold_gain":0,"player_choice":"Ignored","damage_taken":0,"max_hp_gain":0,"max_hp_loss":0,"event_name":"The Mausoleum","floor":20,"gold_loss":0},{"damage_healed":0,"gold_gain":0,"player_choice":"Ignored","damage_taken":0,"max_hp_gain":0,"max_hp_loss":0,"event_name":"Vampires","floor":30,"gold_loss":0},{"damage_healed":0,"gold_gain":0,"player_choice":"Ignored","damage_taken":0,"max_hp_gain":0,"max_hp_loss":0,"event_name":"Mysterious Sphere","floor":38,"gold_loss":0},{"damage_healed":0,"gold_gain":0,"player_choice":"0 cards matched","damage_taken":0,"max_hp_gain":0,"max_hp_loss":0,"event_name":"Match and Keep!","floor":47,"gold_loss":0,"cards_obtained":[]}],"is_beta":false,"boss_relics":[{"not_picked":["Astrolabe","Runic Pyramid"],"picked":"Fusion Hammer"},{"not_picked":["Silver_Glasses","Replay:Grab Bag"],"picked":"Sozu"}],"items_purged_floors":[],"is_endless":false,"potions_floor_spawned":[1,5,10,16,21,23,27,37,41,48],"killed_by":"Time Eater","ascension_level":0}}