{"host":"5rhdqk7nbnm087ui","time":1610022702,"event":{"mods":["Act Like it!","BaseMod","Downfall","Gensokyo","GungeonMod","HololiveMod","Minty Spire (QoL Compilation)","Replay The Spire","Spicy Shops","StSLib","The Cursed","The Servant 0.9.4","Youmu£®ªÍ∆«—˝√Œ£©","[IsaacMod]“‘»ˆº‚À˛","°æ“≈ŒÔø®≈∆°øREMEMod"],"gold_per_floor":[133,8283,8293,8304,8314,8314,8331,7198,7271,7301,7323,5944,5993,6016,6016,6154,6154,6202,6202,6255,6255,6289,6338,5418,5471,5541,4051,4051,1471,1471,1525,1525,1716,1716,1753,1829,574,574,428,428,504,589,589,589,665,710,800,649,649,699,699,699,20,77,192,192],"floor_reached":55,"playtime":3458,"items_purged":["Strike_S","Strike_S","Strike_S","Read","Spin","Solidify","ForgedInTime","Foresight","Potential"],"score":1350,"play_id":"b2afd40c-dfde-44ec-9065-b743b91f41d6","local_time":"20210107203142","is_ascension_mode":false,"campfire_choices":[{"data":"expansioncontent:Chronoboost","floor":6,"key":"SMITH"},{"floor":15,"key":"DIG"},{"data":"SilverBlades","floor":28,"key":"SMITH"},{"floor":32,"key":"RECALL"},{"data":"SurpressingFire","floor":40,"key":"SMITH"},{"data":"RitualDagger","floor":44,"key":"SMITH"},{"data":"SilverBlades","floor":49,"key":"SMITH"},{"data":"ReplayUltimateDefense","floor":52,"key":"SMITH"}],"circlet_count":0,"master_deck":["KidneyShot","Exchange","BettingIsNotGood","Gensokyo:UnlikelyAid","SilverBlades+1","Rearm","expansioncontent:Chronoboost+1","Gensokyo:UnlikelyAid","WasteNot","Ricochet","Rearm","BestPractice","Revamp+1","TheWorld","BestPractice","Rearm","Master of Strategy","SurpressingFire+1","PendulumOfEternity","Revamp+1","FanOfKnives","Starlight","FloweringNight","Rearm","Starlight+1","ReplayUltimateDefense+1","Rearm+1","RitualDagger+1","BottledTime+1","Sunlight","FlawlessForm","ShiftingGears+1","SilverBlades+1","GearUp+1"],"relics":["Uniform","REME_ComplimentaryCards","HushsDoor","PillsDrop","DemoMod:GlassGuonStoneRelic","Thread and Needle","Question Card","Toolbox","GuppysTail","BookOfRevelations","DollysMirror","Juzu Bracelet","BargainBundle","Habit","Replay:Bandana","Replay:Bottled Snecko","Iron Hammer","TheBean","REME_CardOfGreed","DemoMod:Metronome","BFFS","PreservedInsect","Replay:Bottled Flurry","Ginger","Pandora\u0027s Box","Damocles","DemoMod:MonsterBlood","Bag of Preparation","Eternal Feather","ReplayTheSpireMod:Lightbulb","Bronze Scales","Lee\u0027s Waffle","Happy Flower","DemoMod:PoisonVial","DemoMod:Antibody","Toxic Egg 2","Orichalcum","REME_PuzzleBoxRelic","HandDrill","REME_HourglassOfDeath","ReplayTheSpireMod:Shallot","Chaos","Tiny House","REME_ChargedStone","OrangePellets","SatanicBible","DeadEye","Ornamental Fan","Diplopia","CaptainsWheel","DemoMod:MemoryAlloy","Vajra","DoctorsRemote","Sundial","DemoMod:PinkGuonStone","Leech","StoneCalendar","DemoMod:WeirdEgg","Oddly Smooth Stone","DemoMod:ClearGuonStone","Snecko Eye","Prayer Wheel","Pen Nib","Ancient Tea Set","Strawberry","Calipers","Anchor","Lantern","SteamSale"],"acts_visited":["Exordium","TheCity","TheBeyond","TheEnding"],"potions_floor_usage":[22,22],"damage_taken":[{"damage":0,"enemies":"Cultist","floor":1,"turns":3},{"damage":6,"enemies":"Small Slimes","floor":3,"turns":3},{"damage":0,"enemies":"Jaw Worm","floor":4,"turns":2},{"damage":0,"enemies":"Exordium Wildlife","floor":5,"turns":2},{"damage":0,"enemies":"Lots of Slimes","floor":7,"turns":1},{"damage":0,"enemies":"3 Louse","floor":10,"turns":1},{"damage":0,"enemies":"Exordium Wildlife","floor":11,"turns":1},{"damage":0,"enemies":"Looter","floor":13,"turns":1},{"damage":0,"enemies":"Lots of Slimes","floor":14,"turns":1},{"damage":0,"enemies":"Hexaghost","floor":16,"turns":2},{"damage":0,"enemies":"Chosen","floor":18,"turns":1},{"damage":0,"enemies":"Shell Parasite","floor":22,"turns":2},{"damage":0,"enemies":"Gremlin Leader","floor":23,"turns":1},{"damage":0,"enemies":"3 Cultists","floor":25,"turns":1},{"damage":0,"enemies":"Slavers","floor":31,"turns":1},{"damage":0,"enemies":"Pondfish","floor":33,"turns":2},{"damage":0,"enemies":"3 Shapes","floor":35,"turns":1},{"damage":0,"enemies":"Mind Bloom Boss Battle","floor":36,"turns":1},{"damage":0,"enemies":"Giant Head","floor":41,"turns":1},{"damage":0,"enemies":"3 Darklings","floor":46,"turns":1},{"damage":0,"enemies":"Transient","floor":47,"turns":1},{"damage":0,"enemies":"Donu and Deca","floor":50,"turns":1},{"damage":0,"enemies":"Shield and Spear","floor":54,"turns":1},{"damage":0,"enemies":"Delirium","floor":55,"turns":1}],"seed_played":"-2794207668631990138","potions_obtained":[{"floor":1,"key":"BlessingOfTheForge"},{"floor":4,"key":"Toxic Potion"},{"floor":7,"key":"LifebloodPotion"},{"floor":16,"key":"SkillPotion"},{"floor":22,"key":"Fire Potion"},{"floor":23,"key":"ColorlessPotion"},{"floor":29,"key":"Adrenaline Potion"}],"is_trial":false,"path_per_floor":["M","$","M","M","M","R","M","$","T","M","M","$","M","M","R","B",null,"M","?","?","?","M","E","$","M","T","$","R","$","?","E","R","B",null,"M","?","$","?","$","R","E","?","T","R","T","M","M","$","R","B",null,"R","$","E","B"],"character_chosen":"THE_SERVANT","items_purchased":["SilverBlades","Rearm","expansioncontent:Chronoboost","Thread and Needle","Question Card","Toolbox","GuppysTail","BookOfRevelations","DollysMirror","Juzu Bracelet","BargainBundle","Revamp+1","Foresight","TheWorld","Habit","Replay:Bandana","Replay:Bottled Snecko","TheBean","REME_CardOfGreed","DemoMod:Metronome","BFFS","PreservedInsect","Master of Strategy","Replay:Bottled Flurry","Damocles","Bronze Scales","Lee\u0027s Waffle","Happy Flower","DemoMod:PoisonVial","Orichalcum","REME_PuzzleBoxRelic","HandDrill","REME_HourglassOfDeath","ReplayTheSpireMod:Shallot","Chaos","ReplayUltimateDefense","Tiny House","REME_ChargedStone","OrangePellets","SatanicBible","DeadEye","FlawlessForm","Sundial","DemoMod:PinkGuonStone","Leech","StoneCalendar","DemoMod:WeirdEgg","Ancient Tea Set","SilverBlades","Strawberry","Calipers","Anchor","GearUp+1"],"campfire_rested":0,"item_purchase_floors":[2,2,2,2,2,2,2,2,2,8,8,8,8,8,8,8,8,12,12,12,12,12,12,12,17,24,24,24,24,27,27,27,27,27,27,27,29,29,29,29,29,34,37,37,37,37,39,48,48,53,53,53,53],"current_hp_per_floor":[71,71,70,70,70,70,70,70,70,66,66,66,69,69,69,72,62,69,69,54,54,57,57,79,79,79,79,79,84,78,84,84,84,80,80,80,87,83,83,83,78,59,59,77,77,77,78,78,78,78,78,78,85,88,0,0],"gold":192,"neow_bonus":"TEN_PERCENT_HP_BONUS","is_daily":false,"chose_seed":false,"campfire_upgraded":6,"win_rate":0.0,"timestamp":1610022702,"path_taken":["M","?","M","M","M","R","?","$","T","M","M","$","M","M","R","BOSS","M","?","?","?","M","E","$","M","T","$","R","$","?","E","R","BOSS","M","?","$","?","$","R","E","?","T","R","?","M","M","$","R","BOSS","R","$","E","BOSS"],"items_purchased_type":["Card","Card","Card","Relic","Relic","Relic","Relic","Relic","Relic","Relic","Relic","Card","Card","Card","Relic","Relic","Relic","Relic","Relic","Relic","Relic","Relic","Card","Relic","Relic","Relic","Relic","Relic","Relic","Relic","Relic","Relic","Relic","Relic","Card","Card","Relic","Relic","Relic","Relic","Relic","Card","Relic","Relic","Relic","Relic","Relic","Relic","Card","Relic","Relic","Relic","Card"],"build_version":"2020-12-22","purchased_purges":9,"victory":false,"max_hp_per_floor":[71,71,71,71,71,71,71,71,71,66,66,66,69,69,69,72,62,69,69,69,69,72,72,79,79,79,79,79,84,84,84,84,84,80,80,80,87,83,83,83,78,78,78,78,78,78,78,78,78,78,78,78,85,88,88,88],"card_choices":[{"not_picked":[],"picked":"BettingIsNotGood","floor":0},{"not_picked":["Foresight","DoubleEdge"],"picked":"Potential","floor":1},{"not_picked":["TimeWarp","InstantArmor","Replace"],"picked":"WasteNot","floor":3},{"not_picked":["Unruled","FastForward","Bomb"],"picked":"Ricochet","floor":4},{"not_picked":["ShatteredReality","Misdirection","Alleviate"],"picked":"Rearm","floor":5},{"not_picked":["TimeWarp","BottledTime","Unruled"],"picked":"BestPractice","floor":7},{"not_picked":["RealityMarble","Collapse","TimeWarp"],"picked":"BestPractice","floor":10},{"not_picked":["Replace","Reset","RealityMarble"],"picked":"Rearm","floor":11},{"not_picked":["Revamp","ForgedInTime","DoubleEdge"],"picked":"SurpressingFire","floor":13},{"not_picked":["Ricochet","Replace","StarChef","Barrier"],"picked":"SKIP","floor":14},{"not_picked":["Solidify","ForgedInTime","SoulSculpture"],"picked":"PendulumOfEternity","floor":16},{"not_picked":["Rewind","InstantArmor","Collapse"],"picked":"FanOfKnives","floor":18},{"not_picked":["Ricochet","FastForward","DoubleEdge"],"picked":"FloweringNight","floor":22},{"not_picked":["PendulumOfEternity","DualDimension+1","Potential"],"picked":"Rearm","floor":23},{"not_picked":["Alleviate","Potential","Rewind+1"],"picked":"Starlight+1","floor":25},{"not_picked":["GearUp+1","ShiftingGears+1","FastForward+1"],"picked":"Rearm+1","floor":29},{"not_picked":["StarChef","Alleviate+1","TimeWarp"],"picked":"BottledTime+1","floor":31},{"not_picked":["TheWorld+1","Solidify+1","Duplication+1"],"picked":"Sunlight","floor":33},{"not_picked":["ShatteredReality","Sabotage","Ricochet+1"],"picked":"ShiftingGears+1","floor":35},{"not_picked":["Ricochet","Shuttle+1","ShiftingGears+1","BottledTime+1"],"picked":"SKIP","floor":41},{"not_picked":["Spin+1","SpecialFormula+1","Sabotage+1","Potential+1"],"picked":"SKIP","floor":46},{"not_picked":["Rearm+1","Alleviate+1","BottledTime+1","Foresight"],"picked":"SKIP","floor":47},{"not_picked":["Rearm+1","Moonlight","InstantArmor+1","BottledTime+1"],"picked":"SKIP","floor":47},{"not_picked":["Shuttle+1","Misdirection+1","Duplication+1","ShatteredReality+1"],"picked":"SKIP","floor":54}],"player_experience":115567,"relics_obtained":[{"floor":9,"key":"Iron Hammer"},{"floor":15,"key":"Ginger"},{"floor":18,"key":"DemoMod:MonsterBlood"},{"floor":22,"key":"Bag of Preparation"},{"floor":23,"key":"Eternal Feather"},{"floor":23,"key":"ReplayTheSpireMod:Lightbulb"},{"floor":25,"key":"DemoMod:Antibody"},{"floor":26,"key":"Toxic Egg 2"},{"floor":31,"key":"Ornamental Fan"},{"floor":31,"key":"Diplopia"},{"floor":35,"key":"DemoMod:MemoryAlloy"},{"floor":36,"key":"Vajra"},{"floor":36,"key":"DoctorsRemote"},{"floor":41,"key":"Oddly Smooth Stone"},{"floor":41,"key":"DemoMod:ClearGuonStone"},{"floor":45,"key":"Snecko Eye"},{"floor":46,"key":"Prayer Wheel"},{"floor":47,"key":"Pen Nib"},{"floor":54,"key":"Lantern"},{"floor":54,"key":"SteamSale"}],"event_choices":[{"damage_healed":0,"gold_gain":0,"player_choice":"Read","damage_taken":0,"max_hp_gain":0,"max_hp_loss":0,"event_name":"The Library","floor":19,"gold_loss":0,"cards_obtained":["Starlight"]},{"damage_healed":0,"gold_gain":0,"player_choice":"Ignored","damage_taken":0,"max_hp_gain":0,"max_hp_loss":0,"event_name":"Vampires","floor":21,"gold_loss":0},{"damage_healed":0,"gold_gain":0,"player_choice":"Joined the Cult","damage_taken":6,"max_hp_gain":0,"max_hp_loss":0,"event_name":"Nest","floor":30,"gold_loss":0,"cards_obtained":["RitualDagger"]},{"damage_healed":0,"gold_gain":0,"player_choice":"Fight","damage_taken":0,"max_hp_gain":0,"max_hp_loss":0,"event_name":"MindBloom","floor":36,"gold_loss":0},{"damage_healed":0,"gold_gain":0,"player_choice":"Max HP","damage_taken":0,"max_hp_gain":0,"max_hp_loss":4,"event_name":"Winding Halls","floor":38,"gold_loss":0}],"is_beta":false,"boss_relics":[{"not_picked":["Astrolabe","ReplayTheSpireMod:DimensionalGlitch"],"picked":"Pandora\u0027s Box"},{"not_picked":[]},{"not_picked":["Replay:Wax Seal","Grinning Jar"],"picked":"CaptainsWheel"},{"not_picked":[]}],"items_purged_floors":[2,8,12,24,24,27,29,29,37],"is_endless":false,"potions_floor_spawned":[1,4,7,11,14,16,22,23,31,33,35,36,47],"killed_by":"Delirium","ascension_level":0}}