{"host":"9ylwqx3xq4e4v98b","time":1610002859,"event":{"mods":["AchievementEnabler","BaseMod","Better Silent Start","Card Forge","Colored Map","DeckTracker","Minty Spire (QoL Compilation)","Permanent Neow","Quick Restart","Spicy Shops","StSLib","SuperFastMode","Td1madao Mod"],"gold_per_floor":[116,116,116,130,280,280,309,309,309,309,309,87,87,97,97,175,175,185,201,201,255,272,306,140,169,169,269,269,269,269,47,47,121,171,189,189,154,154,154,154,187,222,222,222,247,287,303,332,332,332],"floor_reached":51,"playtime":2051,"items_purged":[],"score":1889,"play_id":"8565f16c-c32b-431f-9cf1-07916c717994","local_time":"20210106230059","is_ascension_mode":true,"campfire_choices":[{"data":"Dodge and Roll","floor":6,"key":"SMITH"},{"data":"Blur","floor":8,"key":"SMITH"},{"data":"Backflip","floor":10,"key":"SMITH"},{"data":"Acrobatics","floor":15,"key":"SMITH"},{"data":"Blur","floor":28,"key":"SMITH"},{"data":"Backstab","floor":30,"key":"SMITH"},{"data":"Dodge and Roll","floor":32,"key":"SMITH"},{"data":"Outmaneuver","floor":40,"key":"SMITH"},{"data":"Cloak And Dagger","floor":44,"key":"SMITH"},{"data":"Skewer","floor":49,"key":"SMITH"}],"circlet_count":0,"master_deck":["AscendersBane","Infinite Blades+1","Burst+1","Adrenaline+1","After Image+1","Accuracy+1","A Thousand Cuts+1","Cloak And Dagger+1","Blade Dance+1","Prepared+1","Backflip+1","Blur+1","Dodge and Roll+1","Footwork+1","Acrobatics+1","Prepared+1","Burst+1","Choke+1","Outmaneuver+1","Backstab+1","Burst+1","Blur+1","Dodge and Roll+1","Doppelganger+1","Cloak And Dagger+1","Accuracy+1","Outmaneuver+1","Skewer+1"],"relics":["Ring of the Snake","Hammer of Thor","Seething Fire","Anvil of the Gods","WarpedTongs","PreservedInsect","Ninja Scroll","Tiny Chest","Black Star","Dream Catcher","Singing Bowl","WingedGreaves","Akabeko","Question Card","Pen Nib","Gambling Chip","CaptainsWheel","Mummified Hand","Strawberry","Anchor","Tiny House","Ornamental Fan","Smiling Mask","Omamori","Bronze Scales","Ice Cream","CeramicFish","Thread and Needle","Calipers","Kunai","Darkstone Periapt","Pantograph"],"acts_visited":["Exordium","TheCity","TheBeyond"],"potions_floor_usage":[18,50,50],"damage_taken":[{"damage":4.0,"enemies":"Jaw Worm","floor":1.0,"turns":2.0},{"damage":8,"enemies":"2 Louse","floor":4,"turns":2},{"damage":7,"enemies":"3 Sentries","floor":7,"turns":6},{"damage":0,"enemies":"Cultist","floor":14,"turns":1},{"damage":0,"enemies":"Hexaghost","floor":16,"turns":6},{"damage":1,"enemies":"2 Thieves","floor":18,"turns":4},{"damage":0,"enemies":"Spheric Guardian","floor":19,"turns":2},{"damage":7,"enemies":"Shelled Parasite and Fungi","floor":22,"turns":5},{"damage":3,"enemies":"Slavers","floor":23,"turns":3},{"damage":0,"enemies":"Gremlin Leader","floor":25,"turns":3},{"damage":6,"enemies":"Colosseum Slavers","floor":27,"turns":4},{"damage":0,"enemies":"Colosseum Nobs","floor":27,"turns":3},{"damage":0,"enemies":"Collector","floor":33,"turns":8},{"damage":0,"enemies":"Orb Walker","floor":35,"turns":2},{"damage":24,"enemies":"Reptomancer","floor":41,"turns":5},{"damage":0,"enemies":"Nemesis","floor":42,"turns":5},{"damage":7,"enemies":"Mind Bloom Boss Battle","floor":45,"turns":3},{"damage":0,"enemies":"Reptomancer","floor":46,"turns":3},{"damage":0,"enemies":"3 Darklings","floor":47,"turns":5},{"damage":0,"enemies":"Giant Head","floor":48,"turns":3},{"damage":16,"enemies":"Time Eater","floor":50,"turns":8}],"seed_played":"5481117210684144058","potions_obtained":[{"floor":7,"key":"DistilledChaos"},{"floor":14,"key":"LiquidMemories"},{"floor":25,"key":"LiquidBronze"}],"is_trial":false,"path_per_floor":["M","?","?","M","?","R","E","R","T","R","?","$","?","M","R","B",null,"M","M","?","T","M","E","$","E","T","?","R","?","R","$","R","B",null,"M","T","$","?","$","R","E","E","T","R","?","E","M","E","R","B",null],"character_chosen":"THE_SILENT","items_purchased":["Tiny Chest","Acrobatics","Akabeko","Anchor","Dodge and Roll","Outmaneuver"],"campfire_rested":0,"item_purchase_floors":[12,12,24,31,31,37],"current_hp_per_floor":[55,55,55,47,47,47,40,40,40,40,40,40,40,40,40,40,60,59,59,59,59,52,49,49,51,51,45,45,52,52,52,52,52,74,74,74,74,80,80,80,58,60,60,60,55,55,57,59,59,68],"gold":332,"neow_bonus":"ONE_RANDOM_RARE_CARD","is_daily":false,"chose_seed":false,"campfire_upgraded":10,"win_rate":0.0,"timestamp":1610002859,"path_taken":["M","?","?","?","?","R","E","R","T","R","?","$","?","?","R","BOSS","M","M","?","?","M","E","$","E","T","?","R","?","R","?","R","BOSS","M","?","$","?","$","R","E","E","T","R","?","E","M","E","R","BOSS"],"items_purchased_type":["Relic","Card","Relic","Relic","Card","Card"],"build_version":"2020-12-22","purchased_purges":0,"victory":true,"max_hp_per_floor":[66,66,66,66,66,66,66,66,66,66,66,66,66,66,66,66,66,66,66,66,66,66,66,66,68,68,68,68,75,75,75,75,75,80,80,80,80,80,80,80,82,84,84,84,86,86,88,90,90,90],"card_choices":[{"not_picked":["Flying Knee","Sucker Punch"],"picked":"Prepared","floor":1.0},{"not_picked":["Noxious Fumes","Setup","Masterful Stab"],"picked":"SKIP","floor":4},{"not_picked":["Bane","Poisoned Stab","Slice"],"picked":"SKIP","floor":7},{"not_picked":["Flying Knee","Slice"],"picked":"Prepared","floor":14},{"not_picked":["Die Die Die","Doppelganger"],"picked":"Burst","floor":16},{"not_picked":["Sucker Punch","Prepared"],"picked":"Footwork","floor":18},{"not_picked":["Acrobatics","Terror"],"picked":"Choke+1","floor":19},{"not_picked":["Deadly Poison","Quick Slash"],"picked":"Backstab","floor":22},{"not_picked":["Leg Sweep","Cloak And Dagger+1"],"picked":"Burst","floor":23},{"not_picked":["Predator","Glass Knife","Wraith Form v2"],"picked":"Singing Bowl","floor":25},{"not_picked":["Sucker Punch","Blade Dance","Footwork"],"picked":"Blur","floor":27},{"not_picked":["Night Terror","Die Die Die","Malaise"],"picked":"Doppelganger","floor":33},{"not_picked":["Blur","Tactician","Outmaneuver"],"picked":"Cloak And Dagger","floor":34},{"not_picked":["Blade Dance","Finisher","Flechettes"],"picked":"Accuracy","floor":35},{"not_picked":["Quick Slash+1","Grand Finale","Acrobatics+1","Sucker Punch"],"picked":"Singing Bowl","floor":41},{"not_picked":["Blur","Flying Knee","Blade Dance","Concentrate"],"picked":"Singing Bowl","floor":42},{"not_picked":["Underhanded Strike","Blade Dance","Noxious Fumes+1","Deflect"],"picked":"Singing Bowl","floor":45},{"not_picked":["Acrobatics+1","Malaise","Flechettes"],"picked":"Skewer","floor":46},{"not_picked":["Distraction","Deadly Poison","Dagger Throw","All Out Attack"],"picked":"Singing Bowl","floor":47},{"not_picked":["Prepared","Infinite Blades","Bane","Slice"],"picked":"Singing Bowl","floor":48}],"player_experience":191114,"relics_obtained":[{"floor":7,"key":"PreservedInsect"},{"floor":9,"key":"Ninja Scroll"},{"floor":21,"key":"Dream Catcher"},{"floor":23,"key":"Singing Bowl"},{"floor":23,"key":"WingedGreaves"},{"floor":25,"key":"Question Card"},{"floor":25,"key":"Pen Nib"},{"floor":26,"key":"Gambling Chip"},{"floor":27,"key":"CaptainsWheel"},{"floor":27,"key":"Mummified Hand"},{"floor":36,"key":"Ornamental Fan"},{"floor":41,"key":"Smiling Mask"},{"floor":41,"key":"Omamori"},{"floor":42,"key":"Bronze Scales"},{"floor":42,"key":"Ice Cream"},{"floor":43,"key":"CeramicFish"},{"floor":45,"key":"Thread and Needle"},{"floor":46,"key":"Calipers"},{"floor":46,"key":"Kunai"},{"floor":48,"key":"Darkstone Periapt"},{"floor":48,"key":"Pantograph"}],"event_choices":[{"damage_healed":0,"gold_gain":0,"player_choice":"Grow","damage_taken":0,"max_hp_gain":0,"max_hp_loss":0,"event_name":"Living Wall","floor":2,"gold_loss":0,"cards_upgraded":["Prepared"]},{"damage_healed":0,"gold_gain":0,"player_choice":"Rummage","damage_taken":0,"relics_obtained":["WarpedTongs"],"max_hp_gain":0,"max_hp_loss":0,"event_name":"Accursed Blacksmith","floor":3,"gold_loss":0,"cards_obtained":["Pain"]},{"damage_healed":0,"gold_gain":150,"player_choice":"AGREE","damage_taken":0,"max_hp_gain":0,"max_hp_loss":0,"event_name":"Liars Game","floor":5,"gold_loss":0,"cards_obtained":["Doubt"]},{"damage_healed":0,"gold_gain":0,"player_choice":"Ignored","damage_taken":0,"max_hp_gain":0,"max_hp_loss":0,"event_name":"Shining Light","floor":11,"gold_loss":0},{"damage_healed":0,"gold_gain":0,"player_choice":"Ignored","damage_taken":0,"max_hp_gain":0,"max_hp_loss":0,"event_name":"Golden Wing","floor":13,"gold_loss":0},{"cards_removed":["Neutralize"],"damage_healed":0,"gold_gain":0,"player_choice":"Elegance","damage_taken":0,"max_hp_gain":0,"max_hp_loss":0,"event_name":"Back to Basics","floor":20,"gold_loss":0},{"damage_healed":0,"gold_gain":0,"player_choice":"Fight","damage_taken":0,"max_hp_gain":0,"max_hp_loss":0,"event_name":"Colosseum","floor":27,"gold_loss":0},{"damage_healed":0,"gold_gain":0,"player_choice":"Fought Nobs","damage_taken":0,"max_hp_gain":0,"max_hp_loss":0,"event_name":"Colosseum","floor":27,"gold_loss":0},{"damage_healed":0,"gold_gain":0,"player_choice":"Opened","damage_taken":0,"relics_obtained":["Strawberry"],"max_hp_gain":0,"max_hp_loss":0,"event_name":"The Mausoleum","floor":29,"gold_loss":0,"cards_obtained":["Writhe"]},{"damage_healed":16,"gold_gain":0,"player_choice":"Writhe","damage_taken":0,"max_hp_gain":0,"max_hp_loss":0,"event_name":"Winding Halls","floor":38,"gold_loss":0,"cards_obtained":["Writhe"]},{"damage_healed":0,"gold_gain":0,"player_choice":"Fight","damage_taken":0,"max_hp_gain":0,"max_hp_loss":0,"event_name":"MindBloom","floor":45,"gold_loss":0}],"is_beta":false,"boss_relics":[{"not_picked":["Runic Pyramid","Runic Dome"],"picked":"Black Star"},{"not_picked":["Velvet Choker","Snecko Eye"],"picked":"Tiny House"}],"items_purged_floors":[],"is_endless":false,"potions_floor_spawned":[7,14,23,25,27,35,41,45],"ascension_level":16}}