{"host":"684z1xpuwaoqmmh1","time":1610029976,"event":{"mods":["BaseMod","Downfall","Hermit","Jorbs\u0027s Wanderer Trilogy","Marisa????????","Minty Spire (QoL Compilation)","StSLib","The Hierophant","The Mystic"],"gold_per_floor":[109,1,17,27,27,27,40,71,71,89,123,134,59,78,78,181,181,202,202,220,252,252,257,257],"floor_reached":23,"playtime":1501,"items_purged":["hermit:Strike_Hermit"],"score":405,"play_id":"2b8b1467-88ef-4e42-8997-42971407093c","local_time":"20210107163256","is_ascension_mode":true,"campfire_choices":[{"data":"hermit:WideOpen","floor":6,"key":"SMITH"},{"floor":15,"key":"REST"}],"circlet_count":0,"master_deck":["AscendersBane","hermit:Strike_Hermit","hermit:Strike_Hermit","hermit:Defend_Hermit","hermit:Defend_Hermit","hermit:Defend_Hermit","hermit:Snapshot","hermit:Covet","hermit:WideOpen+1","hermit:GhostlyPresence","hermit:BigShot","hermit:TrackingShot","hermit:Midnight","hermit:Brawl","hermit:PistolWhip","hermit:Misfire","hermit:Magnum","hermit:Vantage","hermit:Scavenge","hermit:BlackWind","hermit:TakeAim+1","hermit:DeadOrAlive"],"relics":["hermit:Momento","Guardian:PocketSentry","Blood Vial","Toy Ornithopter","sneckomod:SneckoTalon","Red Mask"],"acts_visited":["Exordium","TheCity"],"potions_floor_usage":[8,11,18],"damage_taken":[{"damage":0,"enemies":"Cultist","floor":1,"turns":4},{"damage":6,"enemies":"Small Slimes","floor":3,"turns":4},{"damage":2,"enemies":"Jaw Worm","floor":4,"turns":4},{"damage":6,"enemies":"Large Slime","floor":7,"turns":5},{"damage":21,"enemies":"Gremlin Nob","floor":8,"turns":4},{"damage":9,"enemies":"Exordium Thugs","floor":10,"turns":5},{"damage":10,"enemies":"3 Sentries","floor":11,"turns":6},{"damage":12,"enemies":"Looter","floor":12,"turns":2},{"damage":7,"enemies":"Exordium Wildlife","floor":14,"turns":3},{"damage":0,"enemies":"Slime Boss","floor":16,"turns":7},{"damage":5,"enemies":"2 Thieves","floor":18,"turns":4},{"damage":0,"enemies":"Chosen","floor":20,"turns":3},{"damage":36,"enemies":"Masked Bandits","floor":21,"turns":6},{"damage":42,"enemies":"Gremlin Leader","floor":23,"turns":4}],"seed_played":"-7045233160192447790","potions_obtained":[{"floor":1,"key":"Dexterity Potion"},{"floor":3,"key":"champ:CounterPotion"},{"floor":10,"key":"SteroidPotion"},{"floor":11,"key":"Explosive Potion"},{"floor":18,"key":"SteroidPotion"}],"is_trial":false,"path_per_floor":["M","$","M","M","?","R","M","E","T","M","E","M","$","M","R","B",null,"M","?","M","?","?","E"],"character_chosen":"HERMIT","items_purchased":["hermit:GhostlyPresence","hermit:BigShot"],"campfire_rested":1,"item_purchase_floors":[2,2],"current_hp_per_floor":[68,68,62,60,60,60,54,33,33,26,18,8,8,3,25,27,63,65,65,67,33,33,0,0],"gold":257,"neow_bonus":"REMOVE_CARD","is_daily":false,"chose_seed":false,"campfire_upgraded":1,"win_rate":0.0,"timestamp":1610029976,"path_taken":["M","?","M","M","?","R","M","E","T","M","E","?","$","M","R","BOSS","M","?","M","?","?","E"],"items_purchased_type":["Card","Card"],"build_version":"2020-12-22","purchased_purges":1,"victory":false,"max_hp_per_floor":[75,75,75,75,75,75,75,75,75,75,75,75,75,75,75,75,75,75,75,75,75,75,75,75],"card_choices":[{"not_picked":["hermit:LuckOfTheDraw","hermit:HoleUp"],"picked":"hermit:WideOpen","floor":1},{"not_picked":["hermit:SprayPray","hermit:CalledShot"],"picked":"hermit:TrackingShot","floor":3},{"not_picked":["hermit:Manifest","hermit:Coalescence"],"picked":"hermit:Midnight","floor":4},{"not_picked":["hermit:LuckOfTheDraw","hermit:LoneWolf"],"picked":"hermit:Brawl","floor":7},{"not_picked":["hermit:Glare","hermit:CalledShot"],"picked":"hermit:PistolWhip","floor":8},{"not_picked":["hermit:FullyLoaded","hermit:Roulette"],"picked":"hermit:Misfire","floor":10},{"not_picked":["hermit:CursedWeapon","hermit:WideOpen"],"picked":"hermit:Magnum","floor":11},{"not_picked":["hermit:ItchyTrigger","hermit:LowProfile"],"picked":"hermit:Vantage","floor":12},{"not_picked":["hermit:GoldenBullet","hermit:EyeOfTheStorm"],"picked":"hermit:Scavenge","floor":14},{"not_picked":["hermit:Purgatory","hermit:RoundhouseKick"],"picked":"hermit:BlackWind","floor":16},{"not_picked":["hermit:Headshot","hermit:Vantage","hermit:Misfire+1"],"picked":"SKIP","floor":18},{"not_picked":["hermit:ItchyTrigger+1","hermit:Coalescence","hermit:Dive"],"picked":"SKIP","floor":20},{"not_picked":["hermit:Vantage","hermit:TakeCover"],"picked":"hermit:TakeAim+1","floor":21}],"player_experience":2415804,"relics_obtained":[{"floor":8,"key":"Guardian:PocketSentry"},{"floor":9,"key":"Blood Vial"},{"floor":11,"key":"Toy Ornithopter"},{"floor":21,"key":"Red Mask"}],"event_choices":[{"cards_removed":["hermit:Defend_Hermit"],"damage_healed":0,"gold_gain":0,"player_choice":"Purged","damage_taken":0,"max_hp_gain":0,"max_hp_loss":0,"event_name":"Purifier","floor":5,"gold_loss":0},{"damage_healed":0,"gold_gain":0,"player_choice":"Fought Bandits","damage_taken":0,"max_hp_gain":0,"max_hp_loss":0,"event_name":"Masked Bandits","floor":21,"gold_loss":0},{"damage_healed":0,"gold_gain":0,"player_choice":"Read","damage_taken":0,"max_hp_gain":0,"max_hp_loss":0,"event_name":"The Library","floor":22,"gold_loss":0,"cards_obtained":["hermit:DeadOrAlive"]}],"is_beta":false,"boss_relics":[{"not_picked":["Runic Pyramid","Sozu"],"picked":"sneckomod:SneckoTalon"}],"items_purged_floors":[13],"is_endless":false,"potions_floor_spawned":[1,3,10,11,18,20],"killed_by":"Gremlin Leader","ascension_level":12}}