{"host":"¿à÷økuyou","time":1610024248,"event":{"mods":["ATMod(°¢èªMod)","Act Like it!","BaseMod","BetterRewards","Minty Spire (QoL Compilation)","Quick Restart","RyuuouÁúÍõ","StSLib"],"gold_per_floor":[112,112,129,54,66,66,94,94,94,110,110,110,110,42,42,138,138,156,172,172,184,204,239,239,271,343,356,456,483,89,101,101,206,206,224,238,253,273,51,51,79,79,149,167,200,200,219,245,245,245,245,245,1,31,31],"floor_reached":56,"playtime":2019,"items_purged":["Regret","Strike_G","Strike_G"],"score":1677,"play_id":"436a2260-f358-419f-917c-b9c37dc34ab6","local_time":"20210107205728","is_ascension_mode":true,"campfire_choices":[{"data":"Blade Dance","floor":6,"key":"SMITH"},{"data":"Blade Dance","floor":12,"key":"SMITH"},{"data":"Accuracy","floor":15,"key":"SMITH"},{"data":"A Thousand Cuts","floor":24,"key":"SMITH"},{"floor":32,"key":"REST"},{"data":"Adrenaline","floor":40,"key":"SMITH"},{"data":"Adrenaline","floor":46,"key":"SMITH"},{"floor":49,"key":"RECALL"},{"data":"Wraith Form v2","floor":52,"key":"SMITH"}],"circlet_count":0,"master_deck":["Strike_G","Strike_G","Defend_G","Defend_G","Defend_G","Defend_G","Survivor","Neutralize","Backflip","Blade Dance+1","Backflip","Blade Dance+1","Accuracy+1","A Thousand Cuts+1","Cloak And Dagger+1","Adrenaline+1","Adrenaline+1","Noxious Fumes","Finisher+1","Acrobatics","Wraith Form v2+1","AT_ShadowStep","Envenom","Madness","Madness","Acrobatics+1","AT_Desolate+1","Adrenaline"],"relics":["AT_ATBox","Sozu","AT_GuinsooRageblade","Ice Cream","Molten Egg 2","Oddly Smooth Stone","Philosopher\u0027s Stone","Incense Burner","Potion Belt","Mummified Hand","Dead Branch","Matryoshka","Nunchaku","Ornamental Fan","AT_TrinityForce","Membership Card","Happy Flower","Singing Bowl","Blood Vial","AT_Kusabimaru","Smiling Mask","Sundial","Lantern","Blue Candle"],"acts_visited":["Exordium","TheCity","TheBeyond","TheEnding"],"potions_floor_usage":[],"damage_taken":[{"damage":3.0,"enemies":"2 Louse","floor":1.0,"turns":3.0},{"damage":5.0,"enemies":"Jaw Worm","floor":3.0,"turns":6.0},{"damage":2.0,"enemies":"Small Slimes","floor":5.0,"turns":5.0},{"damage":34,"enemies":"Gremlin Nob","floor":7,"turns":5},{"damage":0,"enemies":"Blue Slaver","floor":10,"turns":3},{"damage":2,"enemies":"The Guardian","floor":16,"turns":10},{"damage":8,"enemies":"3 Byrds","floor":18,"turns":4},{"damage":0,"enemies":"Chosen","floor":19,"turns":3},{"damage":2,"enemies":"3 Cultists","floor":21,"turns":4},{"damage":24,"enemies":"Snake Plant","floor":22,"turns":4},{"damage":5,"enemies":"Gremlin Leader","floor":23,"turns":4},{"damage":21,"enemies":"Book of Stabbing","floor":25,"turns":4},{"damage":1,"enemies":"Shelled Parasite and Fungi","floor":27,"turns":3},{"damage":4,"enemies":"Colosseum Slavers","floor":28,"turns":3},{"damage":0,"enemies":"Colosseum Nobs","floor":28,"turns":3},{"damage":0,"enemies":"Gremlin Leader","floor":29,"turns":2},{"damage":0,"enemies":"Snecko","floor":31,"turns":1},{"damage":2,"enemies":"Champ","floor":33,"turns":3},{"damage":1,"enemies":"3 Shapes","floor":35,"turns":2},{"damage":0,"enemies":"3 Darklings","floor":36,"turns":1},{"damage":0,"enemies":"Jaw Worm Horde","floor":37,"turns":1},{"damage":0,"enemies":"4 Shapes","floor":38,"turns":2},{"damage":0,"enemies":"Reptomancer","floor":41,"turns":2},{"damage":0,"enemies":"3 Darklings","floor":44,"turns":3},{"damage":0,"enemies":"Nemesis","floor":45,"turns":3},{"damage":0,"enemies":"Maw","floor":47,"turns":2},{"damage":0,"enemies":"Reptomancer","floor":48,"turns":3},{"damage":0,"enemies":"Donu and Deca","floor":50,"turns":3},{"damage":0,"enemies":"Shield and Spear","floor":54,"turns":1},{"damage":17,"enemies":"The Heart","floor":55,"turns":6}],"seed_played":"-8392305364559810537","potions_obtained":[],"is_trial":false,"path_per_floor":["M","?","M","$","M","R","E","?","T","M","?","R","?","$","R","B",null,"M","M","?","M","M","E","R","E","T","M","?","E","$","M","R","B",null,"M","M","M","M","$","R","E","?","T","M","E","R","M","E","R","B",null,"R","$","E","B",null],"character_chosen":"THE_SILENT","items_purchased":["Accuracy","Ornamental Fan","Acrobatics","Membership Card","Happy Flower","Sundial","Lantern"],"campfire_rested":1,"item_purchase_floors":[14,30,30,39,39,53,53],"current_hp_per_floor":[67,67,62,62,60,60,26,26,26,26,26,26,19,19,19,17,70,62,62,80,78,54,49,49,28,28,27,23,23,23,23,47,45,80,79,79,79,79,79,79,79,69,69,71,73,73,75,79,79,81,82,82,82,84,67],"gold":31,"neow_bonus":"BOSS_RELIC","is_daily":false,"chose_seed":false,"campfire_upgraded":7,"win_rate":0.0,"timestamp":1610024248,"path_taken":["M","?","M","$","M","R","E","?","T","M","?","R","?","?","R","BOSS","M","M","?","M","M","E","R","E","T","?","?","E","?","M","R","BOSS","M","M","M","M","$","R","E","?","T","M","E","R","M","E","R","BOSS","R","$","E","BOSS"],"items_purchased_type":["Card","Relic","Card","Relic","Relic","Relic","Relic"],"build_version":"2020-12-18","purchased_purges":3,"victory":true,"max_hp_per_floor":[70,70,70,70,70,70,70,70,70,70,70,70,70,70,70,70,70,70,70,80,80,80,80,80,80,80,80,80,80,80,80,80,80,80,80,80,80,80,80,80,80,80,80,80,80,80,80,82,82,82,82,82,82,84,84],"card_choices":[{"not_picked":["Masterful Stab","Leg Sweep","Prepared"],"picked":"SKIP","floor":1.0},{"not_picked":["Cloak And Dagger","Dagger Spray"],"picked":"Backflip","floor":3.0},{"not_picked":["Footwork","Flying Knee"],"picked":"Blade Dance","floor":5},{"not_picked":["Glass Knife","AT_ArcaneSupremacy"],"picked":"Backflip","floor":7},{"not_picked":["Flying Knee+1","Cloak And Dagger","Heel Hook+1"],"picked":"SKIP","floor":10},{"not_picked":["Storm of Steel","Doppelganger"],"picked":"A Thousand Cuts","floor":16},{"not_picked":["Deadly Poison","Bane+1","Outmaneuver"],"picked":"SKIP","floor":18},{"not_picked":["Deadly Poison","Deflect","Bouncing Flask"],"picked":"SKIP","floor":19},{"not_picked":["Storm of Steel","Deadly Poison+1"],"picked":"Cloak And Dagger+1","floor":21},{"not_picked":["Outmaneuver","Well Laid Plans","Prepared"],"picked":"SKIP","floor":22},{"not_picked":["Outmaneuver","Well Laid Plans","Prepared"],"picked":"SKIP","floor":22},{"not_picked":["Acrobatics","Noxious Fumes"],"picked":"Adrenaline","floor":23},{"not_picked":["Prepared+1","Concentrate"],"picked":"Adrenaline","floor":25},{"not_picked":["Bouncing Flask+1","Skewer+1","Dagger Throw+1"],"picked":"SKIP","floor":27},{"not_picked":["PiercingWail","Endless Agony+1"],"picked":"Noxious Fumes","floor":28},{"not_picked":["Dagger Throw+1","Predator+1"],"picked":"Finisher+1","floor":29},{"not_picked":["Poisoned Stab+1","Sucker Punch+1","Dodge and Roll"],"picked":"SKIP","floor":31},{"not_picked":["Phantasmal Killer","Venomology"],"picked":"Wraith Form v2","floor":33},{"not_picked":["AT_WomanClash","Dagger Spray+1","Quick Slash+1"],"picked":"SKIP","floor":35},{"not_picked":["Catalyst+1","AT_TwilightShroud+1","Outmaneuver"],"picked":"SKIP","floor":36},{"not_picked":["Backstab+1","PiercingWail+1"],"picked":"AT_ShadowStep","floor":37},{"not_picked":["Dagger Throw+1","Heel Hook+1","Dodge and Roll+1"],"picked":"SKIP","floor":38},{"not_picked":["Flying Knee+1","Backflip"],"picked":"Envenom","floor":41},{"not_picked":["Poisoned Stab+1","AT_WindFlip+1"],"picked":"Acrobatics+1","floor":44},{"not_picked":["Acrobatics","Outmaneuver"],"picked":"AT_Desolate+1","floor":45},{"not_picked":["Prepared+1","Well Laid Plans+1"],"picked":"Adrenaline","floor":47},{"not_picked":["Acrobatics","PiercingWail+1","Night Terror"],"picked":"Singing Bowl","floor":48},{"not_picked":["Acrobatics+1","Expertise+1","Slice+1"],"picked":"Singing Bowl","floor":54}],"player_experience":166127,"relics_obtained":[{"floor":7,"key":"Ice Cream"},{"floor":9,"key":"Molten Egg 2"},{"floor":23,"key":"Incense Burner"},{"floor":25,"key":"Potion Belt"},{"floor":26,"key":"Mummified Hand"},{"floor":28,"key":"Dead Branch"},{"floor":28,"key":"Matryoshka"},{"floor":29,"key":"Nunchaku"},{"floor":41,"key":"Singing Bowl"},{"floor":43,"key":"Blood Vial"},{"floor":45,"key":"AT_Kusabimaru"},{"floor":48,"key":"Smiling Mask"},{"floor":54,"key":"Blue Candle"}],"event_choices":[{"damage_healed":0.0,"max_hp_gain":0.0,"max_hp_loss":0.0,"gold_gain":0.0,"event_name":"Big Fish","player_choice":"Box","floor":2.0,"gold_loss":0.0,"damage_taken":0.0,"relics_obtained":["AT_GuinsooRageblade"],"cards_obtained":["Regret"]},{"damage_healed":0,"gold_gain":0,"cards_transformed":["Strike_G"],"player_choice":"Change","damage_taken":0,"max_hp_gain":0,"max_hp_loss":0,"event_name":"Living Wall","floor":8,"gold_loss":0,"cards_obtained":["Blade Dance"]},{"damage_healed":0,"gold_gain":0,"player_choice":"Searched \u00271\u0027 times","damage_taken":0,"relics_obtained":["Oddly Smooth Stone"],"max_hp_gain":0,"max_hp_loss":0,"event_name":"Dead Adventurer","floor":11,"gold_loss":0},{"cards_removed":["Defend_G"],"damage_healed":0,"gold_gain":0,"player_choice":"Card Removal","damage_taken":7,"max_hp_gain":0,"max_hp_loss":0,"event_name":"Golden Wing","floor":13,"gold_loss":0},{"cards_removed":["AT_KingSlayer"],"damage_healed":8,"gold_gain":0,"player_choice":"Offered Rare","damage_taken":0,"max_hp_gain":10,"max_hp_loss":0,"event_name":"Bonfire Elementals","floor":20,"gold_loss":0},{"damage_healed":0,"gold_gain":0,"player_choice":"Fight","damage_taken":0,"max_hp_gain":0,"max_hp_loss":0,"event_name":"Colosseum","floor":28,"gold_loss":0},{"damage_healed":0,"gold_gain":0,"player_choice":"Fought Nobs","damage_taken":0,"max_hp_gain":0,"max_hp_loss":0,"event_name":"Colosseum","floor":28,"gold_loss":0},{"damage_healed":0,"gold_gain":0,"player_choice":"Embrace Madness","damage_taken":10,"max_hp_gain":0,"max_hp_loss":0,"event_name":"Winding Halls","floor":42,"gold_loss":0,"cards_obtained":["Madness","Madness"]}],"is_beta":true,"boss_relics":[{"not_picked":["Snecko Eye","Coffee Dripper"],"picked":"Philosopher\u0027s Stone"},{"not_picked":["Calling Bell","WristBlade"],"picked":"AT_TrinityForce"}],"items_purged_floors":[4,30,53],"is_endless":false,"potions_floor_spawned":[1,7,10,16,21,23,25,28,33,35,37,44,45,47,48,54],"ascension_level":3}}