{"host":"m1168lp3vv5pgdep","time":1610036514,"event":{"mods":["Act Like it!","Aspiration","BaseMod","Better Altar","Better Match","Better Sensory Stone","Better Skull","Better Third Choice","Block Reminder","CCEM","Curses Come First","Elementarium","Gensokyo","GungeonMod","Hallownest","Hermit","Hubris","Menagerie","Minty Spire (QoL Compilation)","Pale of the Ancients","Permanent Neow","Quick Restart","Small Relic Pack","Spicy Shops","StSLib","The Bug Knight","The Forsaken","The Marked","Wandering Minibosses","WarShipGirlsR/????R mod"],"gold_per_floor":[118,133,145,145,165,165,194,204,204,229,229,246,263,283,283,384,384,409,419,19,37,37,37],"floor_reached":22,"playtime":1964,"items_purged":["Defend_R"],"score":211,"play_id":"bcb2c931-a161-4ca9-afc1-f8ec4ee39a64","local_time":"20210107162154","is_ascension_mode":true,"campfire_choices":[{"floor":6,"key":"RECALL"},{"data":"Flame Barrier","floor":11,"key":"SMITH"},{"floor":15,"key":"REST"}],"circlet_count":0,"master_deck":["Entrench+1","Strike_R","Strike_R","Strike_R","Strike_R","Strike_R","Defend_R","Defend_R","Defend_R","Bash","True Grit","Flame Barrier+1","Iron Wave","Shrug It Off","Metallicize"],"relics":["Burning Blood","hubris:BottledRain","hubris:ChampionShield","relicPack:KazumaCape","aspiration:HummingbirdHeart"],"acts_visited":["Exordium","TheCity"],"potions_floor_usage":[7,16,16,16,18,19,21,22],"damage_taken":[{"damage":6,"enemies":"Cultist","floor":1,"turns":4},{"damage":8,"enemies":"Jaw Worm","floor":2,"turns":4},{"damage":7,"enemies":"Small Slimes","floor":3,"turns":4},{"damage":10,"enemies":"Red Slaver","floor":5,"turns":3},{"damage":47,"enemies":"3 Sentries","floor":7,"turns":21},{"damage":1,"enemies":"Large Slime","floor":8,"turns":8},{"damage":25,"enemies":"Exordium Thugs","floor":12,"turns":9},{"damage":5,"enemies":"3 Louse","floor":13,"turns":4},{"damage":3,"enemies":"Blue Slaver","floor":14,"turns":5},{"damage":30,"enemies":"The Guardian","floor":16,"turns":16},{"damage":36,"enemies":"2 Thieves","floor":18,"turns":5},{"damage":0,"enemies":"3 Byrds","floor":19,"turns":1},{"damage":50,"enemies":"Cultist and Chosen","floor":21,"turns":12},{"damage":11,"enemies":"3 Cultists","floor":22,"turns":5}],"seed_played":"2969038474491768881","potions_obtained":[{"floor":1,"key":"SteroidPotion"},{"floor":3,"key":"Explosive Potion"},{"floor":4,"key":"Strength Potion"},{"floor":4,"key":"LiquidMemories"},{"floor":7,"key":"DemoMod:LeadSkinPotion"},{"floor":16,"key":"Explosive Potion"},{"floor":19,"key":"BloodPotion"},{"floor":21,"key":"ElixirPotion"}],"is_trial":false,"path_per_floor":["M","M","M","?","M","R","E","M","T","T","R","M","M","M","R","B",null,"M","M","$","M","M"],"character_chosen":"IRONCLAD","items_purchased":["Metallicize","aspiration:HummingbirdHeart"],"campfire_rested":1,"item_purchase_floors":[20,20],"current_hp_per_floor":[80,78,77,77,73,73,32,37,37,37,37,18,19,22,46,22,80,50,72,72,28,17,17],"gold":37,"neow_bonus":"UPGRADE_CARD","is_daily":false,"chose_seed":false,"campfire_upgraded":1,"win_rate":0.0,"timestamp":1610036514,"path_taken":["M","?","M","?","?","R","E","M","T","?","R","M","M","M","R","BOSS","M","M","$","M","?"],"items_purchased_type":["Card","Relic"],"build_version":"2020-12-22","purchased_purges":1,"victory":false,"max_hp_per_floor":[80,80,80,80,80,80,80,80,80,80,80,80,80,80,80,80,80,80,80,80,80,80,80],"card_choices":[{"not_picked":["Sword Boomerang","Twin Strike"],"picked":"True Grit","floor":1},{"not_picked":["Cleave","Flex","Searing Blow"],"picked":"SKIP","floor":2},{"not_picked":["Armaments","Perfected Strike"],"picked":"Flame Barrier","floor":3},{"not_picked":["Havoc","Flex","Pommel Strike"],"picked":"SKIP","floor":5},{"not_picked":["Warcry","Headbutt","Anger"],"picked":"SKIP","floor":7},{"not_picked":["Evolve","Berserk","hubris:CleavingFinish"],"picked":"SKIP","floor":8},{"not_picked":["Inflame","Clothesline","Anger"],"picked":"SKIP","floor":12},{"not_picked":["Clash","Pommel Strike","Havoc"],"picked":"SKIP","floor":13},{"not_picked":["Burning Pact","hubris:ReadiedAction"],"picked":"Iron Wave","floor":14},{"not_picked":["Perfected Strike","Heavy Blade"],"picked":"Shrug It Off","floor":18},{"not_picked":["Flex","Havoc","Second Wind"],"picked":"SKIP","floor":19},{"not_picked":["Rage","Anger","Bloodletting"],"picked":"SKIP","floor":21}],"player_experience":249599,"relics_obtained":[{"floor":7,"key":"hubris:BottledRain"},{"floor":10,"key":"hubris:ChampionShield"}],"event_choices":[{"damage_healed":0,"gold_gain":0,"player_choice":"Got Potions","damage_taken":0,"max_hp_gain":0,"max_hp_loss":0,"event_name":"Lab","floor":4,"gold_loss":0}],"is_beta":false,"boss_relics":[{"not_picked":["CCEMRelics:GreenEgg","Coffee Dripper"],"picked":"relicPack:KazumaCape"}],"items_purged_floors":[20],"is_endless":false,"potions_floor_spawned":[1,3,7,13,16,19,21],"killed_by":"3 Cultists","ascension_level":2}}