{"host":"f14d6hm2349s9jse","time":1610036513,"event":{"mods":["2.2 Compatiblity","BaseMod","Minty Spire (QoL Compilation)","StSLib","The Death Knight"],"gold_per_floor":[111,111,111,173,188,223,234,254,254,14,14,40,69,85,85,180,180,198,213,213,128,139,166,192,211,211,221,255,255,27,55,55,159,159,179,198,214,228,278,308,308,334,334,334,334,367,367,367,367,367,367],"floor_reached":50,"playtime":5948,"items_purged":[],"score":710,"play_id":"3894a229-cd15-4450-a825-1e637b23cc92","local_time":"20210107112153","is_ascension_mode":true,"campfire_choices":[{"floor":15.0,"key":"REST"},{"data":"DeathKnight:DeathStrike","floor":29.0,"key":"SMITH"},{"data":"DeathKnight:Hysteria","floor":32.0,"key":"SMITH"},{"floor":41.0,"key":"REST"},{"floor":44.0,"key":"REST"},{"floor":49.0,"key":"RECALL"}],"circlet_count":0,"master_deck":["DeathKnight:Strike_DeathKnight","DeathKnight:Strike_DeathKnight+1","DeathKnight:Strike_DeathKnight","DeathKnight:Strike_DeathKnight","DeathKnight:Defend_DeathKnight","DeathKnight:Defend_DeathKnight","DeathKnight:Defend_DeathKnight","DeathKnight:RuneTap","DeathKnight:RuneStrike+1","DeathKnight:BloodBoil+1","DeathKnight:Runeguard+1","DeathKnight:Obliterate+1","DeathKnight:FrostStrike","DeathKnight:DeathStrike+1","DeathKnight:BludPresence","DeathKnight:Contagion+1","DeathKnight:BloodStrike","DeathKnight:DancingRuneblade","DeathKnight:UnholyExperiment+1","Regret","DeathKnight:UnholyAssault","DeathKnight:Marrowrend","DeathKnight:Razorice+1","DeathKnight:Lichborne+1","DeathKnight:Hysteria+1","DeathKnight:DancingRuneblade","DeathKnight:MarkOfBlood+1","DeathKnight:Hysteria+1","DeathKnight:UnholyPresence","DeathKnight:UnholyExperiment+1","DeathKnight:ArmyOfTheDead+1","DeathKnight:MarkOfBlood+1","DeathKnight:DarkSuccor+1","DeathKnight:MutagenicPlague+1","DeathKnight:Contagion+1","DeathKnight:IcyTouch+1","DeathKnight:Contagion+1","DeathKnight:WraithWalk+1","DeathKnight:BladedArmor+1"],"relics":["Astrolabe","DeathKnight:TomeOfUnholySpecialization","Toxic Egg 2","Matryoshka","DeathKnight:TomeOfFrostSpecialization","Singing Bowl","Odd Mushroom","DeathKnight:Shadowmourne","DeathKnight:HelmOfDomination","Boot","Shuriken","DeathKnight:Scourgestone","Anchor","Orichalcum","Omamori","Blue Candle","Whetstone","PreservedInsect","DeathKnight:ScourgeInsignia","FossilizedHelix","Du-Vu Doll","MealTicket","Kunai"],"acts_visited":["Exordium","TheCity","TheBeyond"],"potions_floor_usage":[50,50,50,50],"damage_taken":[{"damage":0.0,"enemies":"Cultist","floor":1.0,"turns":3.0},{"damage":0.0,"enemies":"2 Louse","floor":5.0,"turns":2.0},{"damage":1.0,"enemies":"Lagavulin","floor":6.0,"turns":10.0},{"damage":4.0,"enemies":"Small Slimes","floor":7.0,"turns":3.0},{"damage":22.0,"enemies":"3 Louse","floor":8.0,"turns":6.0},{"damage":36.0,"enemies":"3 Sentries","floor":12.0,"turns":7.0},{"damage":4.0,"enemies":"The Mushroom Lair","floor":13.0,"turns":3.0},{"damage":10.0,"enemies":"Exordium Wildlife","floor":14.0,"turns":3.0},{"damage":36.0,"enemies":"The Guardian","floor":16.0,"turns":9.0},{"damage":0.0,"enemies":"Chosen","floor":18.0,"turns":4.0},{"damage":11.0,"enemies":"Spheric Guardian","floor":19.0,"turns":3.0},{"damage":8.0,"enemies":"Snake Plant","floor":22.0,"turns":3.0},{"damage":2.0,"enemies":"Gremlin Leader","floor":23.0,"turns":7.0},{"damage":8.0,"enemies":"Centurion and Healer","floor":25.0,"turns":4.0},{"damage":13.0,"enemies":"Snecko","floor":27.0,"turns":5.0},{"damage":2.0,"enemies":"Slavers","floor":28.0,"turns":3.0},{"damage":30.0,"enemies":"Book of Stabbing","floor":31.0,"turns":4.0},{"damage":4.0,"enemies":"Champ","floor":33.0,"turns":7.0},{"damage":16.0,"enemies":"3 Shapes","floor":35.0,"turns":3.0},{"damage":3.0,"enemies":"3 Darklings","floor":36.0,"turns":5.0},{"damage":5.0,"enemies":"Spire Growth","floor":37.0,"turns":3.0},{"damage":6.0,"enemies":"4 Shapes","floor":38.0,"turns":6.0},{"damage":15.0,"enemies":"2 Orb Walkers","floor":39.0,"turns":3.0},{"damage":50.0,"enemies":"Reptomancer","floor":40.0,"turns":6.0},{"damage":1.0,"enemies":"Nemesis","floor":42.0,"turns":5.0},{"damage":10.0,"enemies":"Reptomancer","floor":46.0,"turns":4.0},{"damage":75,"enemies":"Awakened One","floor":50,"turns":4}],"seed_played":"-134563620982682245","potions_obtained":[{"floor":1.0,"key":"PowerPotion"},{"floor":6.0,"key":"DeathKnight:VirulencePotion"},{"floor":14.0,"key":"EntropicBrew"},{"floor":22.0,"key":"Block Potion"},{"floor":23.0,"key":"Strength Potion"},{"floor":28.0,"key":"Regen Potion"},{"floor":42.0,"key":"SkillPotion"}],"is_trial":false,"path_per_floor":["M","?","?","?","M","E","M","M","T","$","?","E","?","M","R","B",null,"M","M","?","?","M","E","T","M","T","M","E","R","$","E","R","B",null,"M","M","M","M","?","E","R","E","T","R","?","E","?","?","R","B"],"character_chosen":"DEATH_KNIGHT","items_purchased":["DeathKnight:DancingRuneblade","DeathKnight:UnholyExperiment+1","Whetstone","DeathKnight:ArmyOfTheDead+1"],"campfire_rested":3,"item_purchase_floors":[10,10,30,30],"current_hp_per_floor":[75,75,68,68,68,74,75,60,60,60,60,31,29,26,49,20,77,77,66,66,66,65,63,63,62,62,56,61,61,61,53,53,67,79,67,79,79,75,60,22,46,45,45,69,71,61,61,37,37,0,0],"gold":367,"neow_bonus":"BOSS_RELIC","is_daily":false,"chose_seed":false,"campfire_upgraded":2,"win_rate":0.0,"timestamp":1610036513,"path_taken":["M","?","?","?","M","E","M","M","T","$","?","E","?","M","R","BOSS","M","M","?","?","M","E","?","M","T","M","E","R","?","E","R","BOSS","M","?","M","M","?","E","R","E","T","R","?","E","?","?","R","BOSS"],"items_purchased_type":["Card","Card","Relic","Card"],"build_version":"2020-12-22","purchased_purges":0,"victory":false,"max_hp_per_floor":[75,75,75,75,75,75,75,75,75,75,75,75,77,77,77,77,77,77,77,77,77,77,77,77,77,77,77,77,77,77,79,79,79,79,79,79,79,81,81,81,81,81,81,81,83,83,83,83,83,83,83],"card_choices":[{"not_picked":["DeathKnight:PillarOfFrost","DeathKnight:DeathGrip"],"picked":"DeathKnight:FrostStrike","floor":1.0},{"not_picked":["DeathKnight:BladedArmor","DeathKnight:UnholyFrenzy+1"],"picked":"DeathKnight:DeathStrike","floor":5.0},{"not_picked":["DeathKnight:UnholyFrenzy+1","DeathKnight:IcyTouch"],"picked":"DeathKnight:BludPresence","floor":6.0},{"not_picked":["DeathKnight:BloodTap+1","DeathKnight:Marrowrend"],"picked":"DeathKnight:Contagion","floor":7.0},{"not_picked":["DeathKnight:RuneShock","DeathKnight:IceboundArmor+1"],"picked":"DeathKnight:BloodStrike","floor":8.0},{"not_picked":["DeathKnight:MindFreeze+1","DeathKnight:BloodPact"],"picked":"DeathKnight:UnholyAssault","floor":12.0},{"not_picked":["DeathKnight:ChainsOfIce+1","DeathKnight:Rot+1","DeathKnight:BoneSpear"],"picked":"Singing Bowl","floor":13.0},{"not_picked":["DeathKnight:DreadStrike","DeathKnight:BoneStorm"],"picked":"DeathKnight:Marrowrend","floor":14.0},{"not_picked":["DeathKnight:ArmyOfTheDead+1","DeathKnight:VampiricBlood"],"picked":"DeathKnight:Razorice+1","floor":16.0},{"not_picked":["DeathKnight:BoneSpear","DeathKnight:Ossuary+1"],"picked":"DeathKnight:Lichborne+1","floor":18.0},{"not_picked":["DeathKnight:IcyTouch+1","DeathKnight:ShatteringStrikes"],"picked":"DeathKnight:Hysteria","floor":19.0},{"not_picked":["DeathKnight:BoneSpear","DeathKnight:RuneShock+1"],"picked":"DeathKnight:DancingRuneblade","floor":22.0},{"not_picked":["DeathKnight:RaiseAlly+1","DeathKnight:ThirstingStrike+1"],"picked":"DeathKnight:MarkOfBlood+1","floor":23.0},{"not_picked":["DeathKnight:BludPresence","DeathKnight:MindFreeze+1"],"picked":"DeathKnight:Hysteria","floor":25.0},{"not_picked":["DeathKnight:Parry+1","DeathKnight:BloodTap+1"],"picked":"DeathKnight:UnholyPresence","floor":27.0},{"not_picked":["DeathKnight:FesteringStrike+1","DeathKnight:BludPresence+1"],"picked":"DeathKnight:UnholyExperiment+1","floor":28.0},{"not_picked":["DeathKnight:BludPresence","DeathKnight:FrosPresence+1","DeathKnight:MindFreeze+1"],"picked":"Singing Bowl","floor":31.0},{"not_picked":["DeathKnight:BoneStorm","DeathKnight:VampiricBlood"],"picked":"DeathKnight:MarkOfBlood+1","floor":33.0},{"not_picked":["DeathKnight:BloodStrike+1","DeathKnight:Runeguard+1"],"picked":"DeathKnight:DarkSuccor+1","floor":35.0},{"not_picked":["DeathKnight:ShatteringStrikes","DeathKnight:RunicCorruption+1"],"picked":"DeathKnight:MutagenicPlague+1","floor":36.0},{"not_picked":["DeathKnight:Ossuary+1","DeathKnight:DancingRuneblade"],"picked":"DeathKnight:Contagion+1","floor":37.0},{"not_picked":["DeathKnight:Parry+1","DeathKnight:FrostStrike+1","DeathKnight:RaiseAlly+1"],"picked":"Singing Bowl","floor":38.0},{"not_picked":["DeathKnight:MindFreeze+1","DeathKnight:BloodEchoes"],"picked":"DeathKnight:IcyTouch+1","floor":39.0},{"not_picked":["DeathKnight:RaiseAlly+1","DeathKnight:RunicCorruption+1"],"picked":"DeathKnight:Contagion+1","floor":40.0},{"not_picked":["DeathKnight:MindFreeze+1","DeathKnight:HartStrike"],"picked":"DeathKnight:WraithWalk+1","floor":42.0},{"not_picked":["Mind Blast","Deep Breath+1","Secret Weapon+1"],"picked":"Singing Bowl","floor":45.0},{"not_picked":["DeathKnight:IcyTouch+1","DeathKnight:DarkSuccor+1"],"picked":"DeathKnight:BladedArmor","floor":46.0}],"player_experience":2480808,"relics_obtained":[{"floor":6.0,"key":"Toxic Egg 2"},{"floor":9.0,"key":"Matryoshka"},{"floor":12.0,"key":"Singing Bowl"},{"floor":13.0,"key":"Odd Mushroom"},{"floor":23.0,"key":"Shuriken"},{"floor":24.0,"key":"DeathKnight:Scourgestone"},{"floor":24.0,"key":"Anchor"},{"floor":26.0,"key":"Orichalcum"},{"floor":26.0,"key":"Omamori"},{"floor":28.0,"key":"Blue Candle"},{"floor":31.0,"key":"PreservedInsect"},{"floor":39.0,"key":"FossilizedHelix"},{"floor":40.0,"key":"Du-Vu Doll"},{"floor":42.0,"key":"MealTicket"},{"floor":46.0,"key":"Kunai"}],"event_choices":[{"damage_healed":0.0,"max_hp_gain":0.0,"max_hp_loss":0.0,"gold_gain":0.0,"event_name":"The Cleric","player_choice":"Leave","floor":2.0,"gold_loss":0.0,"damage_taken":0.0},{"damage_healed":0.0,"max_hp_gain":0.0,"max_hp_loss":0.0,"gold_gain":0.0,"event_name":"Scrap Ooze","player_choice":"Success","floor":3.0,"gold_loss":0.0,"damage_taken":7.0,"relics_obtained":["DeathKnight:TomeOfUnholySpecialization"]},{"damage_healed":0.0,"max_hp_gain":0.0,"max_hp_loss":0.0,"gold_gain":62.0,"event_name":"Golden Wing","player_choice":"Gained Gold","floor":4.0,"gold_loss":0.0,"damage_taken":0.0},{"damage_healed":0.0,"max_hp_gain":0.0,"max_hp_loss":0.0,"gold_gain":0.0,"event_name":"Big Fish","player_choice":"Box","floor":11.0,"gold_loss":0.0,"damage_taken":0.0,"relics_obtained":["DeathKnight:TomeOfFrostSpecialization"],"cards_obtained":["Regret"]},{"damage_healed":0.0,"max_hp_gain":0.0,"max_hp_loss":0.0,"gold_gain":0.0,"event_name":"Mushrooms","player_choice":"Fought Mushrooms","floor":13.0,"gold_loss":0.0,"damage_taken":0.0},{"damage_healed":0.0,"max_hp_gain":0.0,"max_hp_loss":0.0,"gold_gain":0.0,"event_name":"The Mausoleum","player_choice":"Opened","floor":20.0,"gold_loss":0.0,"damage_taken":0.0,"relics_obtained":["DeathKnight:HelmOfDomination"]},{"damage_healed":0.0,"max_hp_gain":0.0,"max_hp_loss":0.0,"gold_gain":0.0,"event_name":"Addict","player_choice":"Obtained Relic","floor":21.0,"gold_loss":85.0,"damage_taken":0.0,"relics_obtained":["Boot"]},{"damage_healed":0.0,"max_hp_gain":0.0,"max_hp_loss":0.0,"gold_gain":0.0,"event_name":"Mysterious Sphere","player_choice":"Fight","floor":39.0,"gold_loss":0.0,"damage_taken":0.0},{"damage_healed":0.0,"max_hp_gain":0.0,"max_hp_loss":0.0,"gold_gain":0.0,"event_name":"SensoryStone","player_choice":"Memory 1","floor":45.0,"gold_loss":0.0,"damage_taken":0.0},{"damage_healed":0.0,"max_hp_gain":0.0,"max_hp_loss":0.0,"gold_gain":0.0,"event_name":"Tomb of Lord Red Mask","player_choice":"Ignored","floor":47.0,"gold_loss":0.0,"damage_taken":0.0}],"is_beta":false,"boss_relics":[{"not_picked":["Fusion Hammer","Calling Bell"],"picked":"DeathKnight:Shadowmourne"},{"not_picked":["Runic Pyramid","Sozu"],"picked":"DeathKnight:ScourgeInsignia"}],"items_purged_floors":[],"is_endless":false,"potions_floor_spawned":[1,6,14,22,23,28,33,36,37,42,46],"killed_by":"Awakened One","ascension_level":2}}