{"host":"d61fcf2p3sjwe6yo","time":1610014724,"event":{"mods":["AchievementEnabler","BaseMod","Colored Map","Downfall","Minty Spire (QoL Compilation)","StSLib","SuperFastMode"],"gold_per_floor":[99,119,136,151,326,91,117,117,131,161,175,100,100,127,143,247,247,247,258,273,373,387,421,448,49,62,62,82,109,34,34,49,149,149,74,89,144,144,144,138,138,169,181,181,200,225,250,261,280,280,280,305,23,23,23],"floor_reached":56,"playtime":3365,"items_purged":["Doubt","Slimebound:Strike_Slimebound"],"score":1785,"play_id":"0346a112-7368-49a8-b41e-7da04cd8f80a","local_time":"20210107131844","is_ascension_mode":true,"campfire_choices":[{"data":"Slimebound:Split","floor":1.0,"key":"SMITH"},{"data":"Slimebound:CorrosiveSpit","floor":12.0,"key":"SMITH"},{"data":"Slimebound:OozeBath","floor":18.0,"key":"PURGE"},{"data":"Slimebound:Defend_Slimebound","floor":27.0,"key":"PURGE"},{"floor":30.0,"key":"RECALL"},{"data":"Slimebound:SelfFormingGoo","floor":35,"key":"SMITH"},{"data":"Slimebound:Strike_Slimebound","floor":44,"key":"PURGE"},{"data":"Slimebound:LevelUp","floor":54,"key":"SMITH"}],"circlet_count":0,"master_deck":["Slimebound:Strike_Slimebound+1","Slimebound:Tackle","Slimebound:Defend_Slimebound","Slimebound:Defend_Slimebound","Slimebound:Split+1","Slimebound:CorrosiveSpit+1","Slimebound:MassFeed+1","Slimebound:SplitMire","Slimebound:DuplicatedForm","Slimebound:Recollect","Slimebound:LivingWall+1","Slimebound:LeadByExample+1","Slimebound:Overexert","Slimebound:SelfFormingGoo+1","Slimebound:Prepare","Slimebound:HungryTackle","Slimebound:SlimeBarrage+1","Slimebound:LevelUp+1","Slimebound:LevelUp"],"relics":["Slimebound:AbsorbEndCombat","Guardian:BottledAnomaly","Blue Candle","Bronze Scales","downfall:HeartBlessingGreen","Slimebound:ScrapOozeRelic","Mummified Hand","Coffee Dripper","Shovel","Eternal Feather","sneckomod:BlankCard","PreservedInsect","Bottled Lightning","WingedGreaves","downfall:HeartBlessingBlue","Black Star","downfall:HeartBlessingRed","Peace Pipe","Regal Pillow","Slimebound:AggressiveSlimeRelic","White Beast Statue","Dream Catcher","Ice Cream","Meat on the Bone","Slimebound:SlimedSkullRelic","Blood Vial","Happy Flower","Boot","CaptainsWheel","Bag of Preparation"],"acts_visited":["Exordium","TheCity","TheBeyond","TheEnding"],"potions_floor_usage":[45,47,50,50,50,50,55,55,55],"damage_taken":[{"damage":13.0,"enemies":"Jaw Worm","floor":2.0,"turns":4.0},{"damage":11.0,"enemies":"2 Louse","floor":3.0,"turns":3.0},{"damage":12.0,"enemies":"Cultist","floor":4.0,"turns":3.0},{"damage":8.0,"enemies":"downfall:FleeingMerchant","floor":6.0,"turns":4.0},{"damage":28.0,"enemies":"Large Slime","floor":9.0,"turns":5.0},{"damage":41.0,"enemies":"3 Sentries","floor":10.0,"turns":6.0},{"damage":14.0,"enemies":"Blue Slaver","floor":11.0,"turns":3.0},{"damage":27.0,"enemies":"Gremlin Nob","floor":14.0,"turns":3.0},{"damage":35.0,"enemies":"Gremlin Gang","floor":15.0,"turns":3.0},{"damage":32.0,"enemies":"downfall:Watcher","floor":16.0,"turns":7.0},{"damage":12.0,"enemies":"Spheric Guardian","floor":19.0,"turns":3.0},{"damage":28.0,"enemies":"3 Byrds","floor":20.0,"turns":3.0},{"damage":49.0,"enemies":"Colosseum Nobs","floor":21.0,"turns":3.0},{"damage":19.0,"enemies":"Snecko","floor":22.0,"turns":4.0},{"damage":51.0,"enemies":"Gremlin Leader","floor":23.0,"turns":6.0},{"damage":49.0,"enemies":"downfall:FleeingMerchant","floor":25.0,"turns":4.0},{"damage":16.0,"enemies":"3 Cultists","floor":26.0,"turns":3.0},{"damage":56.0,"enemies":"Sentry and Sphere","floor":28.0,"turns":3.0},{"damage":37.0,"enemies":"Book of Stabbing","floor":29.0,"turns":3.0},{"damage":35.0,"enemies":"Centurion and Healer","floor":32.0,"turns":3.0},{"damage":85.0,"enemies":"downfall:Ironclad","floor":33.0,"turns":8.0},{"damage":50,"enemies":"3 Darklings","floor":36,"turns":3},{"damage":63,"enemies":"2 Orb Walkers","floor":37,"turns":3},{"damage":42,"enemies":"downfall:FleeingMerchant","floor":40,"turns":3},{"damage":88,"enemies":"Giant Head","floor":42,"turns":5},{"damage":59,"enemies":"3 Shapes","floor":43,"turns":3},{"damage":76,"enemies":"3 Darklings","floor":45,"turns":3},{"damage":67,"enemies":"Reptomancer","floor":46,"turns":3},{"damage":43,"enemies":"Nemesis","floor":47,"turns":3},{"damage":66,"enemies":"Maw","floor":48,"turns":3},{"damage":56,"enemies":"Spire Growth","floor":49,"turns":3},{"damage":72,"enemies":"downfall:Defect","floor":50,"turns":3},{"damage":43,"enemies":"downfall:CharBossMerchant","floor":52,"turns":3},{"damage":143,"enemies":"downfall:NeowBoss","floor":55,"turns":13}],"seed_played":"5471863772155626462","potions_obtained":[{"floor":2.0,"key":"Slimebound:SlimedPotion"},{"floor":4.0,"key":"DistilledChaos"},{"floor":9.0,"key":"FairyPotion"},{"floor":15.0,"key":"SteroidPotion"},{"floor":19.0,"key":"DuplicationPotion"},{"floor":22.0,"key":"EntropicBrew"},{"floor":23.0,"key":"Ancient Potion"},{"floor":29.0,"key":"champ:CounterPotion"},{"floor":37,"key":"DistilledChaos"},{"floor":45,"key":"Fruit Juice"},{"floor":46,"key":"SkillPotion"},{"floor":47,"key":"BlessingOfTheForge"},{"floor":52,"key":"SmokeBomb"}],"is_trial":false,"path_per_floor":["R","M","M","M","?","$","T","?","M","E","M","R","?","E","M","B",null,"R","M","M","?","M","E","T","$","M","R","M","E","R","?","M","B",null,"R","M","?","?","T","$","T","E","M","R","M","E","E","M","M","B",null,"E","$","R","B",null],"character_chosen":"SLIMEBOUND","items_purchased":["Guardian:BottledAnomaly","PreservedInsect","Bottled Lightning","Slimebound:AggressiveSlimeRelic","Slimebound:HungryTackle","Bag of Preparation","Strength Potion","EssenceOfSteel"],"campfire_rested":0,"item_purchase_floors":[6,25,25,40,40,53,53,53],"current_hp_per_floor":[54,55,56,56,56,60,60,60,50,33,35,35,35,24,24,18,62,62,68,68,58,66,68,68,77,95,104,100,106,118,118,126,102,120,126,117,101,121,121,112,112,99,83,92,78,48,54,63,66,65,120,128,128,137,140],"gold":23,"neow_bonus":"ONE_RANDOM_RARE_CARD","is_daily":false,"chose_seed":false,"campfire_upgraded":4,"win_rate":0.0,"timestamp":1610014724,"path_taken":["R","M","M","M","?","$","T","?","M","E","?","R","?","E","M","BOSS","R","M","M","?","M","E","T","$","M","R","M","E","R","?","M","BOSS","R","M","?","?","?","$","T","E","?","R","?","E","E","M","M","BOSS","E","$","R","BOSS"],"items_purchased_type":["Relic","Relic","Relic","Relic","Card","Relic","Potion","Potion"],"build_version":"2020-12-22","purchased_purges":2,"victory":true,"max_hp_per_floor":[60,60,60,60,60,60,60,60,64,68,72,72,72,76,76,76,76,76,80,84,92,92,92,92,92,104,104,108,108,118,118,126,126,126,126,130,138,121,121,121,121,125,129,129,138,138,138,138,138,138,138,138,138,138,142],"card_choices":[{"not_picked":["Slimebound:SplitLeeching","Slimebound:ViciousTackle","Slimebound:FlameTackle"],"picked":"SKIP","floor":2.0},{"not_picked":["Slimebound:LeechEnergy","Slimebound:SlimeSpikes","Slimebound:Schlurp"],"picked":"SKIP","floor":3.0},{"not_picked":["Slimebound:DisruptingSlam","Slimebound:SlimeBrawl"],"picked":"Slimebound:MassFeed","floor":4.0},{"not_picked":["Slimebound:Repurpose","Slimebound:PressTheAttack","Slimebound:FinishingTackle"],"picked":"SKIP","floor":6.0},{"not_picked":["Slimebound:ComboTackle","Slimebound:SlimeSpikes","Slimebound:Repurpose"],"picked":"SKIP","floor":9.0},{"not_picked":["Slimebound:SlimeSpikes","Slimebound:FinishingTackle","Slimebound:PressTheAttack"],"picked":"SKIP","floor":10.0},{"not_picked":["Slimebound:GrowthPunch","Slimebound:GoopSpray"],"picked":"Slimebound:SplitMire","floor":11.0},{"not_picked":["Slimebound:HauntingLick","Slimebound:TongueLash","Slimebound:Schlurp"],"picked":"SKIP","floor":14.0},{"not_picked":["Slimebound:SlimeSpikes","Slimebound:SlimeTap","Slimebound:MegaLick"],"picked":"SKIP","floor":15.0},{"not_picked":["Slimebound:OozeBath","Slimebound:CheckThePlaybook"],"picked":"Slimebound:DuplicatedForm","floor":16.0},{"not_picked":["Slimebound:FlameTackle+1","Slimebound:ComboTackle"],"picked":"Slimebound:Recollect","floor":19.0},{"not_picked":["Slimebound:SplitLeeching","Slimebound:Grow","Slimebound:SplitBruiser"],"picked":"SKIP","floor":20.0},{"not_picked":["Slimebound:RollThrough","Slimebound:ComboTackle"],"picked":"Slimebound:LivingWall+1","floor":21.0},{"not_picked":["Slimebound:SplitMire","Slimebound:FlameTackle","Slimebound:SplitAcid"],"picked":"SKIP","floor":22.0},{"not_picked":["Slimebound:ComboTackle+1","Slimebound:SplitAcid"],"picked":"Slimebound:LeadByExample+1","floor":23.0},{"not_picked":["Slimebound:FlameTackle+1","Slimebound:Gluttony"],"picked":"Slimebound:Overexert","floor":25.0},{"not_picked":["Slimebound:BestDefense+1","Slimebound:AcidTongue","Slimebound:SamplingLick+1"],"picked":"SKIP","floor":26.0},{"not_picked":["Slimebound:LeechEnergy","Slimebound:RollThrough","Slimebound:Dissolve+1"],"picked":"SKIP","floor":28.0},{"not_picked":["Slimebound:ServeAndProtect+1","Slimebound:SlimeBarrage","Slimebound:GrowthPunch"],"picked":"SKIP","floor":29.0},{"not_picked":["Slimebound:ServeAndProtect+1","Slimebound:SlimeTap","Slimebound:LeadByExample"],"picked":"SKIP","floor":32.0},{"not_picked":["Slimebound:SlimeSlap","Slimebound:Recycling"],"picked":"Slimebound:SelfFormingGoo","floor":33.0},{"not_picked":["Slimebound:LivingWall","Slimebound:LeechEnergy"],"picked":"Slimebound:Prepare","floor":36},{"not_picked":["Slimebound:ItLooksTasty+1","Slimebound:RollThrough","Slimebound:RejuvenatingLick"],"picked":"SKIP","floor":40},{"not_picked":["Slimebound:Repurpose+1","Slimebound:FirmFortitude","Slimebound:SplitAcid+1"],"picked":"SKIP","floor":42},{"not_picked":["Slimebound:Repurpose+1","Slimebound:FirmFortitude","Slimebound:SplitAcid+1"],"picked":"SKIP","floor":42},{"not_picked":["Slimebound:FinishingTackle+1","Slimebound:SamplingLick"],"picked":"Slimebound:SlimeBarrage+1","floor":43},{"not_picked":["Slimebound:ComboTackle+1","Slimebound:HauntingLick","Slimebound:Nibble"],"picked":"SKIP","floor":45},{"not_picked":["Slimebound:SplitBruiser+1","Slimebound:Equalize","Slimebound:Schlurp+1"],"picked":"SKIP","floor":46},{"not_picked":["Slimebound:LeechingTouch+1","Slimebound:TongueLash+1"],"picked":"Slimebound:LevelUp","floor":47},{"not_picked":["Slimebound:ViciousTackle","Slimebound:SplitMire+1"],"picked":"Slimebound:LevelUp","floor":48},{"not_picked":["Slimebound:LeechingTouch+1","Slimebound:ServeAndProtect","Slimebound:ProtectTheBoss+1"],"picked":"SKIP","floor":49},{"not_picked":["Slimebound:LeechLife","Slimebound:ForwardTackle+1","Slimebound:LeechEnergy+1"],"picked":"SKIP","floor":52}],"player_experience":454366,"relics_obtained":[{"floor":7.0,"key":"Whetstone"},{"floor":8.0,"key":"Blue Candle"},{"floor":10.0,"key":"Bronze Scales"},{"floor":14.0,"key":"Mummified Hand"},{"floor":21.0,"key":"Shovel"},{"floor":21.0,"key":"Eternal Feather"},{"floor":23.0,"key":"sneckomod:BlankCard"},{"floor":29.0,"key":"WingedGreaves"},{"floor":37,"key":"Peace Pipe"},{"floor":39,"key":"Regal Pillow"},{"floor":41,"key":"White Beast Statue"},{"floor":42,"key":"Dream Catcher"},{"floor":42,"key":"Ice Cream"},{"floor":46,"key":"Meat on the Bone"},{"floor":46,"key":"Slimebound:SlimedSkullRelic"},{"floor":47,"key":"Blood Vial"},{"floor":47,"key":"Happy Flower"},{"floor":52,"key":"Boot"},{"floor":52,"key":"CaptainsWheel"}],"event_choices":[{"damage_healed":0.0,"max_hp_gain":0.0,"max_hp_loss":0.0,"gold_gain":0.0,"event_name":"Wheel of Change","player_choice":"Relic","floor":8.0,"gold_loss":0.0,"damage_taken":0.0},{"damage_healed":0,"gold_gain":0,"player_choice":"Fight","damage_taken":0,"max_hp_gain":0,"max_hp_loss":0,"event_name":"Mysterious Sphere","floor":37,"gold_loss":0}],"is_beta":false,"boss_relics":[{"not_picked":["Slimebound:AbsorbEndCombatUpgraded","Runic Dome"],"picked":"Coffee Dripper"},{"not_picked":["Calling Bell","Philosopher\u0027s Stone"],"picked":"Black Star"}],"items_purged_floors":[6,40],"is_endless":false,"potions_floor_spawned":[2,4,9,15,19,22,23,29,37,42,43,45,46,47,48,49,52],"ascension_level":8}}