{"host":"Jedit","time":1610051483,"event":{"mods":["BaseMod","Minty Spire (QoL Compilation)","Relic Stats","StSLib"],"gold_per_floor":[114,114,130,147,161,187,187,187,187,197,197,197],"floor_reached":11,"playtime":332,"items_purged":[],"score":150,"play_id":"6aa5b217-690a-4abf-8b7d-4ccd888fe077","local_time":"20210107203123","is_ascension_mode":true,"campfire_choices":[{"floor":8.0,"key":"REST"}],"circlet_count":0,"master_deck":["AscendersBane","Strike_G","Strike_G","Strike_G","Strike_G","Strike_G","Defend_G","Defend_G","Defend_G","Defend_G","Defend_G","Survivor","Neutralize","Deadly Poison","Calculated Gamble","Reflex","Quick Slash","Underhanded Strike","Pain","Die Die Die"],"relics":["Ring of the Snake","NeowsBlessing","Meat on the Bone","WarpedTongs","White Beast Statue"],"acts_visited":["Exordium"],"potions_floor_usage":[11],"damage_taken":[{"damage":0.0,"enemies":"Jaw Worm","floor":1.0,"turns":1.0},{"damage":0.0,"enemies":"Cultist","floor":3.0,"turns":1.0},{"damage":0.0,"enemies":"Small Slimes","floor":4.0,"turns":1.0},{"damage":12.0,"enemies":"Red Slaver","floor":5.0,"turns":8.0},{"damage":35.0,"enemies":"Lagavulin","floor":6.0,"turns":10.0},{"damage":11.0,"enemies":"Exordium Thugs","floor":10.0,"turns":4.0},{"damage":18,"enemies":"3 Sentries","floor":11,"turns":3}],"seed_played":"-5931954650205270158","potions_obtained":[{"floor":3.0,"key":"Dexterity Potion"},{"floor":4.0,"key":"FearPotion"},{"floor":6.0,"key":"AttackPotion"},{"floor":10.0,"key":"Ancient Potion"}],"is_trial":false,"path_per_floor":["M","?","M","M","M","E","?","R","T","M","E"],"character_chosen":"THE_SILENT","items_purchased":[],"campfire_rested":1,"item_purchase_floors":[],"current_hp_per_floor":[59,50,50,50,38,3,3,22,22,23,5,5],"gold":197,"neow_bonus":"THREE_ENEMY_KILL","is_daily":false,"chose_seed":false,"campfire_upgraded":0,"win_rate":0.0,"timestamp":1610051483,"path_taken":["M","?","?","M","?","E","?","R","T","?","E"],"items_purchased_type":[],"build_version":"2020-12-18","purchased_purges":0,"victory":false,"max_hp_per_floor":[66,66,66,66,66,66,66,66,66,66,66,66],"relic_stats":{"counters":[7,28],"obtain_stats":[{"NeowsBlessing":0,"White Beast Statue":9,"Ring of the Snake":0,"Meat on the Bone":6,"WarpedTongs":7},{"NeowsBlessing":0,"White Beast Statue":5,"Ring of the Snake":0,"Meat on the Bone":5,"WarpedTongs":5},{"NeowsBlessing":0,"White Beast Statue":21,"Ring of the Snake":0,"Meat on the Bone":21,"WarpedTongs":21}],"Ring of the Snake":[14],"Meat on the Bone":12,"WarpedTongs":[7]},"card_choices":[{"not_picked":["Deflect","Underhanded Strike"],"picked":"Deadly Poison","floor":1.0},{"not_picked":["Choke","Outmaneuver"],"picked":"Calculated Gamble","floor":3.0},{"not_picked":["Infinite Blades","Quick Slash"],"picked":"Reflex","floor":4.0},{"not_picked":["Dodge and Roll","PiercingWail"],"picked":"Quick Slash","floor":5.0},{"not_picked":["Quick Slash","Distraction"],"picked":"Underhanded Strike","floor":6.0},{"not_picked":["Masterful Stab","Outmaneuver"],"picked":"Die Die Die","floor":10.0}],"player_experience":3445377,"relics_obtained":[{"floor":6.0,"key":"Meat on the Bone"},{"floor":9.0,"key":"White Beast Statue"}],"event_choices":[{"damage_healed":0.0,"max_hp_gain":0.0,"max_hp_loss":0.0,"gold_gain":0.0,"event_name":"Wheel of Change","player_choice":"Damaged","floor":2.0,"gold_loss":0.0,"damage_taken":9.0},{"damage_healed":0.0,"max_hp_gain":0.0,"max_hp_loss":0.0,"gold_gain":0.0,"event_name":"Accursed Blacksmith","player_choice":"Rummage","floor":7.0,"gold_loss":0.0,"damage_taken":0.0,"relics_obtained":["WarpedTongs"],"cards_obtained":["Pain"]}],"is_beta":true,"boss_relics":[],"items_purged_floors":[],"is_endless":false,"potions_floor_spawned":[3,4,6,10],"killed_by":"3 Sentries","ascension_level":20}}