{"host":"ty2cix8xj6r3ad26","time":1610036382,"event":{"mods":["AchievementEnabler","BaseMod","BetterRewards","Minty Spire (QoL Compilation)","Replay The Spire","StSLib","SuperFastMode"],"gold_per_floor":[119,194,205,205,205,230,230,242,242,242,263,283,283,283,283,413,413,426,224,194,44,58,98,98,98,123,89,89,89,133,149,149,269,269,290,290,303,128,211,249,249,249,249,288,288,621,656,670,670,670,670,670,60,85,85],"floor_reached":56,"playtime":4289,"items_purged":["Strike_B","Defend_B","Strike_B","Defend_B","Looming Evil","Defend_B"],"score":2571,"play_id":"780e6ec6-d166-4f2a-909f-79de2a612031","local_time":"20210107181942","is_ascension_mode":true,"campfire_choices":[{"data":"Self Repair","floor":7,"key":"SMITH"},{"data":"Storm","floor":10,"key":"SMITH"},{"data":"Glacier","floor":13,"key":"SMITH"},{"floor":15,"key":"DIG"},{"data":"Creative AI","floor":25,"key":"SMITH"},{"data":"Barrage","floor":29,"key":"SMITH"},{"floor":32,"key":"RECALL"},{"data":"FIFO Queue","floor":42,"key":"SMITH"},{"data":"Loop","floor":45,"key":"SMITH"},{"data":"Echo Form","floor":49,"key":"SMITH"},{"data":"Electrodynamics","floor":52,"key":"SMITH"}],"circlet_count":0,"master_deck":["Strike_B","Zap+1","Dualcast","Undo","Self Repair+1","Storm+1","BootSequence","Glacier+1","Creative AI+1","Loop+1","Defragment+1","Barrage+1","Glacier","Electrodynamics+1","FIFO Queue+1","Echo Form+1"],"relics":["Cracked Core","Replay:Rubber Ducky","Lantern","Ginger","Orichalcum","Pantograph","Odd Mushroom","Eternal Feather","Runic Dome","Boot","Juzu Bracelet","Nunchaku","Velvet Choker","Pen Nib","Toxic Egg 2","Blue Doll","Akabeko","Gambling Chip","Symbiotic Virus","Sling","ReplayTheSpireMod:TigerMarble"],"acts_visited":["Exordium","TheCity","TheBeyond","TheEnding"],"potions_floor_usage":[6,11,23,30,33,40,47,54,55,55],"damage_taken":[{"damage":2,"enemies":"Jaw Worm","floor":1,"turns":3},{"damage":2,"enemies":"2 Louse","floor":3,"turns":2},{"damage":12,"enemies":"Lagavulin","floor":6,"turns":8},{"damage":0,"enemies":"Cultist","floor":8,"turns":3},{"damage":7,"enemies":"The Mushroom Lair","floor":11,"turns":4},{"damage":0,"enemies":"Blue Slaver","floor":12,"turns":3},{"damage":63,"enemies":"Slime Boss","floor":16,"turns":25},{"damage":2,"enemies":"2 Thieves","floor":18,"turns":5},{"damage":0,"enemies":"Shell Parasite","floor":22,"turns":6},{"damage":0,"enemies":"Book of Stabbing","floor":23,"turns":5},{"damage":9,"enemies":"Slavers","floor":30,"turns":4},{"damage":0,"enemies":"Snake Plant","floor":31,"turns":3},{"damage":0,"enemies":"Pondfish","floor":33,"turns":7},{"damage":0,"enemies":"Orb Walker","floor":35,"turns":3},{"damage":0,"enemies":"3 Shapes","floor":37,"turns":4},{"damage":2,"enemies":"R_Hoarder","floor":40,"turns":5},{"damage":0,"enemies":"Giant Head","floor":44,"turns":5},{"damage":8,"enemies":"Reptomancer","floor":47,"turns":5},{"damage":0,"enemies":"3 Darklings","floor":48,"turns":4},{"damage":12,"enemies":"Time Eater","floor":50,"turns":8},{"damage":22,"enemies":"Shield and Spear","floor":54,"turns":3},{"damage":65,"enemies":"The Heart","floor":55,"turns":7}],"seed_played":"-2461862361250100354","potions_obtained":[{"floor":3,"key":"Regen Potion"},{"floor":8,"key":"DuplicationPotion"},{"floor":12,"key":"DuplicationPotion"},{"floor":20,"key":"SpeedPotion"},{"floor":20,"key":"GamblersBrew"},{"floor":22,"key":"Doom Potion"},{"floor":31,"key":"Adrenaline Potion"},{"floor":39,"key":"SneckoOil"},{"floor":39,"key":"BlessingOfTheForge"},{"floor":39,"key":"PowerPotion"},{"floor":44,"key":"Block Potion"},{"floor":47,"key":"FocusPotion"}],"is_trial":false,"path_per_floor":["M","?","M","?","?","E","R","M","T","R","?","M","R","?","R","B",null,"M","$","?","$","M","E","?","R","T","$","?","R","E","M","R","B",null,"M","?","M","$","?","E","T","R","T","E","R","?","E","M","R","B",null,"R","$","E","B",null],"character_chosen":"DEFECT","items_purchased":["Replay:Rubber Ducky","Lantern","Defragment+1","Boot","FIFO Queue","Symbiotic Virus","Sling"],"campfire_rested":0,"item_purchase_floors":[0,0,19,21,27,53,53],"current_hp_per_floor":[26,15,13,38,38,41,41,51,51,51,54,64,64,46,46,18,61,69,69,69,69,75,75,75,75,75,75,75,75,75,75,75,75,75,75,70,70,70,52,60,60,69,69,75,75,75,75,75,75,73,75,75,75,63,20],"gold":85,"neow_bonus":"","is_daily":false,"chose_seed":false,"campfire_upgraded":9,"win_rate":0.0,"timestamp":1610036382,"path_taken":["M","?","M","?","?","E","R","?","T","R","?","M","R","?","R","BOSS","M","$","?","$","?","E","?","R","T","$","?","R","E","M","R","BOSS","M","?","M","$","?","E","?","R","T","E","R","?","E","M","R","BOSS","R","$","E","BOSS"],"items_purchased_type":["Relic","Relic","Card","Relic","Card","Relic","Relic"],"build_version":"2020-12-22","purchased_purges":6,"victory":true,"max_hp_per_floor":[75,75,75,75,75,75,75,75,75,75,75,75,75,75,75,75,75,75,75,75,75,75,75,75,75,75,75,75,75,75,75,75,75,75,75,75,75,75,75,75,75,75,75,75,75,75,75,75,75,75,75,75,75,75,75],"card_choices":[{"not_picked":["Stack","Leap","Skim"],"picked":"SKIP","floor":1},{"not_picked":["Barrage","Streamline"],"picked":"Undo","floor":3},{"not_picked":["Leap","ReplayTheSpireMod:GoodbyeWorld"],"picked":"Self Repair","floor":6},{"not_picked":["Blizzard","Sweeping Beam"],"picked":"Storm","floor":8},{"not_picked":["Sweeping Beam","Reboot"],"picked":"BootSequence","floor":11},{"not_picked":["Blizzard","Go for the Eyes"],"picked":"Glacier","floor":12},{"not_picked":["Mirror Shield","Multi-Cast"],"picked":"Creative AI","floor":16},{"not_picked":["Go for the Eyes","Cold Snap+1"],"picked":"Loop","floor":18},{"not_picked":["Panic Button","Ball Lightning","Beam Cell+1"],"picked":"SKIP","floor":22},{"not_picked":["Hologram","ReplayTheSpireMod:Repulse"],"picked":"Barrage","floor":23},{"not_picked":["ReplayRNGCard","White Noise","Electrodynamics"],"picked":"SKIP","floor":30},{"not_picked":["Coolheaded+1","Skim","Stack"],"picked":"SKIP","floor":31},{"not_picked":["All For One","Reboot"],"picked":"Echo Form","floor":33},{"not_picked":["Chaos","Turbo+1","Leap+1"],"picked":"SKIP","floor":35},{"not_picked":["ReplaySolidLightProjector","Hologram+1","Barrage"],"picked":"SKIP","floor":37},{"not_picked":["Rebound","ReplayTheSpireMod:Repulse+1","Defragment"],"picked":"SKIP","floor":40},{"not_picked":["Cold Snap","Melter+1","Coolheaded+1"],"picked":"SKIP","floor":44},{"not_picked":["Cold Snap","Melter+1","Coolheaded+1"],"picked":"SKIP","floor":44},{"not_picked":["Echo Form","Barrage+1","BasicCrystalCard+1"],"picked":"SKIP","floor":47},{"not_picked":["Steam+1","ReplayTheSpireMod:Reroute Power+1","Streamline"],"picked":"SKIP","floor":48},{"not_picked":["Barrage+1","Beam Cell+1","Gash+1"],"picked":"SKIP","floor":54}],"player_experience":442930,"relics_obtained":[{"floor":6,"key":"Orichalcum"},{"floor":9,"key":"Pantograph"},{"floor":11,"key":"Odd Mushroom"},{"floor":15,"key":"Eternal Feather"},{"floor":23,"key":"Juzu Bracelet"},{"floor":30,"key":"Nunchaku"},{"floor":40,"key":"Pen Nib"},{"floor":41,"key":"Toxic Egg 2"},{"floor":43,"key":"Blue Doll"},{"floor":44,"key":"Akabeko"},{"floor":47,"key":"Gambling Chip"},{"floor":54,"key":"ReplayTheSpireMod:TigerMarble"}],"event_choices":[{"damage_healed":0,"gold_gain":75,"player_choice":"Gather Gold","damage_taken":11,"max_hp_gain":0,"max_hp_loss":0,"event_name":"World of Goop","floor":2,"gold_loss":0},{"damage_healed":25,"gold_gain":0,"player_choice":"Banana","damage_taken":0,"max_hp_gain":0,"max_hp_loss":0,"event_name":"Big Fish","floor":4,"gold_loss":0},{"damage_healed":0,"gold_gain":0,"player_choice":"Forge","damage_taken":0,"max_hp_gain":0,"max_hp_loss":0,"event_name":"Accursed Blacksmith","floor":5,"gold_loss":0,"cards_upgraded":["Zap"]},{"damage_healed":0,"gold_gain":0,"player_choice":"Fought Mushrooms","damage_taken":0,"max_hp_gain":0,"max_hp_loss":0,"event_name":"Mushrooms","floor":11,"gold_loss":0},{"damage_healed":0,"gold_gain":0,"player_choice":"Take Damage","damage_taken":18,"relics_obtained":["Golden Idol"],"max_hp_gain":0,"max_hp_loss":0,"event_name":"Golden Idol","floor":14,"gold_loss":0},{"damage_healed":0,"gold_gain":0,"player_choice":"Bought 2 Potions","damage_taken":0,"max_hp_gain":0,"max_hp_loss":0,"event_name":"The Woman in Blue","floor":20,"gold_loss":0},{"damage_healed":0,"gold_gain":0,"cards_transformed":["Defend_B","Strike_B"],"player_choice":"Became Test Subject","damage_taken":0,"max_hp_gain":0,"max_hp_loss":0,"event_name":"Drug Dealer","floor":24,"gold_loss":0,"cards_obtained":["Glacier","Electrodynamics"]},{"damage_healed":0,"gold_gain":0,"player_choice":"Memory 2","damage_taken":5,"max_hp_gain":0,"max_hp_loss":0,"event_name":"SensoryStone","floor":36,"gold_loss":0},{"damage_healed":0,"gold_gain":333,"player_choice":"Gave Idol","damage_taken":0,"max_hp_gain":0,"max_hp_loss":0,"event_name":"The Moai Head","floor":46,"relics_lost":["Golden Idol"],"gold_loss":0}],"is_beta":false,"boss_relics":[{"not_picked":["Ring of Chaos","Replay:Bronze Core"],"picked":"Runic Dome"},{"not_picked":["Painkiller Herb","Pandora\u0027s Box"],"picked":"Velvet Choker"}],"items_purged_floors":[0,0,0,19,38,53],"is_endless":false,"potions_floor_spawned":[3,8,12,22,31,44,47],"ascension_level":8}}