{"host":"ue7jlgf7uv134an9","time":1610006259,"event":{"mods":["BaseMod","Better Third Choice","Defuse TimeMaze Blight","Minty Spire (QoL Compilation)","Quick Restart","Rare Cards Sparkle","Relic Stats","StSLib","UnlockEverythingMod"],"gold_per_floor":[111,111,59,74,44,71,71,90,141,171,171,185,196,228,228,302,302,321,321,331,89,99,134,134,166,166,166,183,202,38,69,69,145,145,158,210,210,20,20,20,20,20],"floor_reached":41,"playtime":1645,"items_purged":["Unload"],"score":1059,"play_id":"075e1e7d-4227-4ab0-8bf7-dea9d6c4d6d6","local_time":"20210107025739","is_ascension_mode":true,"campfire_choices":[{"data":"Catalyst","floor":7,"key":"SMITH"},{"data":"Deadly Poison","floor":11,"key":"SMITH"},{"floor":15,"key":"REST"},{"floor":24,"key":"REST"},{"floor":32,"key":"REST"},{"data":"Catalyst","floor":40,"key":"SMITH"}],"circlet_count":0,"master_deck":["AscendersBane","Survivor","Neutralize","Catalyst+1","Calculated Gamble","Tools of the Trade","Expertise","Outmaneuver","Adrenaline","Backflip","Leg Sweep","Dagger Spray","Deadly Poison+1","Catalyst+1","Slice","Poisoned Stab","Die Die Die","Bane","After Image","Deadly Poison","Predator","Noxious Fumes","Sucker Punch","PiercingWail+1","Footwork","Ghostly","Ghostly","Ghostly","Blur+1","Masterful Stab+1","Envenom","CurseOfTheBell","Calculated Gamble+1","Corpse Explosion","Apotheosis"],"relics":["Pandora\u0027s Box","Bronze Scales","Regal Pillow","Dream Catcher","Happy Flower","Lizard Tail","Cursed Key","Ornamental Fan","Bag of Marbles","TwistedFunnel","Bag of Preparation","Calling Bell","Blood Vial","Ninja Scroll","Prayer Wheel","Ginger"],"acts_visited":["Exordium","TheCity","TheBeyond"],"potions_floor_usage":[10,10,23,23,28,33,36],"damage_taken":[{"damage":1,"enemies":"Jaw Worm","floor":1,"turns":5},{"damage":0,"enemies":"Cultist","floor":4,"turns":3},{"damage":6,"enemies":"Lagavulin","floor":6,"turns":6},{"damage":0,"enemies":"Small Slimes","floor":8,"turns":3},{"damage":2,"enemies":"3 Sentries","floor":10,"turns":5},{"damage":0,"enemies":"Exordium Thugs","floor":12,"turns":3},{"damage":5,"enemies":"2 Fungi Beasts","floor":13,"turns":3},{"damage":10,"enemies":"Gremlin Nob","floor":14,"turns":3},{"damage":0,"enemies":"Slime Boss","floor":16,"turns":3},{"damage":0,"enemies":"3 Byrds","floor":18,"turns":3},{"damage":0,"enemies":"Chosen","floor":20,"turns":2},{"damage":0,"enemies":"Snecko","floor":22,"turns":2},{"damage":46,"enemies":"Slavers","floor":23,"turns":3},{"damage":7,"enemies":"Gremlin Leader","floor":25,"turns":6},{"damage":11,"enemies":"Centurion and Healer","floor":28,"turns":5},{"damage":6,"enemies":"Snake Plant","floor":29,"turns":4},{"damage":9,"enemies":"Book of Stabbing","floor":31,"turns":4},{"damage":24,"enemies":"Collector","floor":33,"turns":5},{"damage":0,"enemies":"Orb Walker","floor":35,"turns":2},{"damage":39,"enemies":"2 Orb Walkers","floor":36,"turns":6},{"damage":42,"enemies":"Nemesis","floor":41,"turns":2}],"seed_played":"5497491153914138412","potions_obtained":[{"floor":5,"key":"EssenceOfSteel"},{"floor":5,"key":"SneckoOil"},{"floor":10,"key":"BlessingOfTheForge"},{"floor":12,"key":"PowerPotion"},{"floor":28,"key":"Fruit Juice"},{"floor":29,"key":"Poison Potion"},{"floor":33,"key":"SpeedPotion"},{"floor":36,"key":"BlessingOfTheForge"},{"floor":39,"key":"Fire Potion"}],"is_trial":false,"path_per_floor":["M","?","$","M","?","E","R","M","T","E","R","M","M","E","R","B",null,"M","?","M","$","M","E","R","E","T","?","M","M","$","E","R","B",null,"M","?","?","$","?","R","E"],"character_chosen":"THE_SILENT","items_purchased":["Deadly Poison","Predator","Noxious Fumes","TwistedFunnel","Apotheosis"],"campfire_rested":3,"item_purchase_floors":[3,21,21,30,38],"current_hp_per_floor":[58,58,58,58,58,52,52,52,52,50,50,50,45,35,66,66,66,66,48,48,48,48,2,38,31,31,31,25,19,19,10,37,13,33,35,20,33,33,33,33,0,0],"gold":20,"neow_bonus":"BOSS_RELIC","is_daily":false,"chose_seed":false,"campfire_upgraded":3,"win_rate":0.0,"timestamp":1610006259,"path_taken":["M","?","?","M","?","E","R","M","T","E","R","M","M","E","R","BOSS","M","?","M","$","M","E","R","E","T","?","M","M","?","E","R","BOSS","M","?","?","?","?","R","E"],"items_purchased_type":["Card","Card","Card","Relic","Card"],"build_version":"2020-12-22","purchased_purges":1,"victory":false,"max_hp_per_floor":[66,66,66,66,66,66,66,66,66,66,66,66,66,66,66,66,66,66,71,71,71,71,71,71,71,71,35,40,40,40,40,40,40,40,40,40,33,33,33,33,33,33],"relic_stats":{"Regal Pillow":42,"Happy Flower":[18],"counters":[21,78],"Bag of Preparation":[8],"Ginger":[0],"Cursed Key":0,"Blood Vial":4,"Dream Catcher":3,"Lizard Tail":20,"Ornamental Fan":[32],"Bronze Scales":[198],"Pandora\u0027s Box":["Unload","Catalyst","Calculated Gamble","Tools of the Trade","Expertise","Outmaneuver","Adrenaline","Backflip","Leg Sweep","Dagger Spray"],"Prayer Wheel":1,"obtain_stats":[{"TwistedFunnel":30,"Regal Pillow":6,"Happy Flower":10,"Bag of Preparation":31,"Ginger":36,"Cursed Key":17,"Calling Bell":34,"Blood Vial":34,"Dream Catcher":9,"Lizard Tail":14,"Ornamental Fan":23,"Ninja Scroll":34,"Bronze Scales":2,"Pandora\u0027s Box":0,"Prayer Wheel":34,"Bag of Marbles":25,"Ring of the Snake":0},{"TwistedFunnel":16,"Regal Pillow":3,"Happy Flower":5,"Bag of Preparation":17,"Ginger":20,"Cursed Key":9,"Calling Bell":18,"Blood Vial":18,"Dream Catcher":4,"Lizard Tail":8,"Ornamental Fan":13,"Ninja Scroll":18,"Bronze Scales":1,"Pandora\u0027s Box":0,"Prayer Wheel":18,"Bag of Marbles":14,"Ring of the Snake":0},{"TwistedFunnel":59,"Regal Pillow":14,"Happy Flower":22,"Bag of Preparation":63,"Ginger":76,"Cursed Key":34,"Calling Bell":68,"Blood Vial":68,"Dream Catcher":17,"Lizard Tail":31,"Ornamental Fan":44,"Ninja Scroll":68,"Bronze Scales":5,"Pandora\u0027s Box":0,"Prayer Wheel":68,"Bag of Marbles":50,"Ring of the Snake":0}]},"card_choices":[{"not_picked":["Poisoned Stab","Dodge and Roll"],"picked":"Deflect","floor":1},{"not_picked":["Quick Slash","Choke","Outmaneuver"],"picked":"SKIP","floor":4},{"not_picked":["Underhanded Strike","Deflect"],"picked":"Catalyst","floor":6},{"not_picked":["Malaise","Underhanded Strike"],"picked":"Slice","floor":8},{"not_picked":["Prepared","Noxious Fumes","Accuracy"],"picked":"SKIP","floor":10},{"not_picked":["Cloak And Dagger","Blur","Dagger Throw"],"picked":"SKIP","floor":12},{"not_picked":["Deflect","Prepared"],"picked":"Poisoned Stab","floor":13},{"not_picked":["Noxious Fumes","Flying Knee"],"picked":"Die Die Die","floor":14},{"not_picked":["Outmaneuver","Blade Dance"],"picked":"Bane","floor":15},{"not_picked":["Phantasmal Killer","Die Die Die"],"picked":"After Image","floor":16},{"not_picked":["Poisoned Stab","PiercingWail"],"picked":"Deadly Poison","floor":18},{"not_picked":["Slice","Infinite Blades","Bullet Time"],"picked":"SKIP","floor":20},{"not_picked":["Outmaneuver","Dagger Throw"],"picked":"Sucker Punch","floor":22},{"not_picked":["Burst","Bane"],"picked":"PiercingWail+1","floor":23},{"not_picked":["Underhanded Strike","Dagger Spray"],"picked":"Footwork","floor":24},{"not_picked":["Backflip","Reflex","Blade Dance"],"picked":"SKIP","floor":25},{"not_picked":["Underhanded Strike","Die Die Die"],"picked":"Blur+1","floor":28},{"not_picked":["Tactician","Setup","Cloak And Dagger"],"picked":"SKIP","floor":29},{"not_picked":["Blur","Grand Finale","Sucker Punch"],"picked":"SKIP","floor":31},{"not_picked":["Distraction","Prepared"],"picked":"Masterful Stab+1","floor":32},{"not_picked":["Unload","Die Die Die"],"picked":"Envenom","floor":33},{"not_picked":["Dagger Throw","Backflip"],"picked":"Calculated Gamble+1","floor":35},{"not_picked":["PiercingWail","Infinite Blades","Eviscerate"],"picked":"SKIP","floor":35},{"not_picked":["Noxious Fumes","Finisher"],"picked":"Corpse Explosion","floor":36}],"player_experience":53867,"relics_obtained":[{"floor":6,"key":"Regal Pillow"},{"floor":9,"key":"Dream Catcher"},{"floor":10,"key":"Happy Flower"},{"floor":14,"key":"Lizard Tail"},{"floor":23,"key":"Ornamental Fan"},{"floor":25,"key":"Bag of Marbles"},{"floor":31,"key":"Bag of Preparation"},{"floor":34,"key":"Blood Vial"},{"floor":34,"key":"Ninja Scroll"},{"floor":34,"key":"Prayer Wheel"},{"floor":36,"key":"Ginger"}],"event_choices":[{"cards_removed":["Deflect"],"damage_healed":0,"gold_gain":0,"player_choice":"Gave Card","damage_taken":0,"relics_obtained":["Bronze Scales"],"max_hp_gain":0,"max_hp_loss":0,"event_name":"WeMeetAgain","floor":2,"gold_loss":0},{"damage_healed":0,"gold_gain":0,"player_choice":"Bought 2 Potions","damage_taken":0,"max_hp_gain":0,"max_hp_loss":0,"event_name":"The Woman in Blue","floor":5,"gold_loss":0},{"damage_healed":0,"gold_gain":0,"player_choice":"Shed Blood","damage_taken":23,"max_hp_gain":5,"max_hp_loss":0,"event_name":"Forgotten Altar","floor":19,"gold_loss":0},{"damage_healed":0,"gold_gain":0,"player_choice":"Became a Ghost","damage_taken":0,"max_hp_gain":0,"max_hp_loss":36,"event_name":"Ghosts","floor":27,"gold_loss":0,"cards_obtained":["Ghostly","Ghostly","Ghostly"]},{"damage_healed":0,"gold_gain":0,"player_choice":"Fight","damage_taken":0,"max_hp_gain":0,"max_hp_loss":0,"event_name":"Mysterious Sphere","floor":36,"gold_loss":0},{"damage_healed":33,"gold_gain":0,"player_choice":"Heal","damage_taken":0,"max_hp_gain":0,"max_hp_loss":7,"event_name":"The Moai Head","floor":37,"gold_loss":0},{"damage_healed":0,"gold_gain":0,"player_choice":"Got Potions","damage_taken":0,"max_hp_gain":0,"max_hp_loss":0,"event_name":"Lab","floor":39,"gold_loss":0}],"is_beta":false,"boss_relics":[{"not_picked":["Ectoplasm","WristBlade"],"picked":"Cursed Key"},{"not_picked":["Fusion Hammer","Runic Dome"],"picked":"Calling Bell"}],"items_purged_floors":[21],"is_endless":false,"potions_floor_spawned":[6,10,12,13,18,28,29,33,36],"killed_by":"Nemesis","ascension_level":20}}