{"host":"d2y4rmbezebiv8aj","time":1610061729,"event":{"mods":["AchievementEnabler","BaseMod","Bestiary","BetterRewards","Colored Map","Colored Powertips","Custom Start","Highlight Path","Minty Spire (QoL Compilation)","Quick Restart","Rare Cards Sparkle","Relic Sorter","Relic Stats","Shop Mod","Slay-I","StSLib","SuperFastMode"],"gold_per_floor":[112,125,137,148,167,36,1,16,16,16,35,35,35,70,70,191,191,212,212,311,311,336,336,410,136,162,178,192,231,251,294,294,415,415,429,429,448,335,356,356,169,193,193,193,193,193,224,242,242,242],"floor_reached":51,"playtime":3051,"items_purged":[],"score":1404,"play_id":"e25de2b9-422b-47e5-abda-606644389389","local_time":"20210108002209","is_ascension_mode":true,"campfire_choices":[{"floor":10.0,"key":"REST"},{"data":"Mayhem","floor":13.0,"key":"SMITH"},{"data":"Magnetism","floor":15.0,"key":"SMITH"},{"data":"Backstab","floor":23.0,"key":"SMITH"},{"data":"Footwork","floor":32.0,"key":"SMITH"},{"data":"Footwork","floor":40.0,"key":"SMITH"},{"floor":49.0,"key":"REST"}],"circlet_count":0,"master_deck":["Strike_G","Strike_G","Strike_G","Strike_G","Strike_G","Defend_G","Defend_G","Defend_G","Defend_G","Survivor","Neutralize","Mayhem+1","Footwork+1","Cloak And Dagger","Poisoned Stab","Well Laid Plans","PanicButton","Magnetism+1","Backstab+1","Flying Knee","Sucker Punch","Cloak And Dagger","Underhanded Strike","Outmaneuver","Deflect","Injury","Backflip","CurseOfTheBell","Mayhem+1","Footwork+1","Cloak And Dagger","Cloak And Dagger+1","Calculated Gamble+1","Envenom","Acrobatics+1","Backstab","Swift Strike","Parasite"],"relics":["Ring of the Snake","Membership Card","Oddly Smooth Stone","Mummified Hand","Ornamental Fan","Kunai","Golden Idol","Singing Bowl","Calling Bell","Tiny Chest","Eternal Feather","Torii","Blue Candle","DollysMirror","PreservedInsect","Strawberry","Boot","Toxic Egg 2","WristBlade","Blood Vial","Vajra","Sling","HornCleat","Bag of Preparation","Bronze Scales"],"acts_visited":["Exordium","TheCity","TheBeyond"],"potions_floor_usage":[50,50],"damage_taken":[{"damage":2.0,"enemies":"Cultist","floor":1.0,"turns":4.0},{"damage":6.0,"enemies":"Jaw Worm","floor":2.0,"turns":4.0},{"damage":4.0,"enemies":"Small Slimes","floor":3.0,"turns":4.0},{"damage":9.0,"enemies":"Blue Slaver","floor":4.0,"turns":4.0},{"damage":0.0,"enemies":"Large Slime","floor":5.0,"turns":7.0},{"damage":4.0,"enemies":"Exordium Thugs","floor":8.0,"turns":5.0},{"damage":3.0,"enemies":"2 Fungi Beasts","floor":11.0,"turns":4.0},{"damage":6.0,"enemies":"3 Sentries","floor":14.0,"turns":8.0},{"damage":11.0,"enemies":"Hexaghost","floor":16.0,"turns":10.0},{"damage":22.0,"enemies":"3 Byrds","floor":18.0,"turns":8.0},{"damage":9.0,"enemies":"Spheric Guardian","floor":22.0,"turns":6.0},{"damage":10.0,"enemies":"Centurion and Healer","floor":27.0,"turns":13.0},{"damage":8.0,"enemies":"Snake Plant","floor":28.0,"turns":5.0},{"damage":6.0,"enemies":"Book of Stabbing","floor":29.0,"turns":7.0},{"damage":14.0,"enemies":"Sentry and Sphere","floor":30.0,"turns":9.0},{"damage":9.0,"enemies":"Centurion and Healer","floor":31.0,"turns":8.0},{"damage":22.0,"enemies":"Automaton","floor":33.0,"turns":11.0},{"damage":1.0,"enemies":"Orb Walker","floor":35.0,"turns":4.0},{"damage":11.0,"enemies":"3 Darklings","floor":37.0,"turns":12.0},{"damage":3.0,"enemies":"Maw","floor":39.0,"turns":9.0},{"damage":33.0,"enemies":"Sphere and 2 Shapes","floor":42.0,"turns":8.0},{"damage":0.0,"enemies":"Jaw Worm Horde","floor":46.0,"turns":1.0},{"damage":1.0,"enemies":"Reptomancer","floor":47.0,"turns":7.0},{"damage":14.0,"enemies":"Writhing Mass","floor":48.0,"turns":9.0},{"damage":83,"enemies":"Donu and Deca","floor":50,"turns":11}],"seed_played":"3679837825809067708","potions_obtained":[{"floor":2.0,"key":"ColorlessPotion"},{"floor":3.0,"key":"EssenceOfSteel"},{"floor":4.0,"key":"SteroidPotion"},{"floor":8.0,"key":"GamblersBrew"},{"floor":11.0,"key":"FearPotion"},{"floor":16.0,"key":"Explosive Potion"},{"floor":22.0,"key":"Fire Potion"},{"floor":27.0,"key":"DuplicationPotion"},{"floor":29.0,"key":"Fruit Juice"},{"floor":39.0,"key":"DuplicationPotion"},{"floor":42.0,"key":"SmokeBomb"},{"floor":48.0,"key":"BlessingOfTheForge"}],"is_trial":false,"path_per_floor":["M","M","M","M","M","$","?","M","T","R","M","?","R","E","R","B",null,"M","?","?","?","M","R","T","$","T","M","M","E","M","M","R","B",null,"M","?","M","$","M","R","$","M","T","?","T","M","E","M","R","B",null],"character_chosen":"THE_SILENT","items_purchased":["Mayhem","Footwork","Membership Card","Oddly Smooth Stone","Cloak And Dagger","Ornamental Fan","DollysMirror","PreservedInsect","Strawberry","Footwork","Cloak And Dagger","Blood Vial","Backstab","Vajra","Sling","Swift Strike"],"campfire_rested":2,"item_purchase_floors":[0,0,0,0,0,6,25,25,25,25,25,38,38,41,41,41],"current_hp_per_floor":[47,41,37,28,28,28,45,41,41,62,59,59,59,53,53,44,65,45,69,69,69,62,76,76,83,83,75,69,63,51,47,65,43,81,80,80,71,71,72,93,93,64,64,64,64,66,69,59,104,21],"gold":242,"neow_bonus":"","is_daily":false,"chose_seed":false,"campfire_upgraded":5,"win_rate":0.0,"timestamp":1610061729,"path_taken":["M","M","M","?","M","$","?","M","T","R","M","?","R","E","R","BOSS","M","?","?","?","M","R","?","$","T","?","M","E","M","M","R","BOSS","M","?","M","$","M","R","$","M","T","?","?","M","E","M","R","BOSS"],"items_purchased_type":["Card","Card","Relic","Relic","Card","Relic","Relic","Relic","Relic","Card","Card","Relic","Card","Relic","Relic","Card"],"build_version":"2020-12-22","purchased_purges":0,"victory":true,"max_hp_per_floor":[70,70,70,70,70,70,70,70,70,70,70,70,70,70,70,72,72,74,74,74,74,76,76,76,83,83,85,87,87,89,94,94,94,94,94,94,96,96,98,98,98,100,100,100,100,100,102,104,104,104],"relic_stats":{"Singing Bowl":22,"Torii":19,"counters":[81,442],"Golden Idol":141,"Blue Candle":[19],"Eternal Feather":74,"PreservedInsect":237,"Bag of Preparation":[8],"Boot":[150],"Blood Vial":13,"Mummified Hand":[122],"Ornamental Fan":[444],"Bronze Scales":[108],"Tiny Chest":2,"Kunai":[109],"obtain_stats":[{"Regal Pillow":25,"Gremlin Horn":7,"Singing Bowl":14,"Torii":17,"Vajra":9,"Enchiridion":22,"HoveringKite":34,"Mango":17,"Bag of Preparation":45,"Whetstone":43,"Cursed Key":17,"Smiling Mask":9,"Boot":26,"Sling":41,"Blood Vial":36,"HornCleat":43,"WristBlade":34,"Mummified Hand":0,"DollysMirror":25,"Pantograph":9,"Strawberry":25,"Toolbox":20,"MealTicket":20,"Tiny Chest":17,"Red Mask":47,"Kunai":0,"Toxic Egg 2":34,"InkBottle":29,"Ring of the Snake":0,"Potion Belt":17,"Happy Flower":20,"Golden Idol":5,"Blue Candle":26,"Oddly Smooth Stone":0,"Thread and Needle":34,"Eternal Feather":17,"PreservedInsect":0,"Pen Nib":14,"Omamori":13,"Frozen Egg 2":17,"MawBank":43,"Calling Bell":17,"Anchor":14,"Ornamental Fan":6,"Bronze Scales":7,"Bag of Marbles":26,"Membership Card":24,"Toy Ornithopter":30},{"Regal Pillow":44,"Gremlin Horn":24,"Singing Bowl":64,"Torii":65,"Vajra":4,"Enchiridion":9,"HoveringKite":13,"Mango":7,"Bag of Preparation":77,"Whetstone":52,"Cursed Key":26,"Smiling Mask":37,"Boot":67,"Sling":76,"Blood Vial":14,"HornCleat":77,"WristBlade":73,"Mummified Hand":56,"DollysMirror":67,"Pantograph":24,"Strawberry":67,"Toolbox":9,"MealTicket":28,"Tiny Chest":65,"Red Mask":19,"Kunai":0,"Toxic Egg 2":49,"InkBottle":11,"Ring of the Snake":0,"Potion Belt":7,"Happy Flower":42,"Golden Idol":23,"Blue Candle":10,"Oddly Smooth Stone":20,"Thread and Needle":49,"Eternal Feather":65,"PreservedInsect":0,"Pen Nib":39,"Omamori":24,"Frozen Egg 2":7,"MawBank":17,"Calling Bell":7,"Anchor":6,"Ornamental Fan":61,"Bronze Scales":4,"Bag of Marbles":44,"Membership Card":43,"Toy Ornithopter":11},{"Regal Pillow":204,"Gremlin Horn":115,"Singing Bowl":304,"Torii":314,"Vajra":21,"Enchiridion":49,"HoveringKite":66,"Mango":40,"Bag of Preparation":414,"Whetstone":248,"Cursed Key":129,"Smiling Mask":168,"Boot":328,"Sling":406,"Blood Vial":70,"HornCleat":414,"WristBlade":381,"Mummified Hand":264,"DollysMirror":328,"Pantograph":115,"Strawberry":328,"Toolbox":49,"MealTicket":138,"Tiny Chest":314,"Red Mask":89,"Kunai":0,"Toxic Egg 2":231,"InkBottle":56,"Ring of the Snake":0,"Potion Belt":40,"Happy Flower":191,"Golden Idol":109,"Blue Candle":54,"Oddly Smooth Stone":100,"Thread and Needle":231,"Eternal Feather":314,"PreservedInsect":0,"Pen Nib":176,"Omamori":115,"Frozen Egg 2":40,"MawBank":83,"Calling Bell":40,"Anchor":27,"Ornamental Fan":287,"Bronze Scales":21,"Bag of Marbles":204,"Membership Card":198,"Toy Ornithopter":56}],"Ring of the Snake":[162]},"card_choices":[{"not_picked":["Reflex","Caltrops"],"picked":"Backstab","floor":1.0},{"not_picked":["Slice","Deflect"],"picked":"Flying Knee","floor":2.0},{"not_picked":["Underhanded Strike","All Out Attack"],"picked":"Sucker Punch","floor":3.0},{"not_picked":["Flying Knee","Deadly Poison"],"picked":"Cloak And Dagger","floor":4.0},{"not_picked":["Catalyst","Dagger Throw"],"picked":"Underhanded Strike","floor":5.0},{"not_picked":["All Out Attack","Bane"],"picked":"Outmaneuver","floor":8.0},{"not_picked":["Acrobatics","Underhanded Strike"],"picked":"Deflect","floor":11.0},{"not_picked":["Infinite Blades","Deadly Poison"],"picked":"Backflip","floor":14.0},{"not_picked":["Malaise","Night Terror","Tools of the Trade"],"picked":"Singing Bowl","floor":16.0},{"not_picked":["Dagger Spray","Outmaneuver","Masterful Stab+1"],"picked":"Singing Bowl","floor":18.0},{"not_picked":["PiercingWail+1","Finisher","Setup"],"picked":"Singing Bowl","floor":22.0},{"not_picked":["Backflip","Outmaneuver","Well Laid Plans+1"],"picked":"Singing Bowl","floor":27.0},{"not_picked":["Poisoned Stab","Well Laid Plans+1","Flying Knee"],"picked":"Singing Bowl","floor":28.0},{"not_picked":["Expertise+1","Flying Knee"],"picked":"Cloak And Dagger+1","floor":29.0},{"not_picked":["Glass Knife","Dash","Tactician+1"],"picked":"Singing Bowl","floor":30.0},{"not_picked":["Bane","Dagger Spray"],"picked":"Calculated Gamble+1","floor":31.0},{"not_picked":["Unload","Burst+1"],"picked":"Envenom","floor":33.0},{"not_picked":["Sucker Punch","Catalyst+1"],"picked":"Acrobatics+1","floor":35.0},{"not_picked":["Poisoned Stab","Dodge and Roll+1","Underhanded Strike+1"],"picked":"Singing Bowl","floor":37.0},{"not_picked":["Quick Slash+1","Infinite Blades+1","Choke+1"],"picked":"Singing Bowl","floor":39.0},{"not_picked":["Reflex+1","Wraith Form v2","Quick Slash"],"picked":"Singing Bowl","floor":42.0},{"not_picked":["Dodge and Roll+1","Dagger Spray","Flying Knee+1"],"picked":"Singing Bowl","floor":47.0},{"not_picked":["Dagger Spray+1","Masterful Stab","Backflip+1"],"picked":"Singing Bowl","floor":48.0}],"player_experience":374757,"relics_obtained":[{"floor":9.0,"key":"Kunai"},{"floor":14.0,"key":"Singing Bowl"},{"floor":17.0,"key":"Tiny Chest"},{"floor":17.0,"key":"Eternal Feather"},{"floor":17.0,"key":"Torii"},{"floor":24.0,"key":"Blue Candle"},{"floor":26.0,"key":"Boot"},{"floor":29.0,"key":"Toxic Egg 2"},{"floor":43.0,"key":"HornCleat"},{"floor":45.0,"key":"Bag of Preparation"},{"floor":47.0,"key":"Bronze Scales"}],"event_choices":[{"damage_healed":17.0,"max_hp_gain":0.0,"max_hp_loss":0.0,"gold_gain":0.0,"event_name":"The Cleric","player_choice":"Healed","floor":7.0,"gold_loss":35.0,"damage_taken":0.0},{"damage_healed":0.0,"max_hp_gain":0.0,"max_hp_loss":0.0,"gold_gain":0.0,"event_name":"Golden Idol","player_choice":"Take Wound","floor":12.0,"gold_loss":0.0,"damage_taken":0.0,"relics_obtained":["Golden Idol"],"cards_obtained":["Injury"]},{"damage_healed":24.0,"max_hp_gain":0.0,"max_hp_loss":0.0,"gold_gain":0.0,"event_name":"The Library","player_choice":"Heal","floor":19.0,"gold_loss":0.0,"damage_taken":0.0},{"damage_healed":0.0,"max_hp_gain":0.0,"max_hp_loss":0.0,"gold_gain":99.0,"event_name":"Nest","player_choice":"Stole From Cult","floor":20.0,"gold_loss":0.0,"damage_taken":0.0},{"damage_healed":0.0,"max_hp_gain":0.0,"max_hp_loss":0.0,"gold_gain":0.0,"event_name":"Ghosts","player_choice":"Ignored","floor":21.0,"gold_loss":0.0,"damage_taken":0.0},{"cards_removed":["Defend_G"],"damage_healed":0.0,"max_hp_gain":0.0,"max_hp_loss":0.0,"gold_gain":0.0,"event_name":"Falling","player_choice":"Removed Skill","floor":36.0,"gold_loss":0.0,"damage_taken":0.0},{"damage_healed":0.0,"max_hp_gain":0.0,"max_hp_loss":0.0,"gold_gain":0.0,"event_name":"Mysterious Sphere","player_choice":"Ignored","floor":44.0,"gold_loss":0.0,"damage_taken":0.0}],"is_beta":false,"boss_relics":[{"not_picked":["Runic Dome","Sozu"],"picked":"Calling Bell"},{"not_picked":["Empty Cage","SacredBark"],"picked":"WristBlade"}],"items_purged_floors":[],"is_endless":false,"potions_floor_spawned":[2,3,4,8,11,16,22,27,28,29,39,42,46,48],"ascension_level":8}}