{"host":"6qo42zgaknezulyg","time":1610007522,"event":{"mods":["2.2 Compatiblity","BaseMod","Colored Map","Downfall","Keyboard Shortcuts","Minty Spire (QoL Compilation)","Permanent Neow","Quick Restart","StSLib","SuperFastMode"],"gold_per_floor":[99,113,129,129,184,210,235,253,253,271,271,284,284,284,298,371,371,371,388,405,422,78,113,113,113,131,145,160,191,91,91,107,181,181,181,181,13,23,38,38,38,63,338,104,4,16,16,16,32,32],"floor_reached":51,"playtime":3006,"items_purged":["downfall:Malfunctioning","bronze:Strike","Regret"],"score":1233,"play_id":"06e98774-ee5c-4efe-a794-558e4a5352c9","local_time":"20210107171842","is_ascension_mode":true,"campfire_choices":[{"data":"bronze:Goto","floor":1.0,"key":"SMITH"},{"floor":11.0,"key":"REST"},{"floor":13.0,"key":"REST"},{"data":"bronze:Repair","floor":18.0,"key":"SMITH"},{"data":"bronze:HyperBeam","floor":25.0,"key":"SMITH"},{"data":"bronze:Frontload","floor":30.0,"key":"SMITH"},{"floor":35.0,"key":"RECALL"},{"data":"bronze:DigitalCarnage","floor":40.0,"key":"SMITH"},{"data":"expansioncontent:QuickStudy","floor":45.0,"key":"SMITH"},{"data":"bronze:Fortify","floor":47.0,"key":"SMITH"}],"circlet_count":0,"master_deck":["AscendersBane","bronze:Strike+1","bronze:Defend","bronze:Defend+1","bronze:Defend","bronze:Defend","bronze:Replicate","bronze:Goto+1","bronze:Separator+1","bronze:Boost","bronze:Frontload+1","bronze:ChildClass+1","bronze:ChildClass","bronze:DelayedSlice","bronze:Repair+1","bronze:Frontload+1","bronze:Fortify","bronze:HyperBeam+1","CurseOfTheBell","bronze:Fortify+1","bronze:Frontload+1","bronze:DigitalCarnage+1","expansioncontent:QuickStudy+1"],"relics":["bronze:BronzeCore","champ:DuelingGlove","bronze:ProtectiveGoggles","bronze:SilverBullet","Dream Catcher","White Beast Statue","Calling Bell","Bag of Preparation","HornCleat","TungstenRod","Sundial","War Paint","Lantern","Ice Cream","downfall:HeartBlessingGreen","SlaversCollar","Nunchaku","Guardian:BottledAnomaly","The Courier","PreservedInsect","downfall:HeartBlessingRed"],"acts_visited":["Exordium","TheCity","TheBeyond"],"potions_floor_usage":[50,50],"damage_taken":[{"damage":0.0,"enemies":"Cultist","floor":2.0,"turns":5.0},{"damage":4.0,"enemies":"Jaw Worm","floor":3.0,"turns":3.0},{"damage":9.0,"enemies":"3 Sentries","floor":5.0,"turns":9.0},{"damage":28.0,"enemies":"Gremlin Nob","floor":6.0,"turns":4.0},{"damage":0.0,"enemies":"2 Louse","floor":8.0,"turns":2.0},{"damage":0.0,"enemies":"Blue Slaver","floor":10.0,"turns":5.0},{"damage":0.0,"enemies":"Large Slime","floor":12.0,"turns":4.0},{"damage":0.0,"enemies":"Gremlin Gang","floor":15.0,"turns":5.0},{"damage":27.0,"enemies":"downfall:Ironclad","floor":16.0,"turns":16.0},{"damage":0.0,"enemies":"Shell Parasite","floor":19.0,"turns":4.0},{"damage":2.0,"enemies":"Chosen","floor":20.0,"turns":5.0},{"damage":3.0,"enemies":"Snake Plant","floor":21.0,"turns":5.0},{"damage":0.0,"enemies":"downfall:FleeingMerchant","floor":22.0,"turns":4.0},{"damage":0.0,"enemies":"Book of Stabbing","floor":23.0,"turns":6.0},{"damage":0.0,"enemies":"Cultist and Chosen","floor":26.0,"turns":6.0},{"damage":0.0,"enemies":"Centurion and Healer","floor":27.0,"turns":9.0},{"damage":0.0,"enemies":"Snake Plant","floor":28.0,"turns":4.0},{"damage":14.0,"enemies":"Gremlin Leader","floor":29.0,"turns":7.0},{"damage":1.0,"enemies":"Cultist and Chosen","floor":32.0,"turns":6.0},{"damage":16.0,"enemies":"downfall:Watcher","floor":33.0,"turns":11.0},{"damage":0.0,"enemies":"downfall:FleeingMerchant","floor":37.0,"turns":4.0},{"damage":3.0,"enemies":"3 Shapes","floor":38.0,"turns":2.0},{"damage":0.0,"enemies":"downfall:FleeingMerchant","floor":39.0,"turns":3.0},{"damage":0.0,"enemies":"Reptomancer","floor":42.0,"turns":7.0},{"damage":0.0,"enemies":"3 Darklings","floor":46.0,"turns":3.0},{"damage":0,"enemies":"Sphere and 2 Shapes","floor":49,"turns":3},{"damage":19,"enemies":"downfall:Silent","floor":50,"turns":12}],"seed_played":"-7705603979358909338","potions_obtained":[{"floor":3.0,"key":"hexamod:SoulburnPotion"},{"floor":6.0,"key":"Energy Potion"},{"floor":15.0,"key":"BlessingOfTheForge"},{"floor":16.0,"key":"FearPotion"},{"floor":19.0,"key":"bronze:BurnAndBuffPotion"},{"floor":20.0,"key":"sneckomod:MuddlingPotion"},{"floor":27.0,"key":"Energy Potion"},{"floor":29.0,"key":"DuplicationPotion"},{"floor":33.0,"key":"Slimebound:ThreeZeroPotion"},{"floor":39.0,"key":"champ:CounterPotion"},{"floor":46.0,"key":"SkillPotion"}],"is_trial":false,"path_per_floor":["R","M","M","?","?","E","T","M","T","M","R","M","R","?","M","B",null,"R","M","M","M","$","E","T","R","M","M","M","E","R","?","M","B",null,"R","?","$","M","$","R","T","E","?","$","R","M","R","?","M","B",null],"character_chosen":"THE_AUTOMATON","items_purchased":["Sundial","Nunchaku","bronze:DigitalCarnage","Guardian:BottledAnomaly","expansioncontent:QuickStudy"],"campfire_rested":2,"item_purchase_floors":[22,37,39,39,44],"current_hp_per_floor":[63,63,59,59,50,22,22,22,22,22,40,47,63,63,63,36,56,56,63,61,63,63,63,63,63,63,63,63,59,59,59,63,47,59,59,59,63,60,60,60,60,63,63,63,63,63,63,63,63,54],"gold":32,"neow_bonus":"ONE_RARE_RELIC","is_daily":false,"chose_seed":false,"campfire_upgraded":7,"win_rate":0.0,"timestamp":1610007522,"path_taken":["R","M","M","?","?","E","T","M","?","?","R","M","R","?","M","BOSS","R","M","M","M","$","E","T","R","M","M","M","E","R","?","M","BOSS","R","?","$","M","$","R","T","E","?","$","R","?","R","?","M","BOSS"],"items_purchased_type":["Relic","Relic","Card","Relic","Card"],"build_version":"2020-12-22","purchased_purges":3,"victory":true,"max_hp_per_floor":[63,63,63,63,63,63,63,63,63,63,63,63,63,63,63,63,63,63,63,63,63,63,63,63,63,63,63,63,63,63,63,63,63,63,63,63,63,63,63,63,63,63,63,63,63,63,63,63,63,63],"card_choices":[{"not_picked":["bronze:Shield","bronze:BronzeArmor"],"picked":"bronze:Separator","floor":2.0},{"not_picked":["bronze:NullPointer","bronze:DelayedSlice"],"picked":"bronze:Boost","floor":3.0},{"not_picked":["bronze:BronzeArmor","bronze:SearingBeam"],"picked":"bronze:Frontload","floor":5.0},{"not_picked":["bronze:SearingBeam","bronze:WildBeam"],"picked":"bronze:ChildClass","floor":6.0},{"not_picked":["bronze:Refactor","bronze:Flail"],"picked":"bronze:ChildClass","floor":8.0},{"not_picked":["bronze:WildBeam","bronze:Invalidate"],"picked":"bronze:DelayedSlice","floor":10.0},{"not_picked":["bronze:Shield","bronze:CloningBeam"],"picked":"bronze:Repair","floor":11.0},{"not_picked":["bronze:Flail","bronze:Branch"],"picked":"bronze:Frontload","floor":12.0},{"not_picked":["bronze:FollowUp","bronze:Terminator"],"picked":"bronze:Fortify","floor":13.0},{"not_picked":["bronze:OilSpill","bronze:Terminator","bronze:FineTuning"],"picked":"SKIP","floor":15.0},{"not_picked":["bronze:ThunderWave","bronze:Break"],"picked":"bronze:HyperBeam","floor":16.0},{"not_picked":["bronze:BronzeArmor","bronze:Constructor","bronze:DelayedGuard"],"picked":"SKIP","floor":19.0},{"not_picked":["bronze:CutThrough","bronze:BitShift","bronze:ClassDefault"],"picked":"SKIP","floor":20.0},{"not_picked":["bronze:Deprecate","bronze:Frontload","bronze:DelayedSlice"],"picked":"SKIP","floor":21.0},{"not_picked":["bronze:Deprecate","bronze:Frontload","bronze:DelayedSlice"],"picked":"SKIP","floor":21.0},{"not_picked":["bronze:BitShift+1","bronze:BurnOut"],"picked":"bronze:Fortify","floor":22.0},{"not_picked":["bronze:Terminator","bronze:Turbo","bronze:ForLoop"],"picked":"SKIP","floor":23.0},{"not_picked":["bronze:ForLoop","bronze:DarkDash","bronze:WildBeam"],"picked":"SKIP","floor":26.0},{"not_picked":["bronze:ForLoop","bronze:DarkDash","bronze:WildBeam"],"picked":"SKIP","floor":26.0},{"not_picked":["bronze:ChosenStrike","bronze:WildBeam","bronze:SearingBeam"],"picked":"SKIP","floor":27.0},{"not_picked":["bronze:WildBeam","bronze:DelayedSlice"],"picked":"bronze:Frontload+1","floor":28.0},{"not_picked":["bronze:WhirlingStrike","bronze:FindAndReplace","bronze:DelayedSlice"],"picked":"SKIP","floor":29.0},{"not_picked":["bronze:Repulsor","bronze:Overheat","bronze:DelayedSlice"],"picked":"SKIP","floor":32.0},{"not_picked":["bronze:Turbo+1","bronze:Invalidate","bronze:WildBeam"],"picked":"SKIP","floor":37.0},{"not_picked":["bronze:Terminator","bronze:Overheat","bronze:BuggyMess+1"],"picked":"SKIP","floor":38.0},{"not_picked":["bronze:BronzeOrb","bronze:Turbo+1","bronze:ItsAFeature"],"picked":"SKIP","floor":39.0},{"not_picked":["bronze:BugBarrage","bronze:Optimize","bronze:WhirlingStrike"],"picked":"SKIP","floor":42.0},{"not_picked":["bronze:CutThrough+1","bronze:DarkDash","bronze:Allocate"],"picked":"SKIP","floor":46.0},{"not_picked":["bronze:Refactor","bronze:Deprecate","bronze:ChosenStrike"],"picked":"SKIP","floor":49}],"player_experience":1129914,"relics_obtained":[{"floor":6.0,"key":"bronze:SilverBullet"},{"floor":7.0,"key":"Dream Catcher"},{"floor":9.0,"key":"White Beast Statue"},{"floor":17.0,"key":"Bag of Preparation"},{"floor":17.0,"key":"HornCleat"},{"floor":17.0,"key":"TungstenRod"},{"floor":23.0,"key":"War Paint"},{"floor":24.0,"key":"Lantern"},{"floor":29.0,"key":"Ice Cream"},{"floor":41.0,"key":"The Courier"},{"floor":42.0,"key":"PreservedInsect"}],"event_choices":[],"is_beta":false,"boss_relics":[{"not_picked":["Cursed Key","bronze:ElectromagneticCoil"],"picked":"Calling Bell"},{"not_picked":["Tiny House","Runic Dome"],"picked":"SlaversCollar"}],"items_purged_floors":[22,39,44],"is_endless":false,"potions_floor_spawned":[3,6,10,12,15,16,19,20,21,22,23,26,27,28,29,32,33,37,38,39,42,46,49],"ascension_level":13}}