{"host":"981nlwu0905dw1bz","time":1610041324,"event":{"mods":["AchievementEnabler","BaseMod","DeckTracker","Minty Spire (QoL Compilation)","Rare Cards Sparkle","SuperFastMode"],"gold_per_floor":[114,189,11,70,70,70,115,159,184,221,291,291,12,112,112,215,215,251,19,64,64,64],"floor_reached":21,"playtime":689,"items_purged":["Strike_G"],"score":262,"play_id":"03e01090-a7b5-42f0-a7d2-ca7ff0df4f6e","local_time":"20210108024204","is_ascension_mode":true,"campfire_choices":[{"data":"HandOfGreed","floor":6.0,"key":"SMITH"},{"floor":12.0,"key":"REST"},{"data":"Dash","floor":15.0,"key":"SMITH"}],"circlet_count":0,"master_deck":["AscendersBane","Strike_G","Strike_G","Strike_G","Defend_G","Defend_G","Defend_G","Defend_G","Defend_G","Survivor","Neutralize","HandOfGreed+1","Dagger Spray","Dash+1","Cloak And Dagger","Unload","Accuracy","Adrenaline","Crippling Poison","Dodge and Roll"],"relics":["Ring of the Snake","PreservedInsect","Odd Mushroom","Ninja Scroll","Runic Pyramid","Blood Vial"],"acts_visited":["Exordium","TheCity"],"potions_floor_usage":[20,21],"damage_taken":[{"damage":4.0,"enemies":"Jaw Worm","floor":1.0,"turns":5.0},{"damage":5.0,"enemies":"Small Slimes","floor":4.0,"turns":3.0},{"damage":0.0,"enemies":"Cultist","floor":7.0,"turns":4.0},{"damage":3.0,"enemies":"Looter","floor":8.0,"turns":4.0},{"damage":4.0,"enemies":"Blue Slaver","floor":10.0,"turns":3.0},{"damage":9.0,"enemies":"The Mushroom Lair","floor":11.0,"turns":4.0},{"damage":18.0,"enemies":"The Guardian","floor":16.0,"turns":13.0},{"damage":18.0,"enemies":"Shell Parasite","floor":18.0,"turns":6.0},{"damage":0,"enemies":"3 Byrds","floor":20,"turns":4},{"damage":47,"enemies":"Snake Plant","floor":21,"turns":6}],"seed_played":"-2023836460307281836","potions_obtained":[{"floor":1.0,"key":"Weak Potion"},{"floor":7.0,"key":"Explosive Potion"},{"floor":8.0,"key":"EssenceOfSteel"},{"floor":16.0,"key":"SpeedPotion"},{"floor":18.0,"key":"AttackPotion"}],"is_trial":false,"path_per_floor":["M","?","$","M","$","R","M","M","T","M","?","R","$","?","R","B",null,"M","$","M","M"],"character_chosen":"THE_SILENT","items_purchased":["HandOfGreed","Accuracy","Ninja Scroll","Blood Vial"],"campfire_rested":1,"item_purchase_floors":[3,13,13,19],"current_hp_per_floor":[59,48,48,43,43,43,43,40,40,36,27,48,48,48,48,30,60,42,42,44,0,0],"gold":64,"neow_bonus":"REMOVE_CARD","is_daily":false,"chose_seed":false,"campfire_upgraded":2,"win_rate":0.0,"timestamp":1610041324,"path_taken":["M","?","$","M","$","R","M","M","T","M","?","R","$","?","R","BOSS","M","$","M","M"],"items_purchased_type":["Card","Card","Relic","Relic"],"build_version":"2020-12-22","purchased_purges":1,"victory":false,"max_hp_per_floor":[70,70,70,70,70,70,70,70,70,70,70,70,70,70,70,70,70,70,70,70,70,70],"card_choices":[{"not_picked":["Reflex","Underhanded Strike","Calculated Gamble"],"picked":"SKIP","floor":1.0},{"not_picked":["Noxious Fumes","All Out Attack"],"picked":"Dagger Spray","floor":4.0},{"not_picked":["Poisoned Stab","Acrobatics"],"picked":"Dash","floor":7.0},{"not_picked":["Slice","Flechettes","Concentrate"],"picked":"SKIP","floor":8.0},{"not_picked":["Flechettes","Deflect"],"picked":"Cloak And Dagger","floor":10.0},{"not_picked":["Quick Slash","Flying Knee"],"picked":"Unload","floor":11.0},{"not_picked":["Doppelganger","Envenom"],"picked":"Adrenaline","floor":16.0},{"not_picked":["Flying Knee","Skewer"],"picked":"Crippling Poison","floor":18.0},{"not_picked":["Dagger Spray","Flying Knee"],"picked":"Dodge and Roll","floor":20}],"player_experience":534264,"relics_obtained":[{"floor":9.0,"key":"PreservedInsect"},{"floor":11.0,"key":"Odd Mushroom"}],"event_choices":[{"damage_healed":0.0,"max_hp_gain":0.0,"max_hp_loss":0.0,"gold_gain":75.0,"event_name":"World of Goop","player_choice":"Gather Gold","floor":2.0,"gold_loss":0.0,"damage_taken":11.0},{"damage_healed":0.0,"max_hp_gain":0.0,"max_hp_loss":0.0,"gold_gain":0.0,"event_name":"Mushrooms","player_choice":"Fought Mushrooms","floor":11.0,"gold_loss":0.0,"damage_taken":0.0},{"damage_healed":0.0,"max_hp_gain":0.0,"max_hp_loss":0.0,"gold_gain":100.0,"event_name":"Golden Shrine","player_choice":"Pray","floor":14.0,"gold_loss":0.0,"damage_taken":0.0}],"is_beta":false,"boss_relics":[{"not_picked":["Busted Crown","Cursed Key"],"picked":"Runic Pyramid"}],"items_purged_floors":[19],"is_endless":false,"potions_floor_spawned":[1,7,8,16,18],"killed_by":"Snake Plant","ascension_level":11}}