{"host":"8w54i48wcuneocjq","time":1610046519,"event":{"mods":["2.2 Compatiblity","AchievementEnabler","BaseMod","DeckTracker","Minty Spire (QoL Compilation)","Random Character Button","Rare Cards Sparkle"],"gold_per_floor":[118,136,136,150,164,164,177,177,204,235,235,250,250,268,268,366,366,384,394,414,113,113,113],"floor_reached":22,"playtime":762,"items_purged":["Strike_R"],"score":190,"play_id":"69cf35e8-d952-4146-834c-755c1b75c15b","local_time":"20210107200839","is_ascension_mode":false,"campfire_choices":[{"data":"Cleave","floor":6.0,"key":"SMITH"},{"data":"Double Tap","floor":8.0,"key":"SMITH"},{"data":"Power Through","floor":11.0,"key":"SMITH"},{"data":"Flex","floor":13.0,"key":"SMITH"},{"data":"Shrug It Off","floor":15.0,"key":"SMITH"}],"circlet_count":0,"master_deck":["Strike_R","Strike_R","Defend_R","Defend_R","Defend_R","Bash","Iron Wave","Cleave+1","Pummel","Twin Strike","Inflame","Double Tap+1","Power Through+1","Flex+1","Shrug It Off+1","Feed","Heavy Blade"],"relics":["Burning Blood","NeowsBlessing","Smiling Mask","Regal Pillow","Empty Cage","Meat on the Bone"],"acts_visited":["Exordium","TheCity"],"potions_floor_usage":[19],"damage_taken":[{"damage":0.0,"enemies":"Jaw Worm","floor":1.0,"turns":1.0},{"damage":0.0,"enemies":"Cultist","floor":2.0,"turns":1.0},{"damage":0.0,"enemies":"2 Louse","floor":4.0,"turns":1.0},{"damage":10.0,"enemies":"Looter","floor":5.0,"turns":3.0},{"damage":9.0,"enemies":"Gremlin Gang","floor":7.0,"turns":4.0},{"damage":20.0,"enemies":"Gremlin Nob","floor":10.0,"turns":4.0},{"damage":4.0,"enemies":"Blue Slaver","floor":12.0,"turns":4.0},{"damage":2.0,"enemies":"2 Fungi Beasts","floor":14.0,"turns":3.0},{"damage":60.0,"enemies":"The Guardian","floor":16.0,"turns":15.0},{"damage":21.0,"enemies":"3 Byrds","floor":18.0,"turns":6.0},{"damage":5,"enemies":"Chosen","floor":19,"turns":4},{"damage":37,"enemies":"Shelled Parasite and Fungi","floor":20,"turns":6},{"damage":42,"enemies":"Snake Plant","floor":22,"turns":5}],"seed_played":"8128273935912745301","potions_obtained":[{"floor":4.0,"key":"Block Potion"},{"floor":5.0,"key":"Strength Potion"},{"floor":14.0,"key":"EntropicBrew"},{"floor":16.0,"key":"Strength Potion"}],"is_trial":false,"path_per_floor":["M","M","?","M","M","R","M","R","T","E","R","M","R","M","R","B",null,"M","M","M","$","M"],"character_chosen":"IRONCLAD","items_purchased":["Meat on the Bone"],"campfire_rested":0,"item_purchase_floors":[21],"current_hp_per_floor":[80,80,80,80,76,76,73,73,73,59,59,61,61,65,65,11,80,68,69,38,38,0,0],"gold":113,"neow_bonus":"THREE_ENEMY_KILL","is_daily":false,"chose_seed":false,"campfire_upgraded":5,"win_rate":0.0,"timestamp":1610046519,"path_taken":["M","M","?","M","M","R","M","R","T","E","R","M","R","?","R","BOSS","M","M","M","$","M"],"items_purchased_type":["Relic"],"build_version":"2020-12-22","purchased_purges":1,"victory":false,"max_hp_per_floor":[80,80,80,80,80,80,80,80,80,80,80,80,80,80,80,80,80,83,83,83,83,83,83],"card_choices":[{"not_picked":["Twin Strike","Battle Trance"],"picked":"Iron Wave","floor":1.0},{"not_picked":["Sword Boomerang","Iron Wave"],"picked":"Cleave","floor":2.0},{"not_picked":["Body Slam","Blood for Blood"],"picked":"Twin Strike","floor":4.0},{"not_picked":["Carnage","Headbutt"],"picked":"Inflame","floor":5.0},{"not_picked":["Headbutt","Sever Soul"],"picked":"Double Tap","floor":7.0},{"not_picked":["Ghostly Armor","Sword Boomerang"],"picked":"Power Through","floor":10.0},{"not_picked":["Warcry","Whirlwind"],"picked":"Flex","floor":12.0},{"not_picked":["Thunderclap","Whirlwind"],"picked":"Shrug It Off","floor":14.0},{"not_picked":["Demon Form","Impervious"],"picked":"Feed","floor":16.0},{"not_picked":["Clothesline","Thunderclap","Flex"],"picked":"SKIP","floor":18.0},{"not_picked":["Rampage","Iron Wave"],"picked":"Heavy Blade","floor":19},{"not_picked":["Body Slam","Rampage","Sword Boomerang"],"picked":"SKIP","floor":20}],"player_experience":20633,"relics_obtained":[{"floor":9.0,"key":"Smiling Mask"},{"floor":10.0,"key":"Regal Pillow"}],"event_choices":[{"damage_healed":0.0,"max_hp_gain":0.0,"max_hp_loss":0.0,"gold_gain":0.0,"cards_transformed":["Strike_R"],"event_name":"Transmorgrifier","player_choice":"Transformed","floor":3.0,"gold_loss":0.0,"damage_taken":0.0,"cards_obtained":["Pummel"]}],"is_beta":false,"boss_relics":[{"not_picked":["Sozu","Fusion Hammer"],"picked":"Empty Cage"}],"items_purged_floors":[21],"is_endless":false,"potions_floor_spawned":[4,5,14,16],"killed_by":"Snake Plant","ascension_level":0}}