{"host":"8r9wnm3f0x81e4d7","time":1610035302,"event":{"mods":["BaseMod","Downfall","Minty Spire (QoL Compilation)","StSLib"],"gold_per_floor":[119,137,63,38,49,49,63,96,171,181,281,298,331,392,392,496,496,480,579,494,494,504,504,504,504,550,550,85,97,97,115,115,210,210,228,503,320,338,356,356,356,356],"floor_reached":41,"playtime":3147,"items_purged":["Strike_R"],"score":497,"play_id":"713a1713-9147-40fa-bf87-e3006e5ca2d9","local_time":"20210108000142","is_ascension_mode":true,"campfire_choices":[{"data":"Entrench","floor":6,"key":"SMITH"},{"floor":15,"key":"REST"},{"data":"Juggernaut","floor":23,"key":"SMITH"},{"data":"Dark Embrace","floor":27,"key":"SMITH"},{"data":"Burning Pact","floor":30,"key":"SMITH"},{"data":"True Grit","floor":32,"key":"SMITH"},{"data":"True Grit","floor":40,"key":"SMITH"}],"circlet_count":0,"master_deck":["Strike_R","Strike_R","Strike_R","Strike_R","Defend_R+1","Defend_R+1","Defend_R","Defend_R","Bash","Dark Embrace+1","Uppercut","Entrench+1","True Grit+1","Seeing Red","Uppercut","True Grit+1","Bloodletting","Rage","Burning Pact+1","Juggernaut+1","Uppercut+1","Entrench+1","Armaments+1","Perfected Strike","Purity+1","Thinking Ahead+1","Armaments+1","Warcry+1","Shockwave+1","Dual Wield+1","Fiend Fire","Dark Embrace","Regret","Transmutation+1","Body Slam+1","Shrug It Off+1"],"relics":["Philosopher\u0027s Stone","TungstenRod","Pear","Lantern","Orichalcum","Coffee Dripper","Toxic Egg 2","Nilry\u0027s Codex","Bronze Scales","War Paint","Black Star"],"acts_visited":["Exordium","TheCity","TheBeyond"],"potions_floor_usage":[14,14,16,33,41],"damage_taken":[{"damage":2,"enemies":"Cultist","floor":1,"turns":4},{"damage":3,"enemies":"Jaw Worm","floor":2,"turns":4},{"damage":0,"enemies":"Small Slimes","floor":5,"turns":2},{"damage":11,"enemies":"Exordium Wildlife","floor":7,"turns":6},{"damage":22,"enemies":"Lagavulin","floor":8,"turns":7},{"damage":0,"enemies":"Looter","floor":10,"turns":3},{"damage":9,"enemies":"2 Fungi Beasts","floor":12,"turns":4},{"damage":17,"enemies":"3 Sentries","floor":13,"turns":8},{"damage":1,"enemies":"Gremlin Nob","floor":14,"turns":3},{"damage":28,"enemies":"The Guardian","floor":16,"turns":11},{"damage":8,"enemies":"2 Thieves","floor":18,"turns":4},{"damage":12,"enemies":"Shell Parasite","floor":22,"turns":5},{"damage":11,"enemies":"Snake Plant","floor":29,"turns":4},{"damage":6,"enemies":"Snecko","floor":31,"turns":4},{"damage":20,"enemies":"Collector","floor":33,"turns":12},{"damage":31,"enemies":"3 Shapes","floor":35,"turns":8},{"damage":18,"enemies":"Orb Walker","floor":38,"turns":4},{"damage":31,"enemies":"Maw","floor":39,"turns":6},{"damage":10,"enemies":"Transient","floor":41,"turns":5}],"seed_played":"-6162019635760211354","potions_obtained":[{"floor":1,"key":"SteroidPotion"},{"floor":10,"key":"Explosive Potion"},{"floor":12,"key":"SteroidPotion"},{"floor":14,"key":"DuplicationPotion"},{"floor":18,"key":"PowerPotion"},{"floor":31,"key":"GamblersBrew"},{"floor":38,"key":"PowerPotion"}],"is_trial":false,"path_per_floor":["M","M","$","$","M","R","M","E","T","M","?","M","E","?","R","B",null,"M","?","?","?","M","R","?","?","T","R","$","M","R","M","R","B",null,"M","?","$","M","M","R","M"],"character_chosen":"IRONCLAD","items_purchased":["Entrench","True Grit","Thinking Ahead+1","Armaments+1","Warcry+1","War Paint","Transmutation+1"],"campfire_rested":1,"item_purchase_floors":[3,4,28,28,28,28,37],"current_hp_per_floor":[78,75,75,75,75,75,64,42,52,52,52,43,26,25,52,24,90,82,82,82,82,70,70,58,58,58,58,58,47,47,41,41,21,90,59,59,59,41,10,10,0,0],"gold":356,"neow_bonus":"BOSS_RELIC","is_daily":false,"chose_seed":false,"campfire_upgraded":6,"win_rate":0.0,"timestamp":1610035302,"path_taken":["M","?","?","$","M","R","M","E","T","M","?","?","E","?","R","BOSS","M","?","?","?","M","R","?","?","T","R","$","M","R","M","R","BOSS","M","?","$","M","M","R","M"],"items_purchased_type":["Card","Card","Card","Card","Card","Relic","Card"],"build_version":"2020-12-22","purchased_purges":1,"victory":false,"max_hp_per_floor":[80,80,80,80,80,80,80,80,90,90,90,90,90,90,90,90,90,90,90,90,90,90,90,90,90,90,90,90,90,90,90,90,90,90,90,90,90,90,90,90,90,90],"card_choices":[{"not_picked":["Rampage","Iron Wave"],"picked":"Dark Embrace","floor":1},{"not_picked":["Clash","Cleave"],"picked":"Uppercut","floor":2},{"not_picked":["Rampage","Sword Boomerang","Perfected Strike"],"picked":"SKIP","floor":5},{"not_picked":["Clothesline","Infernal Blade"],"picked":"Seeing Red","floor":7},{"not_picked":["Anger","Cleave"],"picked":"Uppercut","floor":8},{"not_picked":["Heavy Blade","Armaments"],"picked":"True Grit","floor":10},{"not_picked":["Fire Breathing","Heavy Blade"],"picked":"Bloodletting","floor":12},{"not_picked":["Sword Boomerang","Spot Weakness"],"picked":"Rage","floor":13},{"not_picked":["Dark Embrace","Sword Boomerang"],"picked":"Burning Pact","floor":14},{"not_picked":["Limit Break","Brutality"],"picked":"Juggernaut","floor":16},{"not_picked":["Infernal Blade","Thunderclap"],"picked":"Uppercut+1","floor":18},{"not_picked":["Clash","Cleave"],"picked":"Armaments+1","floor":22},{"not_picked":["Perfected Strike","Iron Wave"],"picked":"Shockwave+1","floor":29},{"not_picked":["Clothesline+1","True Grit+1"],"picked":"Dual Wield+1","floor":31},{"not_picked":["Bludgeon","Berserk"],"picked":"Fiend Fire","floor":33},{"not_picked":["Flex+1","Pummel"],"picked":"Dark Embrace","floor":35},{"not_picked":["Thunderclap+1","Anger"],"picked":"Body Slam+1","floor":38},{"not_picked":["Anger+1","Twin Strike+1"],"picked":"Shrug It Off+1","floor":39}],"player_experience":42922,"relics_obtained":[{"floor":8,"key":"TungstenRod"},{"floor":9,"key":"Pear"},{"floor":13,"key":"Lantern"},{"floor":14,"key":"Orichalcum"},{"floor":24,"key":"Nilry\u0027s Codex"},{"floor":26,"key":"Bronze Scales"}],"event_choices":[{"damage_healed":0,"gold_gain":100,"player_choice":"Pray","damage_taken":0,"max_hp_gain":0,"max_hp_loss":0,"event_name":"Golden Shrine","floor":11,"gold_loss":0},{"damage_healed":0,"gold_gain":0,"player_choice":"Searched \u00271\u0027 times","damage_taken":0,"max_hp_gain":0,"max_hp_loss":0,"event_name":"Dead Adventurer","floor":14,"gold_loss":0},{"damage_healed":0,"gold_gain":99,"player_choice":"Stole From Cult","damage_taken":0,"max_hp_gain":0,"max_hp_loss":0,"event_name":"Nest","floor":19,"gold_loss":0},{"damage_healed":0,"gold_gain":0,"player_choice":"Obtained Relic","damage_taken":0,"relics_obtained":["Toxic Egg 2"],"max_hp_gain":0,"max_hp_loss":0,"event_name":"Addict","floor":20,"gold_loss":85},{"damage_healed":0,"gold_gain":0,"player_choice":"Read","damage_taken":0,"max_hp_gain":0,"max_hp_loss":0,"event_name":"The Library","floor":21,"gold_loss":0,"cards_obtained":["Entrench"]},{"damage_healed":0,"gold_gain":0,"player_choice":"Obtained Book","damage_taken":16,"max_hp_gain":0,"max_hp_loss":0,"event_name":"Cursed Tome","floor":24,"gold_loss":0},{"damage_healed":0,"gold_gain":0,"player_choice":"2 cards matched","damage_taken":0,"max_hp_gain":0,"max_hp_loss":0,"event_name":"Match and Keep!","floor":25,"gold_loss":0,"cards_obtained":["Perfected Strike","Purity"]},{"damage_healed":0,"gold_gain":275,"player_choice":"Desecrate","damage_taken":0,"max_hp_gain":0,"max_hp_loss":0,"event_name":"Golden Shrine","floor":36,"gold_loss":0,"cards_obtained":["Regret"]}],"is_beta":false,"boss_relics":[{"not_picked":["Cursed Key","Fusion Hammer"],"picked":"Coffee Dripper"},{"not_picked":["Empty Cage","Runic Dome"],"picked":"Black Star"}],"items_purged_floors":[28],"is_endless":false,"potions_floor_spawned":[1,10,12,14,18,31,38],"killed_by":"Transient","ascension_level":1}}