{"host":"k9ocgmchziz83yjl","time":1610028737,"event":{"mods":["BaseMod","Friendly Minions","KinomotoSakuraMod(木之本樱)","Marisa（F雨　魔理沙）","Minty Spire (QoL Compilation)","MostiFishMod","Quick Restart","Replay The Spire","RumiaBox-露米娅的神秘盒子","Spicy Shops","StSLib","The Cursed","The Servant 0.9.4","[IsaacMod]以撒尖塔","【功能Mod】混沌之环修复补丁"],"gold_per_floor":[114,16,16,31,47,79,79,94,94,124,142,177,195,120,120,192,192,203,221,85,85,0,0,12,12,12,45,45,63,82,115,115,189,189,204,104,104,122,139,171,11,11,11,25,43,56,85,100,100,100,100],"floor_reached":52,"playtime":2069,"items_purged":["Strike_R","Strike_R"],"score":2252,"play_id":"e77d2d30-f65e-4936-a91e-d7ae06116d9d","local_time":"20210107221217","is_ascension_mode":true,"campfire_choices":[{"data":"MostiFishMod:ButterFly","floor":7.0,"key":"SMITH"},{"data":"Warcry","floor":15.0,"key":"SMITH"},{"data":"MostiFishMod:HellRitual","floor":23.0,"key":"SMITH"},{"data":"MostiFishMod:WingOfPhoenix","floor":32.0,"key":"SMITH"},{"floor":49,"key":"DIG"}],"circlet_count":0,"master_deck":["AscendersBane","Strike_R","Strike_R+1","Strike_R","Defend_R+1","Defend_R","Defend_R+1","Bash","MostiFishMod:ButterFly+1","Cleave","MostiFishMod:KnuckleDown+1","Warcry+1","MostiFishMod:HellRitual+1","Sword Boomerang","MostiFishMod:WingOfPhoenix+1","ReplayTheSpireMod:Splinters","ReplayTheSpireMod:Strike From Hell","Heavy Blade+1","MostiFishMod:CullingBlade","Warcry+1","MostiFishMod:ButterFly+1","MostiFishMod:Mottled","Master of Strategy","ReplayTheSpireMod:Strike From Hell+1"],"relics":["Burning Blood","DaveBox","HushsDoor","BirthdayGift-Tetrahedron","YumHeart","SynthV:TestCard","Replay:Baseball","Orichalcum","War Paint","Potion Belt","Cursed Key","OriginationStaff","Nilry\u0027s Codex","Letter Opener","HowToJump","Bird Faced Urn","Omamori","FeatherPendant","Bottled Flame","DollysMirror","Red Skull","ReplayTheSpireMod:Lightbulb"],"acts_visited":["Exordium","TheCity","TheBeyond"],"potions_floor_usage":[51,51,51],"damage_taken":[{"damage":7.0,"enemies":"Jaw Worm","floor":1.0,"turns":2.0},{"damage":2.0,"enemies":"Small Slimes","floor":4.0,"turns":2.0},{"damage":0.0,"enemies":"Cultist","floor":5.0,"turns":2.0},{"damage":0.0,"enemies":"Replay:BlueRogue","floor":6.0,"turns":1.0},{"damage":0.0,"enemies":"Exordium Wildlife","floor":8.0,"turns":2.0},{"damage":0.0,"enemies":"3 Sentries","floor":10.0,"turns":1.0},{"damage":0.0,"enemies":"Blue Slaver","floor":11.0,"turns":2.0},{"damage":4.0,"enemies":"Replay:BlueRogue","floor":12.0,"turns":2.0},{"damage":0.0,"enemies":"Large Slime","floor":13.0,"turns":2.0},{"damage":24.0,"enemies":"Hexaghost","floor":16.0,"turns":3.0},{"damage":2.0,"enemies":"3 Byrds","floor":18.0,"turns":2.0},{"damage":2.0,"enemies":"Chosen","floor":19.0,"turns":2.0},{"damage":2.0,"enemies":"Centurion and Healer","floor":24.0,"turns":2.0},{"damage":27.0,"enemies":"Slavers","floor":27.0,"turns":3.0},{"damage":2.0,"enemies":"3 Cultists","floor":29.0,"turns":2.0},{"damage":14.0,"enemies":"Snake Plant","floor":30.0,"turns":2.0},{"damage":2.0,"enemies":"Book of Stabbing","floor":31.0,"turns":2.0},{"damage":1.0,"enemies":"Collector","floor":33.0,"turns":3.0},{"damage":4.0,"enemies":"Orb Walker","floor":35.0,"turns":1.0},{"damage":52.0,"enemies":"3 Shapes","floor":38.0,"turns":2.0},{"damage":6.0,"enemies":"Spire Growth","floor":39.0,"turns":3.0},{"damage":35.0,"enemies":"R_Hoarder","floor":40.0,"turns":3.0},{"damage":19,"enemies":"4 Shapes","floor":44,"turns":1},{"damage":2,"enemies":"3 Darklings","floor":45,"turns":2},{"damage":3,"enemies":"Writhing Mass","floor":46,"turns":1},{"damage":4,"enemies":"Giant Head","floor":47,"turns":1},{"damage":22,"enemies":"4 Shapes","floor":48,"turns":2},{"damage":10,"enemies":"Donu and Deca","floor":50,"turns":2},{"damage":33,"enemies":"Time Eater","floor":51,"turns":3}],"seed_played":"449726917693844178","potions_obtained":[{"floor":4.0,"key":"Milkshake"},{"floor":6.0,"key":"ColorlessPotion"},{"floor":12.0,"key":"AttackPotion"},{"floor":24.0,"key":"EssenceOfSteel"},{"floor":38.0,"key":"Toxic Potion"}],"is_trial":false,"path_per_floor":["M","$","?","M","M","E","R","M","T","E","M","E","M","$","R","B",null,"M","M","$","?","?","R","M","$","T","E","T","M","M","E","R","B",null,"M","$","$","M","M","E","$","?","T","M","M","M","E","M","R","B","B",null],"character_chosen":"IRONCLAD","items_purchased":["MostiFishMod:ButterFly","OriginationStaff","DollysMirror"],"campfire_rested":0,"item_purchase_floors":[2,20,41],"current_hp_per_floor":[67,67,44,52,58,75,75,75,75,75,75,75,75,75,75,57,71,75,75,75,54,54,75,75,75,75,54,54,64,75,75,75,75,75,75,75,75,37,66,61,61,51,51,38,54,75,75,75,75,75,56],"gold":100,"neow_bonus":"RANDOM_EVENT","is_daily":false,"chose_seed":false,"campfire_upgraded":4,"win_rate":0.0,"timestamp":1610028737,"path_taken":["M","$","?","M","M","E","R","?","T","E","M","E","M","$","R","BOSS","M","M","$","?","?","R","M","$","T","E","?","M","M","E","R","BOSS","M","?","$","M","M","E","$","?","T","M","M","M","E","M","R","BOSS","BOSS"],"items_purchased_type":["Card","Relic","Relic"],"build_version":"2020-12-22","purchased_purges":2,"victory":true,"max_hp_per_floor":[75,75,75,75,75,75,75,75,75,75,75,75,75,75,75,75,75,75,75,75,75,75,75,75,75,75,75,75,75,75,75,75,75,75,75,75,75,75,75,75,75,75,75,75,75,75,75,75,75,75,75],"card_choices":[{"not_picked":["Clash","Second Wind","ReplayTheSpireMod:Strike From Hell"],"picked":"SKIP","floor":1.0},{"not_picked":["Heavy Blade","Bloodletting","ReplayReversal","Twin Strike"],"picked":"Cleave","floor":4.0},{"not_picked":["Impervious","True Grit","Pommel Strike","ReplayTheSpireMod:Stacked"],"picked":"Bomb","floor":5.0},{"not_picked":["MostiFishMod:404NotFound","Life Link","Warcry","Infernal Blade","Heavy Blade"],"picked":"SKIP","floor":6.0},{"not_picked":["Pommel Strike","Cleave","Anger","Battle Trance","Twin Strike"],"picked":"SKIP","floor":8.0},{"not_picked":["Clothesline","Shrug It Off","Intimidate","Warcry"],"picked":"MostiFishMod:KnuckleDown","floor":10.0},{"not_picked":["Warcry","Anger","Shrug It Off","Clash","Pommel Strike"],"picked":"SKIP","floor":11.0},{"not_picked":["Spot Weakness","Clash","Infernal Blade","Shrug It Off","Cleave"],"picked":"SKIP","floor":12.0},{"not_picked":["Armaments","Dark Embrace","Feel No Pain","Heavy Blade"],"picked":"Warcry","floor":13.0},{"not_picked":["Barricade","Brutality","Impervious","MostiFishMod:Mania"],"picked":"MostiFishMod:HellRitual","floor":16.0},{"not_picked":["Perfected Strike","Feel No Pain","Replay:Undeath\u0027s Touch","Clothesline","Clash"],"picked":"SKIP","floor":18.0},{"not_picked":["Entrench","Disarm","MostiFishMod:BrandingRite","Replay:Undeath\u0027s Touch"],"picked":"Sword Boomerang","floor":19.0},{"not_picked":["Iron Wave","Armaments+1","Clash","Flex"],"picked":"MostiFishMod:WingOfPhoenix","floor":24.0},{"not_picked":["ReplayTheSpireMod:Corrosion Curse","Wild Strike","Replay:Undeath\u0027s Touch","MostiFishMod:Chiaki","Flex"],"picked":"SKIP","floor":27.0},{"not_picked":["Searing Blow","Wild Strike","Evolve","Headbutt","Blood for Blood"],"picked":"SKIP","floor":29.0},{"not_picked":["Evolve","Sword Boomerang","Pommel Strike","Clothesline"],"picked":"ReplayTheSpireMod:Strike From Hell","floor":30.0},{"not_picked":["Warcry","Sentinel","Carnage","Flex+1"],"picked":"Heavy Blade+1","floor":31.0},{"not_picked":["MostiFishMod:404NotFound","MostiFishMod:HellRitual","MostiFishMod:PerfectStrikeMKII","MostiFishMod:Chiaki"],"picked":"MostiFishMod:CullingBlade","floor":33.0},{"not_picked":["Headbutt","Body Slam","Blood for Blood","Power Through","Battle Trance"],"picked":"SKIP","floor":35.0},{"not_picked":["Burning Pact","Replay:Undeath\u0027s Touch+1","Life Link+1","Perfected Strike","Anger"],"picked":"SKIP","floor":38.0},{"not_picked":["ReplayTheSpireMod:Strike From Hell","Burning Pact+1","Shrug It Off","Shockwave","Whirlwind"],"picked":"SKIP","floor":39.0},{"not_picked":["Clothesline","Corruption","Perfected Strike","True Grit"],"picked":"Warcry+1","floor":40.0},{"not_picked":["Dramatic Entrance","Replay:Bootleg Shield Generator","Bomb","Battery"],"picked":"MostiFishMod:Mottled","floor":42.0},{"not_picked":["Enlightenment","Replay:Parry","MostiFishMod:PerfectForm","Survey Options"],"picked":"Master of Strategy","floor":42.0},{"not_picked":["Swift Strike","SuicideKing","Finesse","Replay:BasicMightCard"],"picked":"Bomb","floor":42.0},{"not_picked":["ReplayTheSpireMod:Muscle Training","Replay:Undeath\u0027s Touch","Massacre","Iron Wave"],"picked":"ReplayTheSpireMod:Strike From Hell+1","floor":44},{"not_picked":["Cleave","Twin Strike+1","MostiFishMod:BrandingRite+1","Infernal Blade","Anger"],"picked":"SKIP","floor":45},{"not_picked":["Clothesline","Berserk","Havoc","Rampage","Twin Strike"],"picked":"SKIP","floor":46},{"not_picked":["ReplayTheSpireMod:Strike From Hell+1","Clash","Run Through","ReplayTheSpireMod:LeadingStrike","Havoc"],"picked":"SKIP","floor":47},{"not_picked":["Replay:Undeath\u0027s Touch","Defy Death","Evolve","Thunderclap","Wild Strike"],"picked":"SKIP","floor":48}],"player_experience":786037,"relics_obtained":[{"floor":1.0,"key":"SynthV:TestCard"},{"floor":6.0,"key":"Replay:Baseball"},{"floor":9.0,"key":"Orichalcum"},{"floor":10.0,"key":"War Paint"},{"floor":12.0,"key":"Potion Belt"},{"floor":21.0,"key":"Nilry\u0027s Codex"},{"floor":27.0,"key":"HowToJump"},{"floor":28.0,"key":"Bird Faced Urn"},{"floor":31.0,"key":"Omamori"},{"floor":40.0,"key":"Bottled Flame"},{"floor":47,"key":"Red Skull"},{"floor":49,"key":"ReplayTheSpireMod:Lightbulb"}],"event_choices":[{"damage_healed":0.0,"max_hp_gain":0.0,"max_hp_loss":0.0,"gold_gain":0.0,"event_name":"Shining Light","player_choice":"Entered Light","floor":3.0,"gold_loss":0.0,"damage_taken":23.0,"cards_upgraded":["Strike_R","Defend_R"]},{"damage_healed":0.0,"max_hp_gain":0.0,"max_hp_loss":0.0,"gold_gain":0.0,"event_name":"Cursed Tome","player_choice":"Obtained Book","floor":21.0,"gold_loss":0.0,"damage_taken":21.0},{"damage_healed":0.0,"max_hp_gain":0.0,"max_hp_loss":0.0,"gold_gain":0.0,"event_name":"Addict","player_choice":"Obtained Relic","floor":22.0,"gold_loss":85.0,"damage_taken":0.0,"relics_obtained":["Letter Opener"]},{"damage_healed":0.0,"max_hp_gain":0.0,"max_hp_loss":0.0,"gold_gain":0.0,"event_name":"SensoryStone","player_choice":"Memory 3","floor":42.0,"gold_loss":0.0,"damage_taken":10.0}],"is_beta":false,"boss_relics":[{"not_picked":["Electric Blood","Replay:Drink Me"],"picked":"Cursed Key"},{"not_picked":[]},{"not_picked":["SlaversCollar","Empty Cage"],"picked":"FeatherPendant"},{"not_picked":[]}],"items_purged_floors":[14,36],"is_endless":false,"potions_floor_spawned":[4,6,8,12,24,27,30,31,38,39,45],"ascension_level":20}}