{"host":"28wx1s78lfgm5n5a","time":1610014568,"event":{"mods":["BaseMod","Energized Spire","Gold Saver","Highlight Path","Minty Spire (QoL Compilation)","Replay The Spire","StSLib","TestMod","Waifu the Spire","【遗物卡牌】REMEMod"],"gold_per_floor":[4999,4949,3867,3879,3201,3201,3229,3229,3255,3269,3269,3288,3315,3329,3329,3432,3432,3447,3447,3447,2297,2317,2317,2331,1465,1465,1499,1521,1579,1602,1037,1037,1166,1266,2999,2999,2999,2999,3399,3399,3417,3461,3542,2856,2873,2888,2210,2210,2210,2229,2229,2229,1434,1476,1500],"floor_reached":56,"playtime":2746,"items_purged":["Strike_B","Strike_B","Strike_B","Zap","Defend_B","Defend_B","Defend_B","Conserve Battery"],"score":1338,"play_id":"5a0005c3-5aa4-4419-82ab-aecdb1739047","local_time":"20210107181607","is_ascension_mode":true,"campfire_choices":[{"data":"Coolheaded","floor":6.0,"key":"SMITH"},{"floor":23,"key":"RECALL"},{"data":"Blizzard","floor":32,"key":"SMITH"},{"data":"Seek","floor":40,"key":"SMITH"},{"data":"testmod-ShutDown","floor":49,"key":"SMITH"},{"data":"Dualcast","floor":52,"key":"SMITH"}],"circlet_count":0,"master_deck":["Defend_B","Dualcast+1","Recycle+1","Seek+1","ReplayTheSpireMod:System Scan","Coolheaded+1","Glacier","Biased Cognition","Thunder Strike","Ball Lightning","Master of Strategy","Hologram+1","testmod-ShutDown+1","Blizzard+1","Turbo+1","Electrodynamics","Skim+1","Coolheaded+1"],"relics":["Cracked Core","REME_ComplimentaryCards","testmod-EqualTreatment","Bronze Scales","Blue Candle","testmod-IWantAll","HandDrill","Carrot","Dream Catcher","Replay:Baseball","Singing Bowl","testmod-DeterminationOfClimber","MutagenicStrength","Gambling Chip","Runic Capacitor","Question Card","Strawberry","Sling","testmod-Maize","testmod-Antiphasic","Shuriken","Pantograph","Boot","Replay:Wanted Poster","testmod-HeartOfStrike","Calipers","InkBottle","Replay:Frozen Program","Blood Vial","DataDisk","Lizard Tail","Anchor","Medical Kit","Bag of Marbles","Kunai","testmod-IndustrialRevolution"],"acts_visited":["Exordium","TheCity","TheBeyond","TheEnding"],"potions_floor_usage":[12,12,16,55],"damage_taken":[{"damage":0.0,"enemies":"2 Louse","floor":1.0,"turns":2.0},{"damage":0.0,"enemies":"Small Slimes","floor":4.0,"turns":3.0},{"damage":11.0,"enemies":"Gremlin Nob","floor":7.0,"turns":4.0},{"damage":0.0,"enemies":"Cultist","floor":10.0,"turns":2.0},{"damage":1,"enemies":"3 Louse","floor":12,"turns":1},{"damage":3,"enemies":"3 Sentries","floor":13,"turns":6},{"damage":0,"enemies":"Gremlin Gang","floor":14,"turns":3},{"damage":19,"enemies":"The Guardian","floor":16,"turns":15},{"damage":0,"enemies":"Spheric Guardian","floor":18,"turns":3},{"damage":0,"enemies":"2 Thieves","floor":22,"turns":2},{"damage":12,"enemies":"Snake Plant","floor":24,"turns":2},{"damage":19,"enemies":"Slavers","floor":27,"turns":2},{"damage":0,"enemies":"Centurion and Healer","floor":28,"turns":2},{"damage":0,"enemies":"Sentry and Sphere","floor":30,"turns":1},{"damage":0,"enemies":"Champ","floor":33,"turns":5},{"damage":0,"enemies":"3 Darklings","floor":35,"turns":1},{"damage":0,"enemies":"Orb Walker","floor":41,"turns":2},{"damage":0,"enemies":"Nemesis","floor":42,"turns":5},{"damage":0,"enemies":"Sphere and 2 Shapes","floor":45,"turns":1},{"damage":0,"enemies":"3 Darklings","floor":46,"turns":1},{"damage":0,"enemies":"Replay:Hell Engine","floor":50,"turns":2},{"damage":0,"enemies":"Shield and Spear","floor":54,"turns":1},{"damage":12,"enemies":"The Heart","floor":55,"turns":4}],"seed_played":"8377478030700105176","potions_obtained":[{"floor":10.0,"key":"DuplicationPotion"},{"floor":12,"key":"REME_GoldPotion"},{"floor":13,"key":"Toxic Potion"},{"floor":28,"key":"Swift Potion"},{"floor":30,"key":"Death Potion"},{"floor":46,"key":"testmod-TimePotion"}],"is_trial":false,"path_per_floor":["M","?","$","M","$","R","E","?","T","M","?","M","E","M","R","B",null,"M","?","?","$","M","R","M","$","T","E","M","?","M","$","R","B",null,"M","?","?","?","?","R","M","E","T","$","M","M","$","?","R","B",null,"R","$","E","B",null],"character_chosen":"DEFECT","items_purchased":["Bronze Scales","Blue Candle","testmod-IWantAll","Energy Potion","PotionOfCapacity","AttackPotion","Seek","Cold Snap","ReplayTheSpireMod:System Scan","HandDrill","Carrot","Dream Catcher","Coolheaded","Gambling Chip","Runic Capacitor","Ball Lightning","Master of Strategy","Question Card","Languid Potion","testmod-Justice","Strawberry","Sling","testmod-ShutDown","Pantograph","Boot","Replay:Frozen Program","Blood Vial","DataDisk","Coolheaded+1","Lizard Tail","Anchor","Medical Kit","Bag of Marbles","Kunai"],"campfire_rested":0,"item_purchase_floors":[3,3,3,3,3,3,3,3,3,5,5,5,5,21,21,21,21,21,21,25,25,25,25,31,31,44,44,44,44,47,47,53,53,53],"current_hp_per_floor":[75,75,75,75,75,75,64,64,64,64,64,63,62,64,64,45,79,81,81,81,81,81,81,73,80,80,70,76,53,62,62,62,94,94,94,94,94,94,94,94,96,98,98,98,100,102,102,98,98,108,108,108,108,110,103],"gold":1500,"neow_bonus":"THREE_CARDS","is_daily":false,"chose_seed":false,"campfire_upgraded":5,"win_rate":0.0,"timestamp":1610014567,"path_taken":["M","?","$","M","$","R","E","?","T","?","?","?","E","M","R","BOSS","M","?","?","$","M","R","M","$","T","E","?","?","M","$","R","BOSS","M","?","?","?","?","R","M","E","T","$","M","M","$","?","R","BOSS","R","$","E","BOSS"],"items_purchased_type":["Relic","Relic","Relic","Potion","Potion","Potion","Card","Card","Card","Relic","Relic","Relic","Card","Relic","Relic","Card","Card","Relic","Potion","Relic","Relic","Relic","Card","Relic","Relic","Relic","Relic","Relic","Card","Relic","Relic","Relic","Relic","Relic"],"build_version":"2020-12-22","purchased_purges":8,"victory":true,"max_hp_per_floor":[75,75,75,75,75,75,75,75,75,75,75,75,77,79,79,79,79,81,81,81,81,81,81,83,90,90,92,92,92,94,94,94,94,94,94,94,94,94,94,94,96,98,98,98,100,102,102,108,108,108,108,108,108,110,110],"card_choices":[{"not_picked":["BasicCrystalCard","Doom and Gloom"],"picked":"Recycle","floor":0.0},{"not_picked":["Leap","BasicCrystalCard","Panic Button"],"picked":"SKIP","floor":1.0},{"not_picked":["Compile Driver","Streamline","ReplaySolidLightProjector"],"picked":"SKIP","floor":4.0},{"not_picked":["BasicCrystalCard","ReplayGash","ReplaySort"],"picked":"SKIP","floor":7.0},{"not_picked":["Steam","Stack"],"picked":"Glacier","floor":10.0},{"not_picked":["Undo","ReplayTheSpireMod:Omega Cannon","Glacier"],"picked":"SKIP","floor":12},{"not_picked":["Gash","Fission","Streamline"],"picked":"Singing Bowl","floor":13},{"not_picked":["Undo","REME_Whirling","ReplaySort"],"picked":"Singing Bowl","floor":14},{"not_picked":["Mirror Shield","Rainbow"],"picked":"Thunder Strike","floor":16},{"not_picked":["Panic Button","Cold Snap","Redo"],"picked":"Singing Bowl","floor":18},{"not_picked":["Turbo","Redo","Lockon+1"],"picked":"Hologram+1","floor":22},{"not_picked":["Sweeping Beam","Cold Snap","REME_DataAnalysis","Steam+1"],"picked":"Singing Bowl","floor":24},{"not_picked":["Glacier","Static Discharge+1","REME_DataAnalysis","Streamline+1"],"picked":"Singing Bowl","floor":27},{"not_picked":["Coolheaded","Loop+1","Turbo+1"],"picked":"Blizzard","floor":28},{"not_picked":["FTL","Meteor Strike","Beam Cell"],"picked":"Turbo+1","floor":29},{"not_picked":["Redo","Time Bomb","Consume","Sweeping Beam"],"picked":"Singing Bowl","floor":30},{"not_picked":["Rainbow","ReplayTheSpireMod:Fabricate Wheel","Hyperbeam"],"picked":"Electrodynamics","floor":33},{"not_picked":["Conserve Battery","Streamline","Reinforced Body"],"picked":"Skim+1","floor":35},{"not_picked":["ReplayTheSpireMod:Reroute Power+1","Ball Lightning+1","Turbo+1","Storm+1"],"picked":"Singing Bowl","floor":41},{"not_picked":["Beam Cell+1","Steam","Fission","ReplayTheSpireMod:Repulse"],"picked":"Singing Bowl","floor":42},{"not_picked":["BasicCrystalCard","Barrage","Sweeping Beam","Auto Shields+1"],"picked":"Singing Bowl","floor":45},{"not_picked":["Barrage","Gash+1","Streamline+1","Chill+1"],"picked":"Singing Bowl","floor":46},{"not_picked":["testmod-ShutDown","Replay:Parry","testmod-BackupPower","Deep Breath"],"picked":"Singing Bowl","floor":48},{"not_picked":["Dark Shackles","testmod-BackupPower","REME_MagicPocketWatch","testmod-RepeatForm"],"picked":"Singing Bowl","floor":48},{"not_picked":["Trip","Crow Ritual","Secret Weapon","Bandage Up"],"picked":"Singing Bowl","floor":48},{"not_picked":["Gash","Scrape+1","ReplayTheSpireMod:System Scan+1","Streamline+1"],"picked":"Singing Bowl","floor":54}],"player_experience":119747,"relics_obtained":[{"floor":7.0,"key":"Replay:Baseball"},{"floor":13,"key":"Singing Bowl"},{"floor":26,"key":"testmod-Maize"},{"floor":27,"key":"testmod-Antiphasic"},{"floor":29,"key":"Shuriken"},{"floor":42,"key":"Calipers"},{"floor":43,"key":"InkBottle"},{"floor":54,"key":"testmod-IndustrialRevolution"}],"event_choices":[{"cards_removed":["Strike_B"],"damage_healed":0.0,"max_hp_gain":0.0,"max_hp_loss":0.0,"gold_gain":0.0,"event_name":"The Cleric","player_choice":"Card Removal","floor":2.0,"gold_loss":50.0,"damage_taken":0.0},{"damage_healed":0.0,"max_hp_gain":0.0,"max_hp_loss":0.0,"gold_gain":0.0,"event_name":"Match and Keep!","player_choice":"0 cards matched","floor":8.0,"gold_loss":0.0,"damage_taken":0.0,"cards_obtained":[]},{"damage_healed":0.0,"max_hp_gain":0.0,"max_hp_loss":0.0,"gold_gain":0.0,"event_name":"Upgrade Shrine","player_choice":"Upgraded","floor":11.0,"gold_loss":0.0,"damage_taken":0.0,"cards_upgraded":["Recycle"]},{"damage_healed":0,"gold_gain":0,"player_choice":"Inject Mutagens","damage_taken":0,"relics_obtained":["MutagenicStrength"],"max_hp_gain":0,"max_hp_loss":0,"event_name":"Drug Dealer","floor":19,"gold_loss":0},{"damage_healed":0,"gold_gain":0,"player_choice":"Ignored","damage_taken":0,"max_hp_gain":0,"max_hp_loss":0,"event_name":"Ghosts","floor":20,"gold_loss":0},{"cards_removed":["Cold Snap"],"damage_healed":0,"gold_gain":0,"player_choice":"Removed Attack","damage_taken":0,"max_hp_gain":0,"max_hp_loss":0,"event_name":"Falling","floor":36,"gold_loss":0},{"damage_healed":0,"gold_gain":0,"player_choice":"Swap Relic","damage_taken":0,"relics_obtained":["testmod-HeartOfStrike"],"max_hp_gain":0,"max_hp_loss":0,"event_name":"给自己的盒子","floor":38,"relics_lost":["testmod-Justice"],"gold_loss":0},{"damage_healed":0,"gold_gain":400,"player_choice":"Sell","damage_taken":0,"max_hp_gain":0,"max_hp_loss":0,"event_name":"恩洛斯的盘子","floor":39,"relics_lost":["testmod-TestBox"],"gold_loss":0},{"damage_healed":0,"gold_gain":0,"player_choice":"Memory 3","damage_taken":10,"max_hp_gain":0,"max_hp_loss":0,"event_name":"SensoryStone","floor":48,"gold_loss":0}],"is_beta":false,"boss_relics":[{"not_picked":["testmod-Fanaticism","Snecko Eye"],"picked":"testmod-DeterminationOfClimber"},{"not_picked":["Nuclear Battery","testmod-KeyOfTheVoid"],"picked":"Replay:Wanted Poster"}],"items_purged_floors":[3,5,21,25,31,44,47,53],"is_endless":false,"potions_floor_spawned":[10,12,13,27,28,30,33,35,45,46],"ascension_level":2}}