{"host":"lxihx0b6awoz2w1j","time":1610027608,"event":{"mods":["Aspiration","BaseMod","Better Third Choice","CapriCore","Colored Powertips","Downfall","Hermit","HololiveMod","Hubris","Infinite Spire","JesterMod","Luminous","Marisa????????","Melee Mod","Minty Spire (QoL Compilation)","Prisma Mod","Quick Restart","Relic Stats","Replay The Spire","Shade Mod","Spicy Shops","StSLib","The Alterego","The Blue Laboratory","The Cursed","The Disciple","The Forsaken","The Immortal","The Jungle","The Marked","The Runesmith","The Senshi","The Servant 0.9.4","Waifu the Spire"],"gold_per_floor":[119,7,22,85,95,121,136,136,136,136,136,150,150,97,109,122,122,224,224,238,238,238],"floor_reached":21,"playtime":1149,"items_purged":[],"score":181,"play_id":"086739a3-01b7-4273-876e-69a5389eefb6","local_time":"20210107145328","is_ascension_mode":false,"campfire_choices":[{"floor":8.0,"key":"REST"},{"floor":17.0,"key":"REST"}],"circlet_count":0,"master_deck":["theMarked:Strike","theMarked:Strike","theMarked:Strike","theMarked:Strike","theMarked:Strike","theMarked:Defend","theMarked:Defend","theMarked:Defend","theMarked:Defend","theMarked:SoldierOfQuellstein","theMarked:Parkour","theMarked:Opportunist","theMarked:Aftermath","theMarked:WardOff","theMarked:StartUp","theMarked:ReduceFriction","theMarked:ComboAttacks","theMarked:TakeOffHeels","theMarked:HeightenedSenses","theMarked:BanishingStrike","theMarked:SwordAndMagic","theMarked:MagicAdept","theMarked:TwofoldDefense"],"relics":["theMarked:ArtifactOfAir","aspiration:Lifesprig","Happy Flower","hubris:Backtick","infinitespire:EmpoweringShard"],"acts_visited":["Exordium","TheCity"],"potions_floor_usage":[18],"damage_taken":[{"damage":7.0,"enemies":"2 Louse","floor":1.0,"turns":2.0},{"damage":0.0,"enemies":"Small Slimes","floor":3.0,"turns":3.0},{"damage":1.0,"enemies":"Cultist","floor":5.0,"turns":3.0},{"damage":15.0,"enemies":"Lagavulin","floor":6.0,"turns":7.0},{"damage":13.0,"enemies":"Gremlin Gang","floor":7.0,"turns":4.0},{"damage":18.0,"enemies":"Exordium Thugs","floor":12.0,"turns":4.0},{"damage":3.0,"enemies":"Red Slaver","floor":15.0,"turns":4.0},{"damage":14.0,"enemies":"Blue Slaver","floor":16.0,"turns":4.0},{"damage":48,"enemies":"Hexaghost","floor":18,"turns":8},{"damage":20,"enemies":"2 Thieves","floor":20,"turns":5},{"damage":0,"enemies":"3 Byrds","floor":21,"turns":2}],"seed_played":"1685885951657976320","potions_obtained":[{"floor":3.0,"key":"blueLaboratory:RecallPotion"},{"floor":4.0,"key":"blueLaboratory:PyrophylliteBrew"},{"floor":4.0,"key":"SkillPotion"},{"floor":12.0,"key":"Fire Potion"},{"floor":18,"key":"LiquidMemories"}],"is_trial":false,"path_per_floor":["M","$","M","?","M","E","M","R","T","PTL","PTL","M","?","$","M","M","R","B",null,"M","M"],"character_chosen":"THE_DEFAULT","items_purchased":["theMarked:Opportunist","theMarked:HeightenedSenses"],"campfire_rested":2,"item_purchase_floors":[2,14],"current_hp_per_floor":[70,70,70,70,69,54,41,64,64,64,64,46,46,46,43,29,52,4,77,57,57,57],"gold":238,"neow_bonus":"TEN_PERCENT_HP_BONUS","is_daily":false,"chose_seed":false,"campfire_upgraded":0,"win_rate":0.0,"timestamp":1610027608,"path_taken":["M","$","M","?","M","E","M","R","T","PTL","PTL","M","?","$","?","M","R","BOSS","M","?"],"items_purchased_type":["Card","Card"],"build_version":"2020-12-22","purchased_purges":0,"victory":false,"max_hp_per_floor":[77,77,77,77,77,77,77,77,77,77,77,77,77,77,77,77,77,77,77,77,77,77],"relic_stats":{"Happy Flower":[9],"counters":[11,46],"obtain_stats":[{"theMarked:ArtifactOfAir":0,"aspiration:Lifesprig":6,"hubris:Backtick":19,"Happy Flower":9,"infinitespire:EmpoweringShard":19},{"theMarked:ArtifactOfAir":0,"aspiration:Lifesprig":4,"hubris:Backtick":9,"Happy Flower":5,"infinitespire:EmpoweringShard":9},{"theMarked:ArtifactOfAir":0,"aspiration:Lifesprig":15,"hubris:Backtick":39,"Happy Flower":19,"infinitespire:EmpoweringShard":39}]},"card_choices":[{"not_picked":["theMarked:Improvise","theMarked:Static"],"picked":"theMarked:Parkour","floor":1.0},{"not_picked":["theMarked:Static","theMarked:Frustration"],"picked":"theMarked:Aftermath","floor":3.0},{"not_picked":["theMarked:RepellingDischarge","theMarked:Static"],"picked":"theMarked:WardOff","floor":4.0},{"not_picked":["theMarked:Indomitable","theMarked:ChainLightning"],"picked":"theMarked:StartUp","floor":5.0},{"not_picked":["theMarked:Parkour","theMarked:RepellingDischarge"],"picked":"theMarked:ReduceFriction","floor":6.0},{"not_picked":["theMarked:ElectricStrings","theMarked:Panic"],"picked":"theMarked:ComboAttacks","floor":7.0},{"not_picked":["theMarked:ElementalBlade","theMarked:Improvise"],"picked":"theMarked:TakeOffHeels","floor":12.0},{"not_picked":["theMarked:RepellingDischarge","theMarked:Standoff"],"picked":"theMarked:BanishingStrike","floor":15.0},{"not_picked":["theMarked:CreepingChasm","theMarked:ParalyzingBlade"],"picked":"theMarked:SwordAndMagic","floor":16.0},{"not_picked":["theMarked:Snap","theMarked:FavorableWinds"],"picked":"theMarked:MagicAdept","floor":18},{"not_picked":["theMarked:GodGivenPower","theMarked:ComboAttacks+1"],"picked":"theMarked:TwofoldDefense","floor":20}],"player_experience":536434,"relics_obtained":[{"floor":6.0,"key":"aspiration:Lifesprig"},{"floor":9.0,"key":"Happy Flower"}],"event_choices":[{"damage_healed":0.0,"max_hp_gain":0.0,"max_hp_loss":0.0,"gold_gain":0.0,"event_name":"Transmorgrifier","player_choice":"Ignored","floor":13.0,"gold_loss":0.0,"damage_taken":0.0}],"is_beta":false,"boss_relics":[{"not_picked":["Hololive_ChaosS","Hololive_Finger"],"picked":"hubris:Backtick"}],"items_purged_floors":[],"is_endless":false,"potions_floor_spawned":[3,7,12,15,18],"killed_by":"3 Byrds","ascension_level":0}}