{"host":"n7mxhpjy89lltbhc","time":1610015718,"event":{"mods":["2.2 Compatiblity","Act Like it!","Bard","BaseMod","Better Match","Better Sensory Stone","Better Synergies","Better Vampires","BetterRewards","Colored Map","Colored Powertips","Downfall","Exacting","Gensokyo","Hubris","Infinite Spire","Jedi Mod","Marisa????????","Minty Spire (QoL Compilation)","Permanent Neow","Rare Cards Sparkle","Relic Sorter","Relic Stats","Replay The Spire","Shop Mod","Small Relic Pack","Spicy Shops","StSLib","Strawberry Spire","Td1madao Mod","The Blue Laboratory","The Marked","The Servant 0.9.4","Waifu the Spire","Wandering Minibosses"],"gold_per_floor":[109,128,128,128,161,161,187,187,210,303,328,340,352,399,411,500,512,540,552,564,296,315,315,345,345,390,401,401,401,401],"floor_reached":29,"playtime":771,"items_purged":["Shame"],"score":490,"play_id":"92c0c8a9-e10d-4a3a-a20c-11d0edb469f2","local_time":"25640107173518","is_ascension_mode":true,"campfire_choices":[{"data":"infinitespire:DeathsTouch","floor":6,"key":"SMITH"},{"floor":8,"key":"REST"},{"floor":15,"key":"REST"},{"data":"Potential","floor":23,"key":"SMITH"},{"floor":28,"key":"REST"}],"circlet_count":0,"master_deck":["AscendersBane","Strike_S","Strike_S","Strike_S","Strike_S","Defend_S","Defend_S","Defend_S","Defend_S","KidneyShot+1","Exchange","Potential+1","ShatteredReality","infinitespire:DeathsTouch+1","Alleviate","Defy+1","FanOfKnives","Duplication","DualDimension+1","MurderousAura","DualDimension","Gensokyo:Kunekune","Slimebound:Icky","Contraction"],"relics":["Uniform","hexamod:BolsterEngine","MawBank","InkBottle","Mummified Hand","Strawberry","Bottled Flame","Cursed Key","Replay:Baseball","infinitespire:EmpoweringShard","Centennial Puzzle"],"acts_visited":["Exordium","Gensokyo:Gensokyoer"],"potions_floor_usage":[7,16],"damage_taken":[{"damage":0,"enemies":"Small Slimes","floor":1,"turns":5},{"damage":2,"enemies":"Jaw Worm","floor":2,"turns":5},{"damage":2,"enemies":"2 Louse","floor":5,"turns":4},{"damage":31,"enemies":"strawberrySpire:EnergyPylons","floor":7,"turns":4},{"damage":0,"enemies":"Looter","floor":11,"turns":3},{"damage":3,"enemies":"Replay:BlueRogue","floor":14,"turns":6},{"damage":20,"enemies":"The Guardian","floor":16,"turns":7},{"damage":2,"enemies":"Gensokyo:Chomper","floor":18,"turns":4},{"damage":3,"enemies":"Gensokyo:CosmicMonolith","floor":22,"turns":4},{"damage":23,"enemies":"Gensokyo:Koishi","floor":24,"turns":8},{"damage":25,"enemies":"Gensokyo:Wraith","floor":27,"turns":4},{"damage":25,"enemies":"Gensokyo:Mirror_and_Dog","floor":29,"turns":1}],"seed_played":"-3458245365589356256","potions_obtained":[{"floor":1,"key":"CultistPotion"},{"floor":5,"key":"blueLaboratory:PolymorphPotion"},{"floor":14,"key":"Ancient Potion"},{"floor":18,"key":"blueLaboratory:ExaltedPotion"}],"is_trial":false,"path_per_floor":["M","M","?","?","M","R","E","R","T","T","M","T","$","E","R","B",null,"M","?","?","$","M","R","E","?","T","M","R","M"],"character_chosen":"THE_SERVANT","items_purchased":["Strawberry","DualDimension","Replay:Baseball"],"campfire_rested":3,"item_purchase_floors":[13,21,21],"current_hp_per_floor":[54,52,37,37,35,35,4,22,22,22,22,22,19,16,36,16,54,52,52,52,52,49,49,26,26,26,1,18,0,0],"gold":401,"neow_bonus":"ONE_RANDOM_RARE_CARD","is_daily":false,"chose_seed":false,"campfire_upgraded":2,"win_rate":0.0,"timestamp":1610015718,"path_taken":["M","M","?","?","M","R","E","R","T","?","M","?","?","E","R","BOSS","M","?","?","$","M","R","E","?","T","M","R","M"],"items_purchased_type":["Relic","Card","Relic"],"build_version":"2020-12-22","purchased_purges":1,"victory":false,"max_hp_per_floor":[60,60,60,60,60,60,60,60,60,60,60,60,67,67,67,67,67,67,67,67,67,67,67,67,59,59,59,59,59,59],"relic_stats":{"Centennial Puzzle":[6],"counters":[12,55],"Mummified Hand":[2],"MawBank":144,"Cursed Key":1,"obtain_stats":[{"Frozen Eye":24,"Bottled Flame":14,"Replay:Baseball":21,"Centennial Puzzle":26,"Mummified Hand":12,"Strawberry":13,"Uniform":0,"infinitespire:EmpoweringShard":24,"hexamod:BolsterEngine":7,"MawBank":9,"Cursed Key":17,"InkBottle":10},{"Frozen Eye":9,"Bottled Flame":6,"Replay:Baseball":8,"Centennial Puzzle":10,"Mummified Hand":5,"Strawberry":5,"Uniform":0,"infinitespire:EmpoweringShard":10,"hexamod:BolsterEngine":4,"MawBank":4,"Cursed Key":7,"InkBottle":4},{"Frozen Eye":42,"Bottled Flame":27,"Replay:Baseball":38,"Centennial Puzzle":50,"Mummified Hand":21,"Strawberry":21,"Uniform":0,"infinitespire:EmpoweringShard":50,"hexamod:BolsterEngine":18,"MawBank":18,"Cursed Key":34,"InkBottle":18}],"InkBottle":[10]},"card_choices":[{"not_picked":["Alleviate","Defy"],"picked":"Potential","floor":1},{"not_picked":["Starlight","GearUp"],"picked":"ShatteredReality","floor":2},{"not_picked":["ReplayTheSpireMod:Haul","ReplayTheSpireMod:Black Plague"],"picked":"infinitespire:DeathsTouch","floor":3},{"not_picked":["Rewind","Sabotage","ShiftingGears"],"picked":"SKIP","floor":5},{"not_picked":["KillingDoll","Unruled"],"picked":"Alleviate","floor":7},{"not_picked":["Collapse","Spin"],"picked":"Defy","floor":11},{"not_picked":["Revamp","Unruled"],"picked":"FanOfKnives","floor":14},{"not_picked":["Solidify","Sunlight"],"picked":"Duplication","floor":16},{"not_picked":["Contraction","Alleviate"],"picked":"DualDimension","floor":18},{"not_picked":["DoubleEdge+1","BottledTime","Spin"],"picked":"SKIP","floor":22},{"not_picked":["StarChef","BottledTime","SpecialFormula"],"picked":"SKIP","floor":24},{"not_picked":["Gensokyo:SevenSchoolMysteries","Gensokyo:HAARP"],"picked":"Gensokyo:Kunekune","floor":25},{"not_picked":["Spin","Ricochet"],"picked":"Contraction","floor":27}],"player_experience":1066684,"relics_obtained":[{"floor":7,"key":"hexamod:BolsterEngine"},{"floor":9,"key":"MawBank"},{"floor":10,"key":"InkBottle"},{"floor":12,"key":"Mummified Hand"},{"floor":14,"key":"Bottled Flame"},{"floor":24,"key":"infinitespire:EmpoweringShard"},{"floor":26,"key":"Centennial Puzzle"}],"event_choices":[{"damage_healed":0,"gold_gain":1,"player_choice":"1","damage_taken":0,"max_hp_gain":0,"max_hp_loss":0,"event_name":"betterStone:BetterStone","floor":4,"gold_loss":0}],"is_beta":false,"boss_relics":[{"not_picked":["Painkiller Herb","MysterySword"],"picked":"Cursed Key"}],"items_purged_floors":[21],"is_endless":false,"potions_floor_spawned":[1,5,14,18,22],"killed_by":"Gensokyo:Mirror_and_Dog","ascension_level":17}}