{"host":"qheym18ww6mhskxf","time":1610056247,"event":{"mods":["BaseMod","CapriCore","Friendly Minions","GungeonMod","KOR Keyword Fix","Kiyohime£¨?ýï£©","Minty Spire (QoL Compilation)","Prisma Mod","Quick Restart","RRrroohrrRGHHhhh!!","Rare Cards Sparkle","Shop Mod","Spicy Shops","StSLib","Td1madao Mod","Username Fix"],"gold_per_floor":[119,44,64,64,64,64,135,162,162,192,212,242,12,24,24,127,177,196,5,18,18,37,37,71,22,22,47,64,99,99,133,133,234,234,259,153,153,0,26,55,84,134,134,134,169,169,169],"floor_reached":46,"playtime":2222,"items_purged":["KiyohimeMod:FlameKiss","KiyohimeMod:Shapeshift","Pride"],"score":1521,"play_id":"3d4872a6-fa2c-458c-b028-276597a3a3bb","local_time":"20210108065047","daily_mods":["Heirloom","Time Dilation","DeadlyEvents","Elite Swarm"],"is_ascension_mode":true,"campfire_choices":[{"data":"KiyohimeMod:Track","floor":6.0,"key":"SMITH"},{"data":"PrismaMod:ChloeCheapDefendTwo","floor":15.0,"key":"SMITH"},{"data":"Panacea","floor":23.0,"key":"SMITH"},{"data":"PrismaMod:ChloeCheapDefendTwo","floor":30.0,"key":"SMITH"},{"floor":32.0,"key":"DIG"},{"floor":44.0,"key":"DIG"}],"circlet_count":0,"master_deck":["KiyohimeMod:Strike","KiyohimeMod:Strike","KiyohimeMod:Strike","KiyohimeMod:Strike","KiyohimeMod:Defend+1","KiyohimeMod:Defend+1","KiyohimeMod:Defend","KiyohimeMod:Defend","KiyohimeMod:Track+1","KiyohimeMod:GreenBlackKey","PrismaMod:ChloeCarnivalDefend","PrismaMod:ChloeCheapDefendTwo+1","KiyohimeMod:BlueBlackKey+1","KiyohimeMod:RedBlackKey","Panacea+1","PrismaMod:ChloeCarnivalDefend","PrismaMod:ChloeCheapDefendTwo+1","KiyohimeMod:Tenacious+1","KiyohimeMod:BlueBlackKey"],"relics":["Unceasing Top","Torii","Bag of Preparation","Calipers","MerchantsRug","Medical Kit","CeramicFish","Potion Belt","Shovel","FossilizedHelix","ClockworkSouvenir","Ancient Tea Set","Sundial","Ginger","Shuriken","Bag of Marbles","War Paint"],"acts_visited":[],"potions_floor_usage":[],"damage_taken":[{"damage":0.0,"enemies":"2 Louse","floor":1.0,"turns":2.0},{"damage":0.0,"enemies":"Jaw Worm","floor":3.0,"turns":1.0},{"damage":0.0,"enemies":"3 Sentries","floor":8.0,"turns":4.0},{"damage":0.0,"enemies":"Lagavulin","floor":10.0,"turns":3.0},{"damage":0.0,"enemies":"Cultist","floor":11.0,"turns":1.0},{"damage":0.0,"enemies":"3 Sentries","floor":12.0,"turns":4.0},{"damage":0.0,"enemies":"Looter","floor":14.0,"turns":1.0},{"damage":0.0,"enemies":"Slime Boss","floor":16.0,"turns":4.0},{"damage":0.0,"enemies":"Spheric Guardian","floor":18.0,"turns":2.0},{"damage":0.0,"enemies":"2 Thieves","floor":20.0,"turns":2.0},{"damage":0.0,"enemies":"Sentry and Sphere","floor":22.0,"turns":2.0},{"damage":0.0,"enemies":"Gremlin Leader","floor":24.0,"turns":2.0},{"damage":0.0,"enemies":"Snecko","floor":27.0,"turns":1.0},{"damage":0.0,"enemies":"Snake Plant","floor":28.0,"turns":2.0},{"damage":1.0,"enemies":"Slavers","floor":29.0,"turns":3.0},{"damage":0.0,"enemies":"Gremlin Leader","floor":31.0,"turns":3.0},{"damage":0.0,"enemies":"Automaton","floor":33.0,"turns":10.0},{"damage":0.0,"enemies":"3 Shapes","floor":35.0,"turns":3.0},{"damage":0.0,"enemies":"Nemesis","floor":39.0,"turns":5.0},{"damage":0.0,"enemies":"Giant Head","floor":40.0,"turns":5.0},{"damage":0.0,"enemies":"3 Darklings","floor":41.0,"turns":4.0},{"damage":0.0,"enemies":"Mind Bloom Boss Battle","floor":42.0,"turns":2.0},{"damage":0.0,"enemies":"Nemesis","floor":45.0,"turns":5.0},{"damage":0,"enemies":"Transient","floor":46,"turns":1}],"seed_played":"-7292293555670587142","potions_obtained":[{"floor":1.0,"key":"SteroidPotion"},{"floor":8.0,"key":"BlessingOfTheForge"},{"floor":10.0,"key":"BlessingOfTheForge"},{"floor":12.0,"key":"DistilledChaos"},{"floor":16.0,"key":"Ancient Potion"},{"floor":17.0,"key":"Fruit Juice"},{"floor":24.0,"key":"Dexterity Potion"},{"floor":28.0,"key":"Weak Potion"},{"floor":31.0,"key":"ColorlessPotion"},{"floor":39.0,"key":"EssenceOfSteel"},{"floor":40.0,"key":"FearPotion"},{"floor":41.0,"key":"Energy Potion"}],"is_trial":true,"path_per_floor":["M","$","M","$","?","R","T","E","T","E","M","E","$","M","R","B",null,"M","$","M","?","M","R","E","$","T","M","M","E","R","E","R","B",null,"M","$","?","$","E","E","M","?","T","R","E","M"],"character_chosen":"Kiyohime","items_purchased":["MerchantsRug","Medical Kit","KiyohimeMod:BlueBlackKey","Panacea","Pen Nib","CeramicFish","FossilizedHelix","ClockworkSouvenir"],"campfire_rested":0,"item_purchase_floors":[13,13,13,19,19,25,36,38],"current_hp_per_floor":[1,1,1,1,1,1,1,1,1,1,1,1,1,1,1,1,11,11,11,11,11,11,11,11,11,11,11,11,10,10,10,10,10,11,11,11,11,11,11,11,11,11,11,11,11,11,11],"gold":169,"neow_bonus":"","is_daily":false,"chose_seed":false,"campfire_upgraded":4,"win_rate":0.0,"timestamp":1610056247,"path_taken":["M","$","M","$","?","R","?","E","T","?","M","E","$","M","R","BOSS","M","$","M","?","M","R","E","$","T","?","?","E","R","E","R","BOSS","M","$","?","$","?","E","M","?","T","R","E","M"],"items_purchased_type":["Relic","Relic","Card","Card","Relic","Relic","Relic","Relic"],"build_version":"2020-12-22","purchased_purges":3,"victory":false,"max_hp_per_floor":[1,1,1,1,1,1,1,1,1,1,1,1,1,1,1,1,11,11,11,11,11,11,11,11,11,11,11,11,11,11,11,11,11,11,11,11,11,11,11,11,11,11,11,11,11,11,11],"card_choices":[{"not_picked":["KiyohimeMod:HydraDagger","KiyohimeMod:WaterTurn","KiyohimeMod:AndSoTheShipConquers"],"picked":"SKIP","floor":1.0},{"not_picked":["KiyohimeMod:WaterTurn","PrismaMod:ChloeCommonAOEAttack"],"picked":"KiyohimeMod:GreenBlackKey","floor":3.0},{"not_picked":["KiyohimeMod:Servant_Osakabehime","PrismaMod:ChloeAnyAttackTrace","PrismaMod:ChloeGreatTracePools"],"picked":"SKIP","floor":8.0},{"not_picked":["PrismaMod:ChloeDoubleRelicSpeed","PrismaMod:ChloeReshuffleDiscard"],"picked":"PrismaMod:ChloeCarnivalDefend","floor":10.0},{"not_picked":["KiyohimeMod:AndSoTheShipConquers","PrismaMod:ChloeBetterTracePools"],"picked":"PrismaMod:ChloeCheapDefendTwo","floor":11.0},{"not_picked":["KiyohimeMod:CastleOfTheSun","PrismaMod:ChloeCarnivalAttack","KiyohimeMod:Servant_TamamoNoMae"],"picked":"SKIP","floor":12.0},{"not_picked":["PrismaMod:ChloeCheapAttackTwo","PrismaMod:ChloeExhaustOne"],"picked":"KiyohimeMod:RedBlackKey","floor":14.0},{"not_picked":["KiyohimeMod:HydraDagger+1","KiyohimeMod:AndSoTheShipConquers","KiyohimeMod:Berserker+1"],"picked":"SKIP","floor":18.0},{"not_picked":["KiyohimeMod:HydraDagger+1","PrismaMod:ChloeEyeOfTheEuryale","KiyohimeMod:RealityMarble"],"picked":"SKIP","floor":20.0},{"not_picked":["KiyohimeMod:AndSoTheShipConquers","PrismaMod:ChloeChristmas","KiyohimeMod:FormalCraft+1"],"picked":"SKIP","floor":22.0},{"not_picked":["KiyohimeMod:Servant_Osakabehime","KiyohimeMod:MagicCrystal"],"picked":"PrismaMod:ChloeCarnivalDefend","floor":24.0},{"not_picked":["KiyohimeMod:ExSpicyMapoTofu+1","PrismaMod:ChloeCheapDefend"],"picked":"PrismaMod:ChloeCheapDefendTwo","floor":27.0},{"not_picked":["PrismaMod:ChloeChristmas+1","PrismaMod:ChloeUncommonDefend","PrismaMod:ChloeDiscardRecovery"],"picked":"SKIP","floor":28.0},{"not_picked":["PrismaMod:ChloeAnyPowerTrace","PrismaMod:ChloeAnyCommonTrace","KiyohimeMod:PrismaCosmos"],"picked":"SKIP","floor":29.0},{"not_picked":["KiyohimeMod:Destruction","KiyohimeMod:Barrier","PrismaMod:ChloeDevil"],"picked":"SKIP","floor":31.0},{"not_picked":["KiyohimeMod:WaterTurn","PrismaMod:ChloeCommonAOEAttack+1"],"picked":"KiyohimeMod:Tenacious+1","floor":35.0},{"not_picked":["KiyohimeMod:JeweledSword","PrismaMod:ChloeExhaustThree","PrismaMod:ChloeUnlimitedBladeWorks"],"picked":"SKIP","floor":39.0},{"not_picked":["PrismaMod:ChloeExhaustThree","KiyohimeMod:GoldenCarpFigure","KiyohimeMod:HeroCreation"],"picked":"SKIP","floor":40.0},{"not_picked":["KiyohimeMod:Berserker+1","PrismaMod:ChloeExhaustOne+1"],"picked":"KiyohimeMod:BlueBlackKey","floor":41.0},{"not_picked":["PrismaMod:ChloeAnyAttackTrace","PrismaMod:ChloeExhaustThree","KiyohimeMod:PrismaCosmos"],"picked":"SKIP","floor":45.0}],"player_experience":565758,"relics_obtained":[{"floor":7.0,"key":"Blue Candle"},{"floor":8.0,"key":"KiyohimeMod:TerritoryCreation"},{"floor":9.0,"key":"Mummified Hand"},{"floor":10.0,"key":"Bag of Preparation"},{"floor":12.0,"key":"Calipers"},{"floor":24.0,"key":"MawBank"},{"floor":26.0,"key":"Meat on the Bone"},{"floor":29.0,"key":"Potion Belt"},{"floor":31.0,"key":"Shovel"},{"floor":32.0,"key":"Centennial Puzzle"},{"floor":39.0,"key":"Ancient Tea Set"},{"floor":40.0,"key":"Sundial"},{"floor":42.0,"key":"Ginger"},{"floor":43.0,"key":"Shuriken"},{"floor":44.0,"key":"Bag of Marbles"},{"floor":45.0,"key":"War Paint"}],"event_choices":[{"damage_healed":0.0,"max_hp_gain":0.0,"max_hp_loss":0.0,"gold_gain":0.0,"event_name":"Scrap Ooze","player_choice":"Fled","floor":5.0,"gold_loss":0.0,"damage_taken":0.0},{"damage_healed":0.0,"max_hp_gain":0.0,"max_hp_loss":0.0,"gold_gain":0.0,"event_name":"Transmorgrifier","player_choice":"Ignored","floor":21.0,"gold_loss":0.0,"damage_taken":0.0},{"damage_healed":0.0,"max_hp_gain":0.0,"max_hp_loss":0.0,"gold_gain":0.0,"event_name":"WeMeetAgain","player_choice":"Ignored","floor":37.0,"gold_loss":0.0,"damage_taken":0.0},{"damage_healed":0.0,"max_hp_gain":0.0,"max_hp_loss":0.0,"gold_gain":0.0,"event_name":"MindBloom","player_choice":"Fight","floor":42.0,"gold_loss":0.0,"damage_taken":0.0}],"is_beta":false,"boss_relics":[{"not_picked":["Philosopher\u0027s Stone","Pandora\u0027s Box"],"picked":"Tiny House"},{"not_picked":["Runic Dome","Snecko Eye","Calling Bell"]}],"items_purged_floors":[2,13,36],"is_endless":true,"potions_floor_spawned":[1,8,10,12,16,24,28,31,39,40,41],"killed_by":"Transient","ascension_level":9}}