{"host":"aaqofma31c3gm2hj","time":1610006216,"event":{"mods":["BaseMod","Minty Spire (QoL Compilation)","Replay The Spire","Spicy Shops","StSLib"],"gold_per_floor":[113,129,54,54,19,54,79,79,79,12,105,128,167,117,117,117,117],"floor_reached":16,"playtime":327,"items_purged":["Strike_G","Strike_G"],"score":266,"play_id":"2aadc2a1-846c-451d-9bd7-9072acbbbd54","local_time":"20210107155656","is_ascension_mode":true,"campfire_choices":[{"data":"Tactician","floor":8.0,"key":"SMITH"},{"data":"Strike_G","floor":15,"key":"PURGE"}],"circlet_count":0,"master_deck":["AscendersBane","Strike_G","Defend_G+1","Defend_G+1","Defend_G+1","Defend_G+1","Defend_G+1","Survivor","Neutralize","Parasite","Acrobatics","Acrobatics","Tactician+1","Hidden Blade","Pot Of Greed","Pot Of Greed"],"relics":["Ring of the Snake","NeowsBlessing","Golden Idol","ReplayTheSpireMod:CursedCoin","Membership Card","Replay:Bottled Eggs","HornCleat","PreservedInsect","Grinning Jar","Gambling Chip"],"acts_visited":["Exordium"],"potions_floor_usage":[],"damage_taken":[{"damage":0.0,"enemies":"2 Louse","floor":1.0,"turns":1.0},{"damage":0.0,"enemies":"Jaw Worm","floor":2.0,"turns":1.0},{"damage":0.0,"enemies":"Replay:BlueRogue","floor":6.0,"turns":1.0},{"damage":4.0,"enemies":"Small Slimes","floor":7.0,"turns":6.0},{"damage":0.0,"enemies":"Looter","floor":12.0,"turns":5.0},{"damage":10.0,"enemies":"Lagavulin","floor":13.0,"turns":7.0},{"damage":13,"enemies":"The Guardian","floor":16,"turns":3}],"seed_played":"4201693766132475267","potions_obtained":[{"floor":1.0,"key":"PowerPotion"},{"floor":7.0,"key":"Swift Potion"}],"is_trial":false,"path_per_floor":["M","M","?","?","$","E","M","R","T","$","?","M","E","$","R","B"],"character_chosen":"THE_SILENT","items_purchased":["ReplayTheSpireMod:CursedCoin","Membership Card","Acrobatics","Hidden Blade","Gambling Chip"],"campfire_rested":0,"item_purchase_floors":[5,5,5,10,14],"current_hp_per_floor":[59,59,59,59,59,59,55,55,55,55,36,36,26,26,26,13,13],"gold":117,"neow_bonus":"THREE_ENEMY_KILL","is_daily":false,"chose_seed":false,"campfire_upgraded":1,"win_rate":0.0,"timestamp":1610006216,"path_taken":["M","M","?","?","$","E","M","R","T","?","?","M","E","$","R","BOSS"],"items_purchased_type":["Relic","Relic","Card","Card","Relic"],"build_version":"2020-12-22","purchased_purges":2,"victory":false,"max_hp_per_floor":[66,66,66,60,60,60,60,60,60,60,60,60,60,60,60,60,60],"card_choices":[{"not_picked":["Bouncing Flask","Leg Sweep","Deflect"],"picked":"SKIP","floor":1.0},{"not_picked":["Flying Knee","Caltrops","Choke"],"picked":"SKIP","floor":2.0},{"not_picked":["Deadly Poison","Slice","ReplayTheSpireMod:Exploit Weakness"],"picked":"SKIP","floor":6.0},{"not_picked":["Outmaneuver","Reflex"],"picked":"Tactician","floor":7.0},{"not_picked":["Cloak And Dagger","Bullet Time","Flying Knee"],"picked":"SKIP","floor":12.0},{"not_picked":["Cloak And Dagger","Dodge and Roll","Dagger Throw"],"picked":"SKIP","floor":13.0}],"player_experience":565591,"relics_obtained":[{"floor":6.0,"key":"Replay:Bottled Eggs"},{"floor":9.0,"key":"HornCleat"},{"floor":11.0,"key":"PreservedInsect"},{"floor":13.0,"key":"Grinning Jar"}],"event_choices":[{"cards_removed":["Strike_G"],"damage_healed":0.0,"max_hp_gain":0.0,"max_hp_loss":0.0,"gold_gain":0.0,"event_name":"The Cleric","player_choice":"Card Removal","floor":3.0,"gold_loss":75.0,"damage_taken":0.0},{"damage_healed":0.0,"max_hp_gain":0.0,"max_hp_loss":6.0,"gold_gain":0.0,"event_name":"Golden Idol","player_choice":"Lose Max HP","floor":4.0,"gold_loss":0.0,"damage_taken":0.0,"relics_obtained":["Golden Idol"]}],"is_beta":false,"boss_relics":[],"items_purged_floors":[10,14],"is_endless":false,"potions_floor_spawned":[1,7],"killed_by":"The Guardian","ascension_level":20}}