{"host":"d8hh7rr4yzitjeuj","time":1610024698,"event":{"mods":["2.2 Compatiblity","AchievementEnabler","Act Like it!","BaseMod","Colored Map","Colored Powertips","Highlight Path","Keyboard Shortcuts","Minty Spire (QoL Compilation)","Permanent Neow","Quick Restart","StSLib","SuperFastMode"],"gold_per_floor":[109,127,144,103,122,122,150,150,174,174,174,208,126,145,145,145,145],"floor_reached":16,"playtime":392,"items_purged":[],"score":220,"play_id":"f92f07be-a527-4d64-a07d-28d4fe1a23a5","local_time":"20210107220458","is_ascension_mode":true,"campfire_choices":[{"floor":6,"key":"RECALL"},{"data":"Infernal Blade","floor":8,"key":"SMITH"},{"data":"Fire Breathing","floor":10,"key":"SMITH"},{"data":"True Grit","floor":15,"key":"SMITH"}],"circlet_count":0,"master_deck":["AscendersBane","Strike_R","Strike_R","Strike_R","Strike_R","Strike_R","Defend_R","Defend_R","Defend_R","Defend_R","Bash","Thunderclap","Infernal Blade+1","Clothesline","Wild Strike","Fire Breathing+1","Shrug It Off","Pommel Strike","Power Through","True Grit+1","Sentinel","Body Slam"],"relics":["Burning Blood","Vajra","CeramicFish","Ancient Tea Set","Happy Flower"],"acts_visited":["Exordium"],"potions_floor_usage":[16,16],"damage_taken":[{"damage":1,"enemies":"Cultist","floor":1,"turns":3},{"damage":6,"enemies":"Small Slimes","floor":2,"turns":2},{"damage":7,"enemies":"Jaw Worm","floor":3,"turns":3},{"damage":3,"enemies":"Looter","floor":5,"turns":3},{"damage":27,"enemies":"3 Sentries","floor":7,"turns":6},{"damage":27,"enemies":"Lagavulin","floor":12,"turns":5},{"damage":0,"enemies":"Exordium Wildlife","floor":14,"turns":3},{"damage":28,"enemies":"Hexaghost","floor":16,"turns":9}],"seed_played":"5872376835360365015","potions_obtained":[{"floor":1,"key":"BlessingOfTheForge"},{"floor":12,"key":"HeartOfIron"}],"is_trial":false,"path_per_floor":["M","M","M","$","M","R","E","R","T","R","?","E","$","M","R","B"],"character_chosen":"IRONCLAD","items_purchased":["Fire Breathing","True Grit","Sentinel"],"campfire_rested":0,"item_purchase_floors":[4,13,13],"current_hp_per_floor":[73,73,72,72,75,75,54,54,54,54,43,22,22,28,28,0,0],"gold":145,"neow_bonus":"THREE_CARDS","is_daily":false,"chose_seed":false,"campfire_upgraded":3,"win_rate":0.0,"timestamp":1610024698,"path_taken":["M","M","M","?","M","R","E","R","T","R","?","E","$","M","R","BOSS"],"items_purchased_type":["Card","Card","Card"],"build_version":"2020-12-22","purchased_purges":0,"victory":false,"max_hp_per_floor":[75,75,75,75,75,75,75,75,75,75,75,75,75,75,75,75,75],"card_choices":[{"not_picked":["Warcry","Anger"],"picked":"Thunderclap","floor":0},{"not_picked":["Armaments","Warcry"],"picked":"Infernal Blade","floor":1},{"not_picked":["Reckless Charge","Sword Boomerang"],"picked":"Clothesline","floor":2},{"not_picked":["Thunderclap","Anger"],"picked":"Wild Strike","floor":3},{"not_picked":["Dual Wield","Headbutt"],"picked":"Shrug It Off","floor":5},{"not_picked":["Hemokinesis","Reckless Charge"],"picked":"Pommel Strike","floor":7},{"not_picked":["Intimidate","Pommel Strike"],"picked":"Power Through","floor":12},{"not_picked":["Twin Strike","Double Tap"],"picked":"Body Slam","floor":14}],"player_experience":1425245,"relics_obtained":[{"floor":7,"key":"Vajra"},{"floor":9,"key":"CeramicFish"},{"floor":12,"key":"Happy Flower"}],"event_choices":[{"damage_healed":0,"gold_gain":0,"player_choice":"Success","damage_taken":11,"relics_obtained":["Ancient Tea Set"],"max_hp_gain":0,"max_hp_loss":0,"event_name":"Scrap Ooze","floor":11,"gold_loss":0}],"is_beta":false,"boss_relics":[],"items_purged_floors":[],"is_endless":false,"potions_floor_spawned":[1,12,14],"killed_by":"Hexaghost","ascension_level":20}}