{"host":"dk10vuzdqf3wivcv","time":1610031593,"event":{"mods":["Aspiration","Astrologer","BaseMod","Colored Map","Conspire","Friendly Minions","Hubris","Minty Spire (QoL Compilation)","Replay The Spire","StSLib","SuperFastMode","Td1madao Mod","The Animator","The Cursed","The Gatherer","The Hierophant","The Jungle","The Marked","The Servant 0.9.4"],"gold_per_floor":[116,121,86,8,27,79,79,122,122,122,122,122],"floor_reached":11,"playtime":460,"items_purged":[],"score":75,"play_id":"b86be7d9-714e-4481-b96f-f7232e674b51","local_time":"20210107155953","is_ascension_mode":false,"campfire_choices":[],"circlet_count":0,"master_deck":["hierophant:Strike_Hierophant","hierophant:Strike_Hierophant","hierophant:Strike_Hierophant","hierophant:Strike_Hierophant","hierophant:Punish","hierophant:Defend_Hierophant","hierophant:Defend_Hierophant","hierophant:Defend_Hierophant","hierophant:Defend_Hierophant","hierophant:ChurchCoffers","hierophant:Martyrdom","hierophant:Martyrdom","hierophant:FaithHealing","hierophant:RustyCrate","hierophant:Doubloon","hierophant:Doubloon","hierophant:DeathKnell","hierophant:SolarFlare"],"relics":["hierophant:PropheticMaskRelic","Frozen Egg 2"],"acts_visited":["Exordium"],"potions_floor_usage":[6],"damage_taken":[{"damage":2,"enemies":"2 Louse","floor":1,"turns":2},{"damage":3,"enemies":"Small Slimes","floor":2,"turns":3},{"damage":6,"enemies":"Cultist","floor":5,"turns":3},{"damage":23,"enemies":"Lagavulin","floor":6,"turns":6},{"damage":33,"enemies":"Large Slime","floor":8,"turns":6},{"damage":5,"enemies":"Looter","floor":10,"turns":4},{"damage":0,"enemies":"3 Sentries","floor":11,"turns":1}],"seed_played":"-4098606489789749511","potions_obtained":[{"floor":1,"key":"BlessingOfTheForge"},{"floor":2,"key":"Ancient Potion"},{"floor":7,"key":"Swift Potion"},{"floor":7,"key":"Death Potion"}],"is_trial":false,"path_per_floor":["M","M","?","$","M","E","?","M","T","M","E"],"character_chosen":"HIEROPHANT","items_purchased":["hierophant:FaithHealing"],"campfire_rested":0,"item_purchase_floors":[4],"current_hp_per_floor":[80,77,82,82,76,53,53,20,20,15,15,15],"gold":122,"neow_bonus":"TEN_PERCENT_HP_BONUS","is_daily":false,"chose_seed":false,"campfire_upgraded":0,"win_rate":0.0,"timestamp":1610031593,"path_taken":["M","M","?","$","M","E","?","M","T","M","E"],"items_purchased_type":["Card"],"build_version":"2020-12-22","purchased_purges":0,"victory":false,"max_hp_per_floor":[82,82,82,82,82,82,82,82,82,82,82,82],"card_choices":[{"not_picked":["hierophant:Shelter","hierophant:HammerAndAnvil"],"picked":"hierophant:Martyrdom","floor":1},{"not_picked":["hierophant:RepressedViolence","hierophant:Sermon"],"picked":"hierophant:Martyrdom","floor":2},{"not_picked":["hierophant:Repentance","hierophant:MirrorShield"],"picked":"hierophant:RustyCrate","floor":5},{"not_picked":["hierophant:CursedGold+1","hierophant:RustyCrate"],"picked":"hierophant:DeathKnell","floor":6},{"not_picked":["hierophant:AuricShield","hierophant:Remorse"],"picked":"hierophant:SolarFlare","floor":8},{"not_picked":["hierophant:Doubloon","hierophant:ThreeLashes","hierophant:PassingBell"],"picked":"SKIP","floor":10}],"player_experience":145443,"relics_obtained":[{"floor":6,"key":"Frozen Egg 2"}],"event_choices":[{"damage_healed":20,"gold_gain":0,"player_choice":"Healed","damage_taken":0,"max_hp_gain":0,"max_hp_loss":0,"event_name":"The Cleric","floor":3,"gold_loss":35},{"damage_healed":0,"gold_gain":0,"player_choice":"Got Potions","damage_taken":0,"max_hp_gain":0,"max_hp_loss":0,"event_name":"Lab","floor":7,"gold_loss":0}],"is_beta":false,"boss_relics":[],"items_purged_floors":[],"is_endless":false,"potions_floor_spawned":[1,2,10],"killed_by":"3 Sentries","ascension_level":0}}