{"host":"dwyzfvnzfcqffr30","time":1610018459,"event":{"mods":["2.2 Compatiblity","Act Like it!","BaseMod","Beaked The Cultist","Better Altar","Better Match","Better Note","Better Sensory Stone","Better Skull","Better Third Choice","Clockwork Mod","Colored Map","Colored Powertips","Conspire","Downfall","Elementarium","GifTheSpireLib","Halation","Hermit","Hubris","Infinite Spire","Ironclad Rager","Jedi Mod","Menagerie","Mimic Mod","Minty Spire (QoL Compilation)","Permanent Neow","Random Character Button","Replay The Spire","Spicy Shops","StSLib","Stuff the Spire","The Construct","The Disciple","The Druid","The Marked","TheFirefly","Trackpad","vexMod"],"gold_per_floor":[438,485,485,485,87,127,149,149,181,28,57,78,101,6,6,101,151,178,209,209,237,237,581,632,707,760,760,845,944,97,97,97,246,912,989,989,914,997,347,347,406,523,565,683,20,75,75,111,111,169,169,169,26,142,314],"floor_reached":56,"playtime":4713,"items_purged":["thefirefly:Strike+1","thefirefly:Strike+1","thefirefly:PhotonBlast+1","Pain","thefirefly:Strike+1"],"score":2061,"play_id":"205903e1-cdc9-42b2-ad21-6f3651214c93","local_time":"20210107032059","is_ascension_mode":true,"campfire_choices":[{"floor":8,"key":"REST"},{"floor":15,"key":"REST"},{"floor":27,"key":"REST"},{"floor":32,"key":"REST"},{"data":"StuffTheSpire:Ambrosia","floor":40,"key":"SMITH"},{"floor":49,"key":"RECALL"},{"floor":52,"key":"REST"}],"circlet_count":0,"master_deck":["AscendersBane","thefirefly:Strike+1","thefirefly:Defend+1","thefirefly:Defend+1","thefirefly:Defend+1","thefirefly:Defend+1","thefirefly:StealthMode+1","MasterReality+1","thefirefly:Rend+1","thefirefly:InterceptingShot+1","thefirefly:FlareScreen+1","thefirefly:LustForEternity+1","thefirefly:CoveringFire+1","thefirefly:HyperFocus+1","thefirefly:Rend+1","thefirefly:LaserMail+1","thefirefly:CreateClone+1","thefirefly:AutoTargeting+1","thefirefly:ChargedLaser+1","thefirefly:EMP+1","thefirefly:ShieldGenerator+1","StuffTheSpire:Ambrosia+1","thefirefly:CreateClone+1","Pride","Pride","Pride","Madness+1","Madness+1","thefirefly:AuroralDischarge+1","thefirefly:LifeSupport+1","thefirefly:LaserMail+1","thefirefly:FlareScreen+1"],"relics":["thefirefly:StealthSystem","Toxic Egg 2","Molten Egg 2","Frozen Egg 2","Quantum Egg","Juzu Bracelet","hubris:EvacipatedBox","Bottled Tornado","infinitespire:EvilPickle","SacredBark","Potion Belt","jedi:cryingmask","trackpad:AdjectivePendant","conspire:GiftBox","Chemical X","Replay:Baseball","halation:TwoAmDonut","beaked:ShinyBauble","Tiny House","Old Coin","vexMod:ConsolationPrize","infinitespire:WardingShard","trackpad:RapidFire","ReplayTheSpireMod:Shallot","vexMod:RockOfEvil","hubris:EmptyBottle","conspire:GlowingRock","halation:BlackBeret","jedi:archwizardhat","trackpad:SneckoScepter","trackpad:Compendium","halation:Pancakes","Boot","Lee\u0027s Waffle","Toolbox","vexMod:BarristanHead"],"acts_visited":["Menagerie:Menagerie","TheCity","TheBeyond","TheEnding"],"potions_floor_usage":[11,18,19,21,23,25,33,33,35,42,42,42,42,50,50,54,54,55,55],"damage_taken":[{"damage":0,"enemies":"Menagerie:2_RABBITS","floor":1,"turns":4},{"damage":0,"enemies":"Menagerie:StygianBoar","floor":2,"turns":4},{"damage":8,"enemies":"Menagerie:Hydra","floor":6,"turns":7},{"damage":0,"enemies":"Menagerie:WhisperingWraith","floor":7,"turns":4},{"damage":2,"enemies":"Menagerie:EntropyWarlock","floor":9,"turns":7},{"damage":6,"enemies":"Menagerie:MaskedSummoner","floor":11,"turns":9},{"damage":6,"enemies":"Menagerie:EntropyWarlock","floor":12,"turns":5},{"damage":0,"enemies":"Menagerie:KEEPER_AND_YOUNG_SUNEATER","floor":13,"turns":7},{"damage":10,"enemies":"Menagerie:Chimera","floor":16,"turns":8},{"damage":0,"enemies":"3 Byrds","floor":18,"turns":3},{"damage":4,"enemies":"Chosen","floor":19,"turns":6},{"damage":4,"enemies":"Snake Plant","floor":21,"turns":5},{"damage":32,"enemies":"Slavers","floor":23,"turns":7},{"damage":14,"enemies":"Shelled Parasite and Fungi","floor":24,"turns":6},{"damage":3,"enemies":"Book of Stabbing","floor":25,"turns":6},{"damage":16,"enemies":"3 Cultists","floor":26,"turns":7},{"damage":15,"enemies":"3 Cultists","floor":28,"turns":6},{"damage":44,"enemies":"Automaton","floor":33,"turns":11},{"damage":0,"enemies":"Orb Walker","floor":35,"turns":7},{"damage":4,"enemies":"3 Shapes","floor":38,"turns":9},{"damage":19,"enemies":"Jaw Worm Horde","floor":41,"turns":7},{"damage":55,"enemies":"Nemesis","floor":42,"turns":7},{"damage":2,"enemies":"Sphere and 2 Shapes","floor":43,"turns":13},{"damage":52,"enemies":"Giant Head","floor":44,"turns":10},{"damage":53,"enemies":"Sphere and 2 Shapes","floor":46,"turns":8},{"damage":18,"enemies":"Maw","floor":48,"turns":9},{"damage":58,"enemies":"Time Eater","floor":50,"turns":11},{"damage":75,"enemies":"Shield and Spear","floor":54,"turns":8},{"damage":193,"enemies":"The Heart","floor":55,"turns":8}],"seed_played":"-1304802784668869660","potions_obtained":[{"floor":0,"key":"Explosive Potion"},{"floor":0,"key":"LifebloodPotion"},{"floor":0,"key":"FairyPotion"},{"floor":6,"key":"SpeedPotion"},{"floor":12,"key":"Guardian:BlockOnCardUsePotion"},{"floor":13,"key":"Weak Potion"},{"floor":17,"key":"champ:CounterPotion"},{"floor":18,"key":"Adrenaline Potion"},{"floor":21,"key":"champ:CounterPotion"},{"floor":28,"key":"Regen Potion"},{"floor":33,"key":"SkillPotion"},{"floor":35,"key":"Elixir"},{"floor":41,"key":"Fire Potion"},{"floor":46,"key":"Explosive Potion"},{"floor":54,"key":"Toxic Potion"}],"is_trial":false,"path_per_floor":["M","M","?","?","$","E","M","R","MIM","$","E","M","M","$","R","B",null,"M","M","?","M","?","E","M","E","MIM","R","M","?","$","?","R","B",null,"M","?","?","M","$","R","M","E","MIM","E","$","M","$","M","R","B",null,"R","$","E","B",null],"character_chosen":"THE_FIREFLY","items_purchased":["trackpad:AdjectivePendant","conspire:GiftBox","Replay:Baseball","beaked:ShinyBauble","trackpad:RapidFire","ReplayTheSpireMod:Shallot","SkillPotion","hubris:EmptyBottle","conspire:GlowingRock","Dexterity Potion","halation:BlackBeret","halation:Pancakes","thefirefly:LaserMail+1","Boot","Lee\u0027s Waffle","Toolbox"],"campfire_rested":5,"item_purchase_floors":[5,5,10,14,30,30,30,39,39,39,39,45,45,45,45,53],"current_hp_per_floor":[50,50,38,38,38,30,30,46,44,44,38,32,32,32,48,38,56,58,56,56,54,60,30,18,17,3,25,12,12,12,12,34,48,71,76,65,65,66,66,66,53,62,66,29,120,82,82,79,79,36,113,138,138,69,21],"gold":314,"neow_bonus":"THREE_SMALL_POTIONS","is_daily":false,"chose_seed":false,"campfire_upgraded":1,"win_rate":0.0,"timestamp":1610018459,"path_taken":["M","M","?","?","$","E","M","R","MIM","$","E","M","M","$","R","BOSS","M","M","?","M","?","E","M","E","MIM","R","M","?","$","?","R","BOSS","M","?","?","M","$","R","M","E","MIM","E","?","M","?","M","R","BOSS","R","$","E","BOSS"],"items_purchased_type":["Relic","Relic","Relic","Relic","Relic","Relic","Potion","Relic","Relic","Potion","Relic","Relic","Card","Relic","Relic","Relic"],"build_version":"2020-12-22","purchased_purges":5,"victory":true,"max_hp_per_floor":[55,55,55,55,55,55,55,55,55,55,55,55,55,55,55,55,60,62,64,64,66,66,68,70,72,74,74,76,76,76,76,76,79,79,84,84,84,89,89,89,95,101,107,113,120,126,126,132,132,138,138,138,138,144,150],"card_choices":[{"not_picked":["thefirefly:Flight+1","thefirefly:StarCinder+1"],"picked":"thefirefly:Rend+1","floor":1},{"not_picked":["thefirefly:Teleport+1","thefirefly:Preload+1"],"picked":"thefirefly:InterceptingShot+1","floor":2},{"not_picked":["thefirefly:Regeneration+1","thefirefly:SoulStrike+1"],"picked":"thefirefly:LustForEternity+1","floor":5},{"not_picked":["thefirefly:ReverseEngine+1","thefirefly:NebulaVeil+1"],"picked":"thefirefly:CoveringFire+1","floor":6},{"not_picked":["thefirefly:StarCinder+1","thefirefly:ReverseEngine+1"],"picked":"thefirefly:HyperFocus+1","floor":7},{"not_picked":["thefirefly:Ruminate+1","thefirefly:EnergyShield+1"],"picked":"thefirefly:Rend+1","floor":11},{"not_picked":["thefirefly:Pacify+1","thefirefly:AccountUncertainty+1","thefirefly:Reposition+1"],"picked":"SKIP","floor":12},{"not_picked":["thefirefly:InterceptingShot+1","thefirefly:Teleport+1"],"picked":"thefirefly:LaserMail+1","floor":13},{"not_picked":["thefirefly:Kugelblitz+1","thefirefly:Cosmogenesis+1"],"picked":"thefirefly:CreateClone+1","floor":16},{"not_picked":["thefirefly:MirrorShield+1","thefirefly:Boost+1","thefirefly:ArtillleryBeam+1"],"picked":"SKIP","floor":18},{"not_picked":["thefirefly:EMP+1","thefirefly:StarCinder+1"],"picked":"thefirefly:AutoTargeting+1","floor":19},{"not_picked":["thefirefly:EMP+1","thefirefly:HyperFocus+1"],"picked":"thefirefly:ChargedLaser+1","floor":21},{"not_picked":["thefirefly:FlareScreen+1","thefirefly:DataMiner+1","thefirefly:StoredPower+1"],"picked":"SKIP","floor":23},{"not_picked":["thefirefly:Preload+1","thefirefly:EvasiveManeuver+1","thefirefly:PhantomStrike+1"],"picked":"SKIP","floor":24},{"not_picked":["thefirefly:BreachMissile+1","thefirefly:NebulaVeil+1","thefirefly:SteadyAim+1"],"picked":"SKIP","floor":25},{"not_picked":["thefirefly:Reposition+1","thefirefly:RollBack+1"],"picked":"thefirefly:EMP+1","floor":26},{"not_picked":["thefirefly:InterceptingShot+1","thefirefly:LifeSupport+1"],"picked":"thefirefly:ShieldGenerator+1","floor":28},{"not_picked":["StuffTheSpire:Rapture","StuffTheSpire:CelestialWarden"],"picked":"StuffTheSpire:Ambrosia","floor":31},{"not_picked":["thefirefly:Nova+1","thefirefly:EphemeronForm+1"],"picked":"thefirefly:CreateClone+1","floor":33},{"not_picked":["thefirefly:QuantumTunneling+1","thefirefly:Lamentation+1","thefirefly:Rend+1"],"picked":"SKIP","floor":35},{"not_picked":["thefirefly:EMP+1","thefirefly:Quine+1","thefirefly:Teleport+1"],"picked":"SKIP","floor":38},{"not_picked":["thefirefly:NebulaVeil+1","thefirefly:HyperFocus+1"],"picked":"thefirefly:AuroralDischarge+1","floor":41},{"not_picked":["thefirefly:Kugelblitz+1","thefirefly:StoredPower+1","thefirefly:RecollectionSubroutine+1"],"picked":"SKIP","floor":42},{"not_picked":["thefirefly:FlakCannon+1","thefirefly:StoredPower+1"],"picked":"thefirefly:LifeSupport+1","floor":43},{"not_picked":["thefirefly:DataMiner+1","thefirefly:LifeSupport+1","thefirefly:PotentAmmunition+1"],"picked":"SKIP","floor":44},{"not_picked":["thefirefly:DataMiner+1","thefirefly:LifeSupport+1","thefirefly:PotentAmmunition+1"],"picked":"SKIP","floor":44},{"not_picked":["thefirefly:Unweft+1","thefirefly:HyperFocus+1","thefirefly:SteadyAim+1"],"picked":"SKIP","floor":46},{"not_picked":["thefirefly:PotentAmmunition+1","thefirefly:Exile+1","thefirefly:LaserMail+1"],"picked":"SKIP","floor":48},{"not_picked":["thefirefly:StarCinder+1","thefirefly:SteadyAim+1"],"picked":"thefirefly:FlareScreen+1","floor":54}],"player_experience":2625621,"relics_obtained":[{"floor":6,"key":"hubris:ToyBattleship"},{"floor":11,"key":"halation:TwoAmDonut"},{"floor":23,"key":"Old Coin"},{"floor":25,"key":"vexMod:ConsolationPrize"},{"floor":26,"key":"infinitespire:WardingShard"},{"floor":42,"key":"jedi:archwizardhat"},{"floor":43,"key":"trackpad:SneckoScepter"},{"floor":44,"key":"trackpad:Compendium"},{"floor":54,"key":"vexMod:BarristanHead"}],"event_choices":[{"damage_healed":0,"gold_gain":0,"player_choice":"Simplicity","damage_taken":0,"max_hp_gain":0,"max_hp_loss":8,"event_name":"betterThird:BetterWriting","floor":0,"gold_loss":0},{"damage_healed":0,"gold_gain":0,"player_choice":"RE ","damage_taken":14,"relics_obtained":["jedi:cryingmask"],"max_hp_gain":0,"max_hp_loss":0,"event_name":"betterSkull:BetterSkull","floor":3,"gold_loss":0,"cards_upgraded":[]},{"damage_healed":0,"gold_gain":99,"player_choice":"Steal","damage_taken":0,"max_hp_gain":0,"max_hp_loss":0,"event_name":"betterThird:BetterNest","floor":29,"gold_loss":0},{"damage_healed":0,"gold_gain":0,"player_choice":"Embrace Madness","damage_taken":11,"max_hp_gain":0,"max_hp_loss":0,"event_name":"Winding Halls","floor":36,"gold_loss":0,"cards_obtained":["Madness","Madness"]},{"damage_healed":0,"gold_gain":0,"player_choice":"3","damage_taken":0,"max_hp_gain":0,"max_hp_loss":0,"event_name":"betterMatch:BetterMatch","floor":37,"gold_loss":0,"cards_obtained":[]}],"is_beta":false,"boss_relics":[{"not_picked":["hubris:RunicObelisk","Philosopher\u0027s Stone","hubris:TerracottaHorce"],"picked":"Tiny House"},{"not_picked":["hubris:HollowSoul","Painkiller Herb","conspire:RunicOctahedron"],"picked":"vexMod:RockOfEvil"}],"items_purged_floors":[5,5,30,30,30],"is_endless":false,"potions_floor_spawned":[6,12,13,18,21,28,33,35,41,46,48,54],"ascension_level":12}}