{"host":"2lrkmsuh7nz013qb","time":1610025194,"event":{"mods":["BaseMod","Colored Map","DeckTracker","Minty Spire (QoL Compilation)","SuperFastMode","everything is the same but u backflip on backflip"],"gold_per_floor":[116,41,57,69,83,108,108,108,108,108,134,150,11,11,11,82,82,93,368,387,182,4,4,32,32,58,58,69,84,95,95,95],"floor_reached":31,"playtime":671,"items_purged":["Strike_G","Strike_G","Regret","Strike_G"],"score":630,"play_id":"a8b30fec-d9eb-4ed4-bde6-97433aad50f9","local_time":"20210107221314","is_ascension_mode":true,"campfire_choices":[{"data":"Blade Dance","floor":7,"key":"SMITH"},{"data":"Accuracy","floor":10,"key":"SMITH"},{"data":"Accuracy","floor":15,"key":"SMITH"},{"data":"Blade Dance","floor":23,"key":"SMITH"},{"data":"Well Laid Plans","floor":25,"key":"SMITH"},{"data":"Tactician","floor":27,"key":"SMITH"}],"circlet_count":0,"master_deck":["AscendersBane","Strike_G","Strike_G","Defend_G","Defend_G","Defend_G","Defend_G","Defend_G","Survivor","Neutralize","Accuracy+1","Blade Dance+1","Masterful Stab","Well Laid Plans+1","Accuracy+1","Tools of the Trade","Tactician+1","Blade Dance+1","Deflect+1","Terror"],"relics":["Ring of the Snake","NeowsBlessing","Tough Bandages","Ninja Scroll","PreservedInsect","Meat on the Bone","Sozu","Bag of Marbles"],"acts_visited":["Exordium","TheCity"],"potions_floor_usage":[6,20,30],"damage_taken":[{"damage":0.0,"enemies":"Cultist","floor":1.0,"turns":1.0},{"damage":0.0,"enemies":"Small Slimes","floor":3.0,"turns":1.0},{"damage":0.0,"enemies":"Jaw Worm","floor":4.0,"turns":1.0},{"damage":0.0,"enemies":"2 Fungi Beasts","floor":5.0,"turns":3.0},{"damage":22,"enemies":"Lagavulin","floor":6,"turns":6},{"damage":0,"enemies":"Gremlin Nob","floor":11,"turns":2},{"damage":4,"enemies":"Exordium Wildlife","floor":12,"turns":4},{"damage":29,"enemies":"The Guardian","floor":16,"turns":7},{"damage":0,"enemies":"Spheric Guardian","floor":18,"turns":1},{"damage":14,"enemies":"Shell Parasite","floor":20,"turns":3},{"damage":0,"enemies":"Gremlin Leader","floor":24,"turns":2},{"damage":0,"enemies":"Cultist and Chosen","floor":28,"turns":4},{"damage":0,"enemies":"Centurion and Healer","floor":29,"turns":3},{"damage":24,"enemies":"Snake Plant","floor":30,"turns":5},{"damage":32,"enemies":"Book of Stabbing","floor":31,"turns":3}],"seed_played":"-7070423215375634529","potions_obtained":[{"floor":1.0,"key":"Strength Potion"},{"floor":5.0,"key":"SpeedPotion"},{"floor":11,"key":"ColorlessPotion"},{"floor":12,"key":"LiquidMemories"}],"is_trial":false,"path_per_floor":["M","$","M","M","M","E","R","T","T","R","E","M","$","?","R","B",null,"M","?","M","$","$","R","E","R","T","R","M","M","M","E"],"character_chosen":"THE_SILENT","items_purchased":["Accuracy","Tactician","Blade Dance"],"campfire_rested":0,"item_purchase_floors":[13,21,22],"current_hp_per_floor":[59,59,59,59,59,37,37,37,37,37,37,45,45,45,45,28,57,57,57,43,43,43,43,43,43,43,43,43,43,31,0,0],"gold":95,"neow_bonus":"THREE_ENEMY_KILL","is_daily":false,"chose_seed":false,"campfire_upgraded":6,"win_rate":0.0,"timestamp":1610025194,"path_taken":["M","$","M","M","M","E","R","?","T","R","E","M","?","?","R","BOSS","M","?","M","?","$","R","E","R","T","R","M","M","M","E"],"items_purchased_type":["Card","Card","Card"],"build_version":"2020-12-22","purchased_purges":4,"victory":false,"max_hp_per_floor":[66,66,66,66,66,66,66,66,66,66,66,66,66,66,66,66,66,66,66,66,66,66,66,66,66,66,66,66,66,66,66,66],"card_choices":[{"not_picked":["Sucker Punch","Dash"],"picked":"Accuracy","floor":1.0},{"not_picked":["Poisoned Stab","Sucker Punch"],"picked":"Blade Dance","floor":3.0},{"not_picked":["Bane","Riddle With Holes"],"picked":"Masterful Stab","floor":4.0},{"not_picked":["Footwork","Blade Dance"],"picked":"Well Laid Plans","floor":5.0},{"not_picked":["Deflect","Bullet Time","Poisoned Stab"],"picked":"SKIP","floor":6},{"not_picked":["Cloak And Dagger","Bouncing Flask","Deadly Poison"],"picked":"SKIP","floor":11},{"not_picked":["Sucker Punch","Predator","PiercingWail"],"picked":"SKIP","floor":12},{"not_picked":["Wraith Form v2","Envenom"],"picked":"Tools of the Trade","floor":16},{"not_picked":["Dodge and Roll","Deflect","Deadly Poison"],"picked":"SKIP","floor":18},{"not_picked":["Dagger Throw","Dagger Spray","Deflect"],"picked":"SKIP","floor":20},{"not_picked":["Dodge and Roll","Dagger Throw","Endless Agony"],"picked":"SKIP","floor":24},{"not_picked":["Slice","All Out Attack","Outmaneuver"],"picked":"SKIP","floor":28},{"not_picked":["PiercingWail","Dagger Throw"],"picked":"Deflect+1","floor":29},{"not_picked":["Leg Sweep+1","Well Laid Plans+1"],"picked":"Terror","floor":30}],"player_experience":744096,"relics_obtained":[{"floor":6,"key":"Tough Bandages"},{"floor":8,"key":"Ninja Scroll"},{"floor":9,"key":"PreservedInsect"},{"floor":11,"key":"Meat on the Bone"},{"floor":24,"key":"Bag of Marbles"}],"event_choices":[{"damage_healed":0,"gold_gain":0,"player_choice":"0 cards matched","damage_taken":0,"max_hp_gain":0,"max_hp_loss":0,"event_name":"Match and Keep!","floor":14,"gold_loss":0,"cards_obtained":[]},{"damage_healed":0,"gold_gain":275,"player_choice":"Desecrate","damage_taken":0,"max_hp_gain":0,"max_hp_loss":0,"event_name":"Golden Shrine","floor":19,"gold_loss":0,"cards_obtained":["Regret"]}],"is_beta":false,"boss_relics":[{"not_picked":["Runic Pyramid","Fusion Hammer"],"picked":"Sozu"}],"items_purged_floors":[2,13,21,22],"is_endless":false,"potions_floor_spawned":[1,5,11,12,20,24,28],"killed_by":"Book of Stabbing","ascension_level":20}}