{"host":"j3h0p3l2xgzxhnx7","time":1610023437,"event":{"mods":["BaseMod","Luminous","Marisa????????","Minty Spire (QoL Compilation)","Remilia??????","StSLib","The Bug Knight","The Cursed","The Servant 0.9.4"],"gold_per_floor":[119,138,138,153,4,32,43,43,120,120,131,131,131],"floor_reached":12,"playtime":463,"items_purged":["Strike_S"],"score":92,"play_id":"6c133c4d-0c39-428c-b4db-3ee6f87ca401","local_time":"20210107204357","is_ascension_mode":true,"campfire_choices":[],"circlet_count":0,"master_deck":["Strike_S+1","Strike_S","Defend_S","Defend_S","Defend_S","Defend_S","KidneyShot+1","Exchange","Rewind","Starlight","FastForward+1","Luminosity","BottledTime","Rewind","Sabotage"],"relics":["Uniform","TungstenRod","Pantograph"],"acts_visited":["Exordium"],"potions_floor_usage":[6,6],"damage_taken":[{"damage":0,"enemies":"Small Slimes","floor":1,"turns":5},{"damage":0,"enemies":"Jaw Worm","floor":2,"turns":6},{"damage":3,"enemies":"2 Louse","floor":4,"turns":4},{"damage":37,"enemies":"Gremlin Nob","floor":6,"turns":7},{"damage":5,"enemies":"Large Slime","floor":7,"turns":7},{"damage":0,"enemies":"Blue Slaver","floor":11,"turns":4},{"damage":10,"enemies":"3 Sentries","floor":12,"turns":4}],"seed_played":"-2525222630084023743","potions_obtained":[{"floor":1,"key":"Swift Potion"},{"floor":4,"key":"EssenceOfSteel"}],"is_trial":false,"path_per_floor":["M","M","?","M","$","E","M","?","T","?","M","E"],"character_chosen":"THE_SERVANT","items_purchased":["Luminosity"],"campfire_rested":0,"item_purchase_floors":[5],"current_hp_per_floor":[71,71,64,61,61,24,19,6,6,6,6,0,0],"gold":131,"neow_bonus":"TEN_PERCENT_HP_BONUS","is_daily":false,"chose_seed":false,"campfire_upgraded":0,"win_rate":0.0,"timestamp":1610023437,"path_taken":["M","M","?","M","$","E","M","?","T","?","M","E"],"items_purchased_type":["Card"],"build_version":"2020-12-22","purchased_purges":1,"victory":false,"max_hp_per_floor":[71,71,71,71,71,71,71,71,71,71,71,71,71],"card_choices":[{"not_picked":["Rearm","Deadline"],"picked":"Rewind","floor":1},{"not_picked":["Defy","Potential"],"picked":"Starlight","floor":2},{"not_picked":["Shuttle","Replace"],"picked":"FastForward","floor":4},{"not_picked":["WasteNot","Solidify"],"picked":"BottledTime","floor":6},{"not_picked":["Alleviate","Unruled"],"picked":"Rewind","floor":7},{"not_picked":["Reset","ReturningBlade"],"picked":"Sabotage","floor":11}],"player_experience":97504,"relics_obtained":[{"floor":6,"key":"TungstenRod"},{"floor":9,"key":"Pantograph"}],"event_choices":[{"cards_removed":["Strike_S"],"damage_healed":0,"gold_gain":0,"player_choice":"Card Removal","damage_taken":7,"max_hp_gain":0,"max_hp_loss":0,"event_name":"Golden Wing","floor":3,"gold_loss":0},{"damage_healed":0,"gold_gain":0,"player_choice":"Entered Light","damage_taken":14,"max_hp_gain":0,"max_hp_loss":0,"event_name":"Shining Light","floor":8,"gold_loss":0,"cards_upgraded":["Strike_S","KidneyShot"]},{"damage_healed":0,"gold_gain":0,"player_choice":"Grow","damage_taken":0,"max_hp_gain":0,"max_hp_loss":0,"event_name":"Living Wall","floor":10,"gold_loss":0,"cards_upgraded":["FastForward"]}],"is_beta":false,"boss_relics":[],"items_purged_floors":[5],"is_endless":false,"potions_floor_spawned":[1,4],"killed_by":"3 Sentries","ascension_level":3}}