{"host":"h5acbxt0wmjo1kpm","time":1610005951,"event":{"mods":["2.2 Compatiblity","Act Like it!","AlwaysNeverKeys","Aspiration","Bard","Bartender","BaseMod","Better Third Choice","Colored Map","Elementarium","Gensokyo","GifTheSpireLib","Hallownest","Marisa????????","Menagerie","Minty Spire (QoL Compilation)","Permanent Neow","Potionbrewer","Relic Filter","Remilia??????","Replay The Spire","Robot Space Explorer","RumiaBox-????????","Shade Mod","Spicy Shops","StSLib","Strawberry Spire","The Blackbeard","The Dragon Tamer","The Gatherer","The Hayseed","The Problem Sleuth","The Servant 0.9.4","Wandering Minibosses","vexMod"],"gold_per_floor":[111,123,123,123,223,223,241,270,318,332,35,35,69,149,149,222,222,235,246,279,279,125,154,154,179,179,208,133,133,133,158,158,236,236,250,250,260,278,127,161,161,196,196,196,57,77,77,147,147,147,147,147,1,32,32,32],"floor_reached":55,"playtime":3869,"items_purged":["strawberrySpire:AscendersBanana"],"score":1470,"play_id":"0a8a731f-79e4-49ab-9146-95ad0495d7e3","local_time":"20210106235231","is_ascension_mode":true,"campfire_choices":[{"data":"Zap","floor":6.0,"key":"SMITH"},{"data":"vexMod:UltimateCard","floor":24.0,"key":"PURGE"},{"floor":30.0,"key":"REST"},{"floor":32.0,"key":"REST"},{"floor":41.0,"key":"RECALL"},{"floor":49,"key":"REST"},{"data":"Strike_B","floor":52,"key":"PURGE"}],"circlet_count":0,"master_deck":["AscendersBane","Strike_B","Strike_B","Defend_B","Defend_B","Defend_B","Zap+1","Dualcast","Rainbow+1","strawberrySpire:Adapter+1","Sweeping Beam+1","Ball Lightning","Conserve Battery","Conserve Battery","Electrodynamics","strawberrySpire:BlasterWyrm","Storm+1","Rip and Tear","Undo","Electrodynamics+1","strawberrySpire:NeonFlight","strawberrySpire:AnotherWinter+1","strawberrySpire:NeonFlight","Barrage","Storm+1","MagicChant+1","strawberrySpire:Package","Gensokyo:OverchargedCore","BootSequence"],"relics":["Cracked Core","Baka","vexMod:RetaliationKit","aspiration:SeaSaltIceCream","wanderingMiniBosses:Blackblade","Lantern","strawberrySpire:AztechBall","vexMod:PaidLearning","Bronze Scales","Honey Jar","Elementarium:GoldenMirage","Elementarium:FlickeringLantern","DataDisk","Peace Pipe","Oddly Smooth Stone","strawberrySpire:ThornyGelberry","StoneCalendar","Potion Belt","Elementarium:ElementariumTrophy","aspiration:MarisaSkillbook","wanderingMiniBosses:CarrionFlame","Membership Card","Regal Pillow","vexMod:MemoryStick","Guide Book","GodSword1","Snack Pack","BranchBurnRelic","strawberrySpire:WhoaramAlpha","LastBattle"],"acts_visited":["Gensokyo:Gensokyo","Elementarium:Elementarium","Gensokyo:Gensokyoest","TheEnding"],"potions_floor_usage":[50,54,55,55],"damage_taken":[{"damage":5.0,"enemies":"Gensokyo:Python","floor":1.0,"turns":5.0},{"damage":3.0,"enemies":"Gensokyo:3_Fairies","floor":2.0,"turns":4.0},{"damage":3.0,"enemies":"Gensokyo:Gryphon","floor":7.0,"turns":2.0},{"damage":9.0,"enemies":"Gensokyo:Mamizou","floor":8.0,"turns":6.0},{"damage":7.0,"enemies":"Gensokyo:2_Rabbits","floor":10.0,"turns":3.0},{"damage":0.0,"enemies":"Gensokyo:Aya","floor":13.0,"turns":2.0},{"damage":16.0,"enemies":"Gensokyo:Yukari","floor":16.0,"turns":8.0},{"damage":2.0,"enemies":"Elementarium:VoidCorruption","floor":18.0,"turns":3.0},{"damage":5.0,"enemies":"Elementarium:Cyclone","floor":19.0,"turns":4.0},{"damage":9.0,"enemies":"Elementarium:GOLDEN_STATUES","floor":20.0,"turns":5.0},{"damage":11.0,"enemies":"Elementarium:ElementalPortal","floor":23.0,"turns":4.0},{"damage":18.0,"enemies":"Elementarium:WarGolem","floor":25.0,"turns":4.0},{"damage":15.0,"enemies":"Elementarium:FIRE_NOBILITY","floor":27.0,"turns":4.0},{"damage":37.0,"enemies":"Elementarium:WarGolem","floor":31.0,"turns":4.0},{"damage":17.0,"enemies":"Elementarium:PHOENIXES","floor":33.0,"turns":4.0},{"damage":0.0,"enemies":"Gensokyo:3_Boulders","floor":35.0,"turns":3.0},{"damage":16.0,"enemies":"Gensokyo:AncientGuardian","floor":37.0,"turns":3.0},{"damage":3.0,"enemies":"Gensokyo:Sharpion","floor":38.0,"turns":4.0},{"damage":0.0,"enemies":"Gensokyo:Doremy","floor":40.0,"turns":4.0},{"damage":27,"enemies":"Gensokyo:Kasen","floor":42,"turns":4},{"damage":0,"enemies":"Gensokyo:4_Bats","floor":46,"turns":1},{"damage":0,"enemies":"Gensokyo:Shinki","floor":50,"turns":7},{"damage":39,"enemies":"Shield and Spear","floor":54,"turns":2},{"damage":61,"enemies":"The Heart","floor":55,"turns":2}],"seed_played":"609978152501435118","potions_obtained":[{"floor":7.0,"key":"Reflective Coating"},{"floor":8.0,"key":"Explosive Potion"},{"floor":18.0,"key":"potionbrewer:MidasPotion"},{"floor":19.0,"key":"Block Potion"},{"floor":23.0,"key":"potionbrewer:EndurancePotion"},{"floor":25.0,"key":"Elixir"},{"floor":31.0,"key":"Adrenaline Potion"},{"floor":37.0,"key":"EssenceOfSteel"},{"floor":38.0,"key":"Elixir"},{"floor":42,"key":"AttackPotion"},{"floor":46,"key":"Swift Potion"}],"is_trial":false,"path_per_floor":["M","M","?","?","?","R","M","E","T","M","$","$","E","?","R_BF","B",null,"M","M","?","?","$","E","R","E","T","E","$","?","R","E","R","B",null,"M","?","M","M","$","E","R","E","T","?","COS","M","?","T","R_BF","B",null,"R","$","E","B"],"character_chosen":"DEFECT","items_purchased":["strawberrySpire:AztechBall","vexMod:PaidLearning","DataDisk","Membership Card","strawberrySpire:WhoaramAlpha"],"campfire_rested":3,"item_purchase_floors":[11,11,22,39,53],"current_hp_per_floor":[59,56,63,46,46,46,43,34,34,27,27,27,27,27,48,32,61,59,54,45,45,45,34,34,16,16,1,1,19,40,3,24,7,55,55,55,39,36,36,36,36,9,9,9,9,9,9,9,45,47,65,65,65,36,0,0],"gold":32,"neow_bonus":"ONE_RANDOM_RARE_CARD","is_daily":false,"chose_seed":false,"campfire_upgraded":1,"win_rate":0.0,"timestamp":1610005951,"path_taken":["M","M","?","?","?","R","M","E","T","M","?","$","E","?","R_BF","BOSS","M","M","?","?","$","E","R","E","T","E","$","?","R","E","R","BOSS","M","?","M","M","$","E","R","E","T","?","COS","M","?","?","R_BF","BOSS","R","$","E","BOSS"],"items_purchased_type":["Relic","Relic","Relic","Relic","Relic"],"build_version":"2020-12-22","purchased_purges":1,"victory":false,"max_hp_per_floor":[71,71,71,71,71,71,71,71,71,71,71,71,71,71,71,71,71,71,71,71,71,71,71,71,71,71,71,71,71,71,71,71,71,71,71,71,71,71,71,71,71,71,71,71,71,71,71,71,71,71,71,71,71,71,71,71],"card_choices":[{"not_picked":["Barrage","Conserve Battery"],"picked":"strawberrySpire:Adapter","floor":1.0},{"not_picked":["Rebound","Stack"],"picked":"Sweeping Beam","floor":2.0},{"not_picked":["Fusion","Streamline"],"picked":"Ball Lightning","floor":7.0},{"not_picked":["strawberrySpire:HateBit","Tempest","Barrage"],"picked":"SKIP","floor":8.0},{"not_picked":["Hologram","Coolheaded"],"picked":"Conserve Battery","floor":10.0},{"not_picked":["Consume","Leap"],"picked":"Conserve Battery","floor":13.0},{"not_picked":["Biased Cognition","Machine Learning"],"picked":"Electrodynamics","floor":16.0},{"not_picked":["Stack","Hello World","Chaos"],"picked":"ReplayTheSpireMod:System Scan","floor":18.0},{"not_picked":["ReplayGash","Turbo","Tempest"],"picked":"strawberrySpire:BlasterWyrm","floor":19.0},{"not_picked":["Streamline","aspiration:Polymerization","Ball Lightning"],"picked":"Storm+1","floor":20.0},{"not_picked":["strawberrySpire:BreederCore+1","Leap","Skim"],"picked":"Rip and Tear","floor":23.0},{"not_picked":["BasicCrystalCard","Beam Cell","Streamline+1"],"picked":"Undo","floor":25.0},{"not_picked":["Cold Snap","Double Energy","Redo"],"picked":"Electrodynamics","floor":27.0},{"not_picked":["Aggregate","strawberrySpire:Package","Gash"],"picked":"strawberrySpire:NeonFlight","floor":31.0},{"not_picked":["strawberrySpire:Ronchyble","ReplayTheSpireMod:Fabricate Wheel","Creative AI"],"picked":"strawberrySpire:AnotherWinter","floor":33.0},{"not_picked":["WitchLeyline+1","Rebound+1","SporeBomb","GalacticHalo"],"picked":"strawberrySpire:NeonFlight","floor":35.0},{"not_picked":["UnstableBomb","Beam Cell","PowerUp+1","EnergyFlow"],"picked":"Barrage","floor":37.0},{"not_picked":["ReplayTheSpireMod:Repulse","Melter","DoubleSpark","DarkMatter"],"picked":"Storm+1","floor":38.0},{"not_picked":["Sweeping Beam+1","ReplayTheSpireMod:Omega Cannon","AsteroidBelt","DarkSpark"],"picked":"MagicChant+1","floor":40.0},{"not_picked":["GravityBeat","strawberrySpire:DataDump","strawberrySpire:AngeryBot+1","Gash+1","6A+1"],"picked":"SKIP","floor":42},{"not_picked":["Stack","MachineGunSpark+1","GalacticHalo+1","FairyDestructionRay+1"],"picked":"strawberrySpire:Package","floor":46},{"not_picked":["GasGiant","Leap+1","PropBag","Ball Lightning"],"picked":"BootSequence","floor":54}],"player_experience":2168176,"relics_obtained":[{"floor":1.0,"key":"Baka"},{"floor":2.0,"key":"vexMod:RetaliationKit"},{"floor":8.0,"key":"aspiration:SeaSaltIceCream"},{"floor":9.0,"key":"Lantern"},{"floor":13.0,"key":"Bronze Scales"},{"floor":20.0,"key":"Elementarium:GoldenMirage"},{"floor":23.0,"key":"Peace Pipe"},{"floor":25.0,"key":"Oddly Smooth Stone"},{"floor":26.0,"key":"strawberrySpire:ThornyGelberry"},{"floor":27.0,"key":"StoneCalendar"},{"floor":31.0,"key":"Potion Belt"},{"floor":38.0,"key":"wanderingMiniBosses:CarrionFlame"},{"floor":40.0,"key":"Regal Pillow"},{"floor":42,"key":"Dead Branch"},{"floor":46,"key":"GodSword1"},{"floor":48,"key":"Snack Pack"},{"floor":54,"key":"LastBattle"}],"event_choices":[{"damage_healed":0.0,"max_hp_gain":0.0,"max_hp_loss":0.0,"gold_gain":0.0,"event_name":"Elementarium:GoldenStatues","player_choice":"Fight","floor":20.0,"gold_loss":0.0,"damage_taken":0.0},{"damage_healed":0.0,"max_hp_gain":0.0,"max_hp_loss":0.0,"gold_gain":0.0,"event_name":"Elementarium:HeartOfTheVoid","player_choice":"Take","floor":21.0,"gold_loss":0.0,"damage_taken":0.0,"relics_obtained":["Elementarium:FlickeringLantern"]},{"damage_healed":18.0,"max_hp_gain":0.0,"max_hp_loss":0.0,"gold_gain":0.0,"event_name":"Elementarium:StickySituation","player_choice":"Drink","floor":29.0,"gold_loss":0.0,"damage_taken":0.0,"cards_obtained":["Elementarium:StickyTar"]}],"is_beta":false,"boss_relics":[{"not_picked":["aspiration:PoetsPen_weak","strawberrySpire:JuiceKeg"],"picked":"Honey Jar"},{"not_picked":["vexMod:TanglingVine","strawberrySpire:SolarisEssence"],"picked":"aspiration:MarisaSkillbook"}],"items_purged_floors":[28],"is_endless":false,"potions_floor_spawned":[7,8,18,19,23,25,31,37,38,42,46],"killed_by":"The Heart","ascension_level":15}}