{"host":"qq27suot6m8koe0b","time":1610020011,"event":{"mods":["Act Like it!","BaseMod","CapriCore","GifTheSpireLib","Lobotomy","Minty Spire (QoL Compilation)","StSLib","Waifu the Spire"],"gold_per_floor":[112,287,65,65,30,30,61,78,125,142,29,29,56,75,75,175,175,192,192,192,19,29,29,73,102,102,102,102,122,149,166,166,272,272,291,291,135,135,159,184,184,213,239,268,289,289,133,160,160,160,160],"floor_reached":50,"playtime":2089,"items_purged":["Doubt"],"score":474,"play_id":"b1023789-a8f3-4161-b2a5-68cfe7eded5e","local_time":"20210107194651","is_ascension_mode":false,"campfire_choices":[{"data":"Neutralize","floor":6,"key":"SMITH"},{"floor":15,"key":"RECALL"},{"data":"Bullet Time","floor":23,"key":"SMITH"},{"floor":27,"key":"REST"},{"data":"Noxious Fumes","floor":32,"key":"SMITH"},{"data":"Footwork","floor":41,"key":"SMITH"},{"data":"Burst","floor":49,"key":"SMITH"}],"circlet_count":0,"master_deck":["Strike_G+1","Strike_G","Strike_G","Strike_G","Defend_G+1","Defend_G","Defend_G","Defend_G","Defend_G","Survivor","Neutralize+1","Dash","Sucker Punch","Dagger Spray","Noxious Fumes+1","Heel Hook","Sucker Punch","Crippling Poison","Bullet Time+1","Infinite Blades","Cloak And Dagger","Cloak And Dagger","Footwork+1","Caltrops","Escape Plan","Tools of the Trade","Catalyst+1","Leg Sweep+1","Flying Knee","Poisoned Stab+1","Poisoned Stab","Dodge and Roll","Burst+1"],"relics":["Ring of the Snake","Happy Flower","Darkstone Periapt","Ancient Tea Set","Mercury Hourglass","Philosopher\u0027s Stone","Medical Kit","CeramicFish","Mummified Hand","SlaversCollar","Bag of Marbles","Omamori","Orichalcum"],"acts_visited":["Exordium","TheCity","TheBeyond"],"potions_floor_usage":[13,13,22,24,30,40,44,48,50],"damage_taken":[{"damage":10,"enemies":"Jaw Worm","floor":1,"turns":6},{"damage":23,"enemies":"Lagavulin","floor":7,"turns":8},{"damage":0,"enemies":"Small Slimes","floor":8,"turns":2},{"damage":3,"enemies":"2 Louse","floor":10,"turns":3},{"damage":13,"enemies":"3 Sentries","floor":13,"turns":3},{"damage":2,"enemies":"Exordium Thugs","floor":14,"turns":3},{"damage":26,"enemies":"The Guardian","floor":16,"turns":11},{"damage":14,"enemies":"2 Thieves","floor":18,"turns":4},{"damage":3,"enemies":"Chosen","floor":22,"turns":4},{"damage":24,"enemies":"Book of Stabbing","floor":24,"turns":6},{"damage":14,"enemies":"Sentry and Sphere","floor":25,"turns":6},{"damage":0,"enemies":"Cultist and Chosen","floor":29,"turns":6},{"damage":8,"enemies":"Snake Plant","floor":30,"turns":5},{"damage":4,"enemies":"Centurion and Healer","floor":31,"turns":9},{"damage":25,"enemies":"Collector","floor":33,"turns":11},{"damage":25,"enemies":"3 Darklings","floor":35,"turns":4},{"damage":4,"enemies":"Orb Walker","floor":39,"turns":4},{"damage":8,"enemies":"Spire Growth","floor":40,"turns":6},{"damage":10,"enemies":"4 Shapes","floor":42,"turns":4},{"damage":25,"enemies":"3 Darklings","floor":44,"turns":5},{"damage":5,"enemies":"Writhing Mass","floor":45,"turns":5},{"damage":10,"enemies":"Sphere and 2 Shapes","floor":48,"turns":5},{"damage":61,"enemies":"Donu and Deca","floor":50,"turns":9}],"seed_played":"8179396731747098399","potions_obtained":[{"floor":1,"key":"Ancient Potion"},{"floor":8,"key":"SteroidPotion"},{"floor":10,"key":"SkillPotion"},{"floor":12,"key":"Fruit Juice"},{"floor":18,"key":"FearPotion"},{"floor":22,"key":"ColorlessPotion"},{"floor":29,"key":"LiquidMemories"},{"floor":33,"key":"ColorlessPotion"},{"floor":35,"key":"ColorlessPotion"},{"floor":39,"key":"LiquidMemories"},{"floor":44,"key":"LiquidBronze"}],"is_trial":false,"path_per_floor":["M","?","$","?","?","R","E","M","T","M","$","?","E","M","R","B",null,"M","?","?","$","M","R","E","M","T","R","?","M","M","M","R","B",null,"M","?","$","?","M","M","R","M","T","M","M","?","$","M","R","B"],"character_chosen":"THE_SILENT","items_purchased":["Happy Flower","Heel Hook","Well Laid Plans","Medical Kit","Cloak And Dagger","Bag of Marbles","Orichalcum"],"campfire_rested":1,"item_purchase_floors":[3,11,11,21,21,37,47],"current_hp_per_floor":[60,60,60,46,63,63,40,40,40,37,37,37,29,27,27,1,75,61,47,80,80,77,77,53,39,39,63,63,63,55,51,51,26,80,55,55,55,55,51,43,43,33,33,8,3,70,70,60,60,0,0],"gold":160,"neow_bonus":"","is_daily":false,"chose_seed":false,"campfire_upgraded":5,"win_rate":0.0,"timestamp":1610020011,"path_taken":["M","?","$","?","?","R","E","M","T","M","?","?","E","M","R","BOSS","M","?","?","$","M","R","E","?","T","R","?","M","M","M","R","BOSS","M","?","$","?","M","M","R","M","T","?","M","?","$","M","R","BOSS"],"items_purchased_type":["Relic","Card","Card","Relic","Card","Relic","Relic"],"build_version":"2020-12-22","purchased_purges":1,"victory":false,"max_hp_per_floor":[70,70,70,70,70,70,70,70,70,70,70,70,75,75,75,75,75,75,80,80,80,80,80,80,80,80,80,80,80,80,80,80,80,80,80,80,80,80,80,80,80,80,80,80,80,70,70,70,70,70,70],"card_choices":[{"not_picked":["Slice","Endless Agony"],"picked":"Dash","floor":1},{"not_picked":["Leg Sweep","Finisher"],"picked":"Sucker Punch","floor":7},{"not_picked":["Acrobatics","Expertise"],"picked":"Dagger Spray","floor":8},{"not_picked":["Dagger Throw","Outmaneuver"],"picked":"Noxious Fumes","floor":10},{"not_picked":["Outmaneuver","Dodge and Roll"],"picked":"Sucker Punch","floor":13},{"not_picked":["Blade Dance","Dagger Throw"],"picked":"Crippling Poison","floor":14},{"not_picked":["Night Terror","Grand Finale"],"picked":"Bullet Time","floor":16},{"not_picked":["Deadly Poison","Prepared+1"],"picked":"Infinite Blades","floor":18},{"not_picked":["Acrobatics","Blade Dance"],"picked":"Cloak And Dagger","floor":22},{"not_picked":["Expertise","Doppelganger"],"picked":"Footwork","floor":24},{"not_picked":["Blade Dance","Dagger Spray"],"picked":"Caltrops","floor":25},{"not_picked":["Dagger Throw+1","Sucker Punch","Underhanded Strike"],"picked":"SKIP","floor":29},{"not_picked":["Cloak And Dagger","Leg Sweep"],"picked":"Escape Plan","floor":30},{"not_picked":["Dagger Spray","Choke","Underhanded Strike"],"picked":"SKIP","floor":31},{"not_picked":["Glass Knife","Unload"],"picked":"Tools of the Trade","floor":33},{"not_picked":["All Out Attack","Tactician+1"],"picked":"Catalyst+1","floor":35},{"not_picked":["Endless Agony","Predator"],"picked":"Leg Sweep+1","floor":39},{"not_picked":["Dagger Throw+1","Outmaneuver+1"],"picked":"Flying Knee","floor":40},{"not_picked":["Choke","Escape Plan+1"],"picked":"Poisoned Stab+1","floor":42},{"not_picked":["Leg Sweep+1","Masterful Stab+1"],"picked":"Poisoned Stab","floor":44},{"not_picked":["Eviscerate","Quick Slash"],"picked":"Dodge and Roll","floor":45},{"not_picked":["Predator+1","Calculated Gamble+1"],"picked":"Burst","floor":48}],"player_experience":261664,"relics_obtained":[{"floor":7,"key":"Darkstone Periapt"},{"floor":9,"key":"Ancient Tea Set"},{"floor":13,"key":"Mercury Hourglass"},{"floor":24,"key":"CeramicFish"},{"floor":43,"key":"Omamori"}],"event_choices":[{"damage_healed":0,"gold_gain":175,"player_choice":"AGREE","damage_taken":0,"max_hp_gain":0,"max_hp_loss":0,"event_name":"Liars Game","floor":2,"gold_loss":0,"cards_obtained":["Doubt"]},{"damage_healed":0,"gold_gain":0,"player_choice":"Entered Light","damage_taken":14,"max_hp_gain":0,"max_hp_loss":0,"event_name":"Shining Light","floor":4,"gold_loss":0,"cards_upgraded":["Defend_G","Strike_G"]},{"damage_healed":17,"gold_gain":0,"player_choice":"Healed","damage_taken":0,"max_hp_gain":0,"max_hp_loss":0,"event_name":"The Cleric","floor":5,"gold_loss":35},{"damage_healed":0,"gold_gain":0,"player_choice":"Got Potions","damage_taken":0,"max_hp_gain":0,"max_hp_loss":0,"event_name":"Lab","floor":12,"gold_loss":0},{"damage_healed":0,"gold_gain":0,"player_choice":"Shed Blood","damage_taken":19,"max_hp_gain":5,"max_hp_loss":0,"event_name":"Forgotten Altar","floor":19,"gold_loss":0},{"cards_removed":["Well Laid Plans"],"damage_healed":33,"gold_gain":0,"player_choice":"Offered Uncommon","damage_taken":0,"max_hp_gain":0,"max_hp_loss":0,"event_name":"Bonfire Elementals","floor":20,"gold_loss":0},{"damage_healed":0,"gold_gain":0,"player_choice":"Opened","damage_taken":0,"relics_obtained":["Mummified Hand"],"max_hp_gain":0,"max_hp_loss":0,"event_name":"The Mausoleum","floor":28,"gold_loss":0},{"damage_healed":0,"gold_gain":0,"player_choice":"Ignored","damage_taken":0,"max_hp_gain":0,"max_hp_loss":0,"event_name":"Tomb of Lord Red Mask","floor":36,"gold_loss":0},{"cards_removed":["Strike_G"],"damage_healed":0,"gold_gain":0,"player_choice":"Removed Attack","damage_taken":0,"max_hp_gain":0,"max_hp_loss":0,"event_name":"Falling","floor":38,"gold_loss":0},{"damage_healed":70,"gold_gain":0,"player_choice":"Heal","damage_taken":0,"max_hp_gain":0,"max_hp_loss":10,"event_name":"The Moai Head","floor":46,"gold_loss":0}],"is_beta":false,"boss_relics":[{"not_picked":["Runic Dome","Tiny House"],"picked":"Philosopher\u0027s Stone"},{"not_picked":["Cursed Key","Runic Pyramid"],"picked":"SlaversCollar"}],"items_purged_floors":[3],"is_endless":false,"potions_floor_spawned":[1,8,10,18,22,29,33,35,39,44],"killed_by":"Donu and Deca","ascension_level":0}}