{"host":"344lv32hnei0mdhu","time":1610008523,"event":{"mods":["Act Like it!","BaseMod","Better Match","Better Sensory Stone","Better Skull","Better Third Choice","Better Vampires","Colored Powertips","Highlight Path","Minty Spire (QoL Compilation)","Quick Restart","Random Character Button","Rare Cards Sparkle","StSLib"],"gold_per_floor":[109,109,70,70,87,87,19,51,51,51,51,51,51,66,66,166,166,176,190,190,202,117,147,159,171,183,195,207,319,345,369,381,393,393],"floor_reached":33,"playtime":2707,"items_purged":[],"score":415,"play_id":"a2110648-b459-467e-bdc8-529b2aaadfba","local_time":"20210107023522","is_ascension_mode":true,"campfire_choices":[{"floor":6,"key":"REST"},{"data":"Searing Blow","floor":11,"key":"SMITH"},{"data":"Searing Blow+1","floor":13,"key":"SMITH"},{"data":"Flame Barrier","floor":15,"key":"SMITH"},{"floor":24,"key":"REST"},{"floor":28,"key":"REST"},{"floor":32,"key":"REST"}],"circlet_count":0,"master_deck":["Strike_R+1","Strike_R+1","Strike_R","Strike_R","Strike_R","Defend_R","Defend_R","Defend_R","Defend_R","Bash","Hemokinesis","Swift Strike","Flame Barrier+1","Infernal Blade","Spot Weakness","Searing Blow+2","Rage","Exhume","Sword Boomerang","Spot Weakness","Ghostly Armor","Disarm+1"],"relics":["Burning Blood","NeowsBlessing","Centennial Puzzle","Mercury Hourglass","Mark of Pain","Ornamental Fan","MawBank","Oddly Smooth Stone","Molten Egg 2","Girya","Mummified Hand"],"acts_visited":["Exordium","TheCity"],"potions_floor_usage":[16,16,29,29],"damage_taken":[{"damage":0,"enemies":"2 Louse","floor":1,"turns":1},{"damage":2,"enemies":"Small Slimes","floor":5,"turns":1},{"damage":0,"enemies":"Gremlin Nob","floor":8,"turns":1},{"damage":0,"enemies":"Jaw Worm","floor":14,"turns":3},{"damage":41,"enemies":"Hexaghost","floor":16,"turns":9},{"damage":5,"enemies":"3 Byrds","floor":18,"turns":4},{"damage":7,"enemies":"Shell Parasite","floor":19,"turns":3},{"damage":19,"enemies":"3 Cultists","floor":21,"turns":4},{"damage":43,"enemies":"Slavers","floor":23,"turns":8},{"damage":8,"enemies":"Colosseum Slavers","floor":29,"turns":3},{"damage":23,"enemies":"Colosseum Nobs","floor":29,"turns":5},{"damage":18,"enemies":"Centurion and Healer","floor":30,"turns":6},{"damage":18,"enemies":"Sentry and Sphere","floor":31,"turns":5},{"damage":52,"enemies":"Champ","floor":33,"turns":14}],"seed_played":"-7943137716693029566","potions_obtained":[{"floor":1,"key":"Energy Potion"},{"floor":5,"key":"EssenceOfSteel"},{"floor":16,"key":"Dexterity Potion"},{"floor":23,"key":"Fire Potion"},{"floor":29,"key":"SneckoOil"}],"is_trial":false,"path_per_floor":["M","?","$","?","M","R","$","E","T","?","R","$","R","M","R","B",null,"M","M","$","M","?","E","R","$","T","T","R","?","M","M","R","B"],"character_chosen":"IRONCLAD","items_purchased":["Flame Barrier","Spot Weakness"],"campfire_rested":4,"item_purchase_floors":[3,7],"current_hp_per_floor":[78,78,78,62,66,80,80,80,80,80,80,80,80,80,80,45,71,72,71,71,58,58,21,45,45,45,45,69,50,38,26,50,0,0],"gold":393,"neow_bonus":"THREE_ENEMY_KILL","is_daily":false,"chose_seed":false,"campfire_upgraded":3,"win_rate":0.0,"timestamp":1610008522,"path_taken":["M","?","$","?","M","R","$","E","T","?","R","$","R","M","R","BOSS","M","M","$","M","?","E","R","$","T","?","R","?","M","M","R","BOSS"],"items_purchased_type":["Card","Card"],"build_version":"2020-12-22","purchased_purges":0,"victory":false,"max_hp_per_floor":[80,80,80,80,80,80,80,80,80,80,80,80,80,80,80,80,80,80,80,80,80,80,80,80,80,80,80,80,80,80,80,80,80,80],"card_choices":[{"not_picked":["Combust","Cleave"],"picked":"Hemokinesis","floor":1},{"not_picked":["Secret Weapon","Mayhem"],"picked":"Swift Strike","floor":2},{"not_picked":["Battle Trance","Armaments"],"picked":"Infernal Blade","floor":5},{"not_picked":["Twin Strike","Seeing Red"],"picked":"Searing Blow","floor":8},{"not_picked":["Clash","Fire Breathing"],"picked":"Rage","floor":14},{"not_picked":["Brutality","Juggernaut"],"picked":"Exhume","floor":16},{"not_picked":["Burning Pact+1","Second Wind","Seeing Red"],"picked":"SKIP","floor":18},{"not_picked":["Heavy Blade","Anger"],"picked":"Sword Boomerang","floor":19},{"not_picked":["Perfected Strike","Iron Wave","Sever Soul"],"picked":"SKIP","floor":21},{"not_picked":["Iron Wave","Exhume"],"picked":"Spot Weakness","floor":23},{"not_picked":["Pommel Strike+1","Seeing Red"],"picked":"Ghostly Armor","floor":29},{"not_picked":["Dropkick+1","Headbutt+1","Perfected Strike+1"],"picked":"SKIP","floor":30},{"not_picked":["Clash+1","True Grit"],"picked":"Disarm+1","floor":31}],"player_experience":315387,"relics_obtained":[{"floor":8,"key":"Centennial Puzzle"},{"floor":9,"key":"Mercury Hourglass"},{"floor":23,"key":"MawBank"},{"floor":26,"key":"Oddly Smooth Stone"},{"floor":27,"key":"Molten Egg 2"},{"floor":29,"key":"Girya"},{"floor":29,"key":"Mummified Hand"}],"event_choices":[{"damage_healed":0,"gold_gain":1,"player_choice":"1","damage_taken":0,"max_hp_gain":0,"max_hp_loss":0,"event_name":"betterStone:BetterStone","floor":2,"gold_loss":0},{"damage_healed":78,"gold_gain":0,"player_choice":"Upgrade","damage_taken":16,"max_hp_gain":0,"max_hp_loss":80,"event_name":"betterThird:BetterShining","floor":4,"gold_loss":0,"cards_upgraded":["Strike_R","Strike_R"]},{"damage_healed":0,"gold_gain":0,"player_choice":"Leave","damage_taken":0,"max_hp_gain":0,"max_hp_loss":0,"event_name":"The Cleric","floor":10,"gold_loss":0},{"damage_healed":0,"gold_gain":0,"player_choice":"Obtained Relic","damage_taken":0,"relics_obtained":["Ornamental Fan"],"max_hp_gain":0,"max_hp_loss":0,"event_name":"Addict","floor":22,"gold_loss":85},{"damage_healed":0,"gold_gain":0,"player_choice":"Fight","damage_taken":0,"max_hp_gain":0,"max_hp_loss":0,"event_name":"Colosseum","floor":29,"gold_loss":0},{"damage_healed":0,"gold_gain":0,"player_choice":"Fought Nobs","damage_taken":0,"max_hp_gain":0,"max_hp_loss":0,"event_name":"Colosseum","floor":29,"gold_loss":0}],"is_beta":false,"boss_relics":[{"not_picked":["Black Star","Tiny House"],"picked":"Mark of Pain"}],"items_purged_floors":[],"is_endless":false,"potions_floor_spawned":[1,5,16,23,29,29],"killed_by":"Champ","ascension_level":9}}