{"host":"7rmsgc3rayi00cdt","time":1610026282,"event":{"mods":["BaseMod","Minty Spire (QoL Compilation)"],"gold_per_floor":[113,113,113,124,142,142,160,160,160,193,212,212,237,249,261,347,359,386,55,74,94,108,108,133,133,133,144,173,186,186,217,217,295,345,362,25,38,52,52,52,63,63,63,63,63,63,89,35,35,35,35,35],"floor_reached":51,"playtime":3412,"items_purged":["Regret"],"score":1500,"play_id":"82a7b7d5-60db-4807-8507-84b0354317ae","local_time":"20210107133122","is_ascension_mode":true,"campfire_choices":[{"floor":6,"key":"REST"},{"data":"Neutralize","floor":8,"key":"SMITH"},{"data":"Terror","floor":12,"key":"SMITH"},{"floor":15,"key":"REST"},{"data":"Survivor","floor":23,"key":"SMITH"},{"data":"Backflip","floor":25,"key":"SMITH"},{"data":"1","floor":32,"key":"LIFT"},{"data":"2","floor":40,"key":"LIFT"},{"data":"3","floor":42,"key":"LIFT"},{"data":"Finesse","floor":46,"key":"SMITH"},{"data":"Noxious Fumes","floor":49,"key":"SMITH"}],"circlet_count":0,"master_deck":["AscendersBane","Strike_G+1","Strike_G","Defend_G+1","Defend_G","Defend_G+1","Survivor+1","Neutralize+1","Doppelganger+1","Outmaneuver+1","Escape Plan+1","Backflip+1","Acrobatics","Noxious Fumes+1","Terror+1","Dash","Adrenaline","CurseOfTheBell","Slice+1","Backstab","Dagger Throw","Catalyst+1","Blade Dance","PiercingWail","Tools of the Trade+1","Phantasmal Killer","Tactician+1","Finesse+1","Master of Strategy","Decay","Heel Hook"],"relics":["Astrolabe","Dead Branch","Eternal Feather","MawBank","Ancient Tea Set","Calling Bell","PreservedInsect","Frozen Egg 2","TungstenRod","Meat on the Bone","Pantograph","Girya","Red Mask","MutagenicStrength","Letter Opener","Tiny House","Torii","Bird Faced Urn","War Paint"],"acts_visited":["Exordium","TheCity","TheBeyond"],"potions_floor_usage":[10,16,21,24,33,37,50,50,50],"damage_taken":[{"damage":17,"enemies":"Small Slimes","floor":1,"turns":6},{"damage":0,"enemies":"Cultist","floor":4,"turns":6},{"damage":1,"enemies":"2 Louse","floor":5,"turns":3},{"damage":2,"enemies":"2 Fungi Beasts","floor":7,"turns":5},{"damage":0,"enemies":"Lagavulin","floor":10,"turns":5},{"damage":1,"enemies":"Exordium Wildlife","floor":11,"turns":4},{"damage":19,"enemies":"3 Sentries","floor":13,"turns":7},{"damage":39,"enemies":"Slime Boss","floor":16,"turns":11},{"damage":6,"enemies":"Chosen","floor":18,"turns":5},{"damage":8,"enemies":"Spheric Guardian","floor":20,"turns":6},{"damage":0,"enemies":"3 Cultists","floor":21,"turns":3},{"damage":14,"enemies":"Snake Plant","floor":22,"turns":5},{"damage":24,"enemies":"Gremlin Leader","floor":24,"turns":7},{"damage":0,"enemies":"Snecko","floor":27,"turns":4},{"damage":29,"enemies":"Masked Bandits","floor":28,"turns":6},{"damage":24,"enemies":"Sentry and Sphere","floor":29,"turns":6},{"damage":0,"enemies":"Slavers","floor":31,"turns":1},{"damage":34,"enemies":"Automaton","floor":33,"turns":7},{"damage":8,"enemies":"Orb Walker","floor":35,"turns":3},{"damage":0,"enemies":"3 Shapes","floor":37,"turns":2},{"damage":27,"enemies":"Writhing Mass","floor":38,"turns":8},{"damage":8,"enemies":"3 Darklings","floor":41,"turns":3},{"damage":14,"enemies":"Reptomancer","floor":47,"turns":4},{"damage":65,"enemies":"Donu and Deca","floor":50,"turns":11},{"damage":85,"enemies":"Awakened One","floor":51,"turns":18}],"seed_played":"-8886128163597773388","potions_obtained":[{"floor":4,"key":"Strength Potion"},{"floor":5,"key":"Energy Potion"},{"floor":10,"key":"FearPotion"},{"floor":22,"key":"SkillPotion"},{"floor":27,"key":"PowerPotion"},{"floor":29,"key":"SteroidPotion"},{"floor":33,"key":"PowerPotion"},{"floor":35,"key":"EntropicBrew"},{"floor":41,"key":"GamblersBrew"}],"is_trial":false,"path_per_floor":["M","?","?","M","M","R","M","R","T","E","M","R","E","?","R","B",null,"M","$","M","M","M","R","E","R","T","M","?","M","?","E","R","B",null,"M","$","M","M","?","R","M","R","T","?","?","R","E","$","R","B","B"],"character_chosen":"THE_SILENT","items_purchased":["Meat on the Bone","Torii","SkillPotion"],"campfire_rested":2,"item_purchase_floors":[19,36,48],"current_hp_per_floor":[42,35,35,35,34,53,51,51,51,51,50,59,40,40,66,27,56,50,50,42,42,40,52,40,52,52,52,35,23,23,35,50,44,66,58,58,58,43,39,57,49,67,67,67,67,71,57,57,71,33,0,0],"gold":35,"neow_bonus":"BOSS_RELIC","is_daily":false,"chose_seed":false,"campfire_upgraded":6,"win_rate":0.0,"timestamp":1610026282,"path_taken":["M","?","?","M","M","R","M","R","T","E","?","R","E","?","R","BOSS","M","$","M","M","M","R","E","R","T","M","?","M","?","E","R","BOSS","M","$","M","M","?","R","M","R","T","?","?","R","E","$","R","BOSS","BOSS"],"items_purchased_type":["Relic","Relic","Potion"],"build_version":"2020-12-22","purchased_purges":1,"victory":false,"max_hp_per_floor":[66,66,66,66,66,66,66,66,66,66,66,66,66,66,66,66,66,66,66,66,66,66,66,66,66,66,66,66,66,66,66,66,66,71,71,71,71,71,71,71,71,71,71,71,71,71,71,71,71,71,71,71],"card_choices":[{"not_picked":["Dagger Spray","Distraction"],"picked":"Backflip","floor":1},{"not_picked":["Flechettes","Sucker Punch"],"picked":"Acrobatics","floor":4},{"not_picked":["Deflect","Dagger Throw"],"picked":"Noxious Fumes","floor":5},{"not_picked":["Distraction","Escape Plan"],"picked":"Terror","floor":7},{"not_picked":["Outmaneuver","Bane","Terror"],"picked":"SKIP","floor":10},{"not_picked":["Bouncing Flask","Flechettes","Acrobatics"],"picked":"SKIP","floor":11},{"not_picked":["PiercingWail","Blade Dance"],"picked":"Dash","floor":13},{"not_picked":["Tools of the Trade","Corpse Explosion"],"picked":"Adrenaline","floor":16},{"not_picked":["Choke","Sucker Punch"],"picked":"Slice+1","floor":18},{"not_picked":["Slice","Sucker Punch","Dash"],"picked":"SKIP","floor":20},{"not_picked":["Concentrate","PiercingWail","Cloak And Dagger"],"picked":"SKIP","floor":21},{"not_picked":["Calculated Gamble","Unload"],"picked":"Backstab","floor":22},{"not_picked":["Slice","Catalyst"],"picked":"Dagger Throw","floor":24},{"not_picked":["Skewer","Deflect"],"picked":"Catalyst+1","floor":27},{"not_picked":["Flying Knee","Slice+1"],"picked":"Blade Dance","floor":28},{"not_picked":["Sucker Punch","Backflip"],"picked":"PiercingWail","floor":29},{"not_picked":["Well Laid Plans+1","Expertise"],"picked":"Tools of the Trade+1","floor":31},{"not_picked":["A Thousand Cuts+1","Tools of the Trade+1"],"picked":"Phantasmal Killer","floor":33},{"not_picked":["Deadly Poison","Dodge and Roll"],"picked":"Tactician+1","floor":34},{"not_picked":["Predator","Sucker Punch","Noxious Fumes+1"],"picked":"SKIP","floor":35},{"not_picked":["Terror","Accuracy+1","Blade Dance"],"picked":"SKIP","floor":37},{"not_picked":["Quick Slash","Deflect"],"picked":"Poisoned Stab+1","floor":38},{"not_picked":["Metamorphosis","Enlightenment"],"picked":"Finesse","floor":39},{"not_picked":["Apotheosis","Sadistic Nature+1"],"picked":"Master of Strategy","floor":39},{"not_picked":["Calculated Gamble","Blade Dance","Dagger Throw+1"],"picked":"SKIP","floor":41},{"not_picked":["Flying Knee","Terror"],"picked":"Heel Hook","floor":47}],"player_experience":752459,"relics_obtained":[{"floor":9,"key":"Dead Branch"},{"floor":10,"key":"Eternal Feather"},{"floor":13,"key":"MawBank"},{"floor":17,"key":"PreservedInsect"},{"floor":17,"key":"Frozen Egg 2"},{"floor":17,"key":"TungstenRod"},{"floor":24,"key":"Pantograph"},{"floor":26,"key":"Girya"},{"floor":28,"key":"Red Mask"},{"floor":31,"key":"Letter Opener"},{"floor":43,"key":"Bird Faced Urn"},{"floor":47,"key":"War Paint"}],"event_choices":[{"cards_removed":["Defend_G"],"damage_healed":0,"gold_gain":0,"player_choice":"Card Removal","damage_taken":7,"max_hp_gain":0,"max_hp_loss":0,"event_name":"Golden Wing","floor":2,"gold_loss":0},{"cards_removed":["Strike_G"],"damage_healed":0,"gold_gain":0,"player_choice":"Purged","damage_taken":0,"max_hp_gain":0,"max_hp_loss":0,"event_name":"Purifier","floor":3,"gold_loss":0},{"damage_healed":0,"gold_gain":0,"player_choice":"Box","damage_taken":0,"relics_obtained":["Ancient Tea Set"],"max_hp_gain":0,"max_hp_loss":0,"event_name":"Big Fish","floor":14,"gold_loss":0,"cards_obtained":["Regret"]},{"damage_healed":0,"gold_gain":0,"player_choice":"Fought Bandits","damage_taken":0,"max_hp_gain":0,"max_hp_loss":0,"event_name":"Masked Bandits","floor":28,"gold_loss":0},{"damage_healed":0,"gold_gain":0,"player_choice":"Inject Mutagens","damage_taken":0,"relics_obtained":["MutagenicStrength"],"max_hp_gain":0,"max_hp_loss":0,"event_name":"Drug Dealer","floor":30,"gold_loss":0},{"damage_healed":0,"gold_gain":0,"player_choice":"Memory 2","damage_taken":5,"max_hp_gain":0,"max_hp_loss":0,"event_name":"SensoryStone","floor":39,"gold_loss":0},{"cards_removed":["Poisoned Stab"],"damage_healed":0,"gold_gain":0,"player_choice":"Removed Attack","damage_taken":0,"max_hp_gain":0,"max_hp_loss":0,"event_name":"Falling","floor":44,"gold_loss":0},{"damage_healed":0,"gold_gain":0,"player_choice":"Cursed","damage_taken":0,"max_hp_gain":0,"max_hp_loss":0,"event_name":"Wheel of Change","floor":45,"gold_loss":0,"cards_obtained":["Decay"]}],"is_beta":false,"boss_relics":[{"not_picked":["Ectoplasm","HoveringKite"],"picked":"Calling Bell"},{"not_picked":["Black Star","Sozu"],"picked":"Tiny House"}],"items_purged_floors":[19],"is_endless":false,"potions_floor_spawned":[4,5,10,22,27,29,33,35,41],"killed_by":"Awakened One","ascension_level":20}}