{"host":"sav7uxregyirlf69","time":1610004692,"event":{"mods":["AchievementEnabler","BaseMod","Colored Map","DeckTracker","Keyboard Shortcuts","Minty Spire (QoL Compilation)","READ ME - Guardian Mod","StSLib","SuperFastMode"],"gold_per_floor":[113,113,123,123,134,166,182,195,268,298,52,52,52,12,12,86,86,105,122,322,322,322],"floor_reached":21,"playtime":399,"items_purged":["Strike_G"],"score":378,"play_id":"d35ff5df-d49e-4017-b6a4-01562514292c","local_time":"20210107163132","is_ascension_mode":true,"campfire_choices":[{"data":"Tactician","floor":13.0,"key":"SMITH"},{"data":"Envenom","floor":15.0,"key":"SMITH"}],"circlet_count":0,"master_deck":["AscendersBane","Strike_G","Strike_G","Strike_G","Defend_G","Defend_G","Defend_G+1","Defend_G+1","Defend_G","Survivor","Neutralize","Crippling Poison","Dagger Spray","Tactician+1","Skewer+1","Masterful Stab+1","Calculated Gamble","Blur","Envenom+1","Burst","Underhanded Strike+1","Acrobatics+1"],"relics":["Ring of the Serpent","PreservedInsect","Molten Egg 2","Sundial","Ginger","Lee\u0027s Waffle"],"acts_visited":["Exordium","TheCity"],"potions_floor_usage":[],"damage_taken":[{"damage":3.0,"enemies":"Jaw Worm","floor":1.0,"turns":5.0},{"damage":0.0,"enemies":"Small Slimes","floor":3.0,"turns":3.0},{"damage":0.0,"enemies":"Cultist","floor":5.0,"turns":4.0},{"damage":9.0,"enemies":"3 Sentries","floor":6.0,"turns":6.0},{"damage":5.0,"enemies":"Blue Slaver","floor":7.0,"turns":5.0},{"damage":5.0,"enemies":"Exordium Thugs","floor":8.0,"turns":4.0},{"damage":12.0,"enemies":"Lagavulin","floor":10.0,"turns":7.0},{"damage":1.0,"enemies":"Looter","floor":14.0,"turns":4.0},{"damage":58.0,"enemies":"Hexaghost","floor":16.0,"turns":11.0},{"damage":22.0,"enemies":"2 Thieves","floor":18.0,"turns":3.0},{"damage":19.0,"enemies":"Chosen","floor":19.0,"turns":4.0},{"damage":31,"enemies":"Shelled Parasite and Fungi","floor":21,"turns":1}],"seed_played":"-1150301855070310202","potions_obtained":[{"floor":1.0,"key":"BlessingOfTheForge"},{"floor":7.0,"key":"Ancient Potion"}],"is_trial":false,"path_per_floor":["M","?","M","?","M","E","M","M","T","E","$","?","R","M","R","B",null,"M","M","?","M"],"character_chosen":"THE_SILENT","items_purchased":["Lee\u0027s Waffle"],"campfire_rested":0,"item_purchase_floors":[11],"current_hp_per_floor":[56,36,36,36,36,27,22,17,17,5,73,73,73,72,72,14,58,36,17,17,0,0],"gold":322,"neow_bonus":"RANDOM_COMMON_RELIC","is_daily":false,"chose_seed":false,"campfire_upgraded":2,"win_rate":0.0,"timestamp":1610004692,"path_taken":["M","?","M","?","M","E","M","M","T","E","$","?","R","M","R","BOSS","M","?","?","M"],"items_purchased_type":["Relic"],"build_version":"2020-12-22","purchased_purges":1,"victory":false,"max_hp_per_floor":[66,66,66,66,66,66,66,66,66,66,73,73,73,73,73,73,73,73,73,73,73,73],"card_choices":[{"not_picked":["Slice","Bane"],"picked":"Crippling Poison","floor":1.0},{"not_picked":["Acrobatics","Poisoned Stab"],"picked":"Dagger Spray","floor":3.0},{"not_picked":["Deflect","Sucker Punch"],"picked":"Tactician","floor":5.0},{"not_picked":["Underhanded Strike+1","Blade Dance"],"picked":"Skewer+1","floor":6.0},{"not_picked":["Crippling Poison","Quick Slash+1"],"picked":"Masterful Stab+1","floor":7.0},{"not_picked":["Eviscerate+1","Poisoned Stab+1"],"picked":"Calculated Gamble","floor":8.0},{"not_picked":["Tactician","Flechettes+1"],"picked":"Blur","floor":10.0},{"not_picked":["Eviscerate+1","Finisher+1"],"picked":"Envenom","floor":14.0},{"not_picked":["Bullet Time","Corpse Explosion"],"picked":"Burst","floor":16.0},{"not_picked":["Slice+1","Expertise"],"picked":"Underhanded Strike+1","floor":18.0},{"not_picked":["Slice+1","Footwork"],"picked":"Acrobatics+1","floor":19.0}],"player_experience":1175462,"relics_obtained":[{"floor":6.0,"key":"Molten Egg 2"},{"floor":9.0,"key":"Sundial"},{"floor":10.0,"key":"Ginger"}],"event_choices":[{"damage_healed":0.0,"max_hp_gain":0.0,"max_hp_loss":0.0,"gold_gain":0.0,"event_name":"Shining Light","player_choice":"Entered Light","floor":2.0,"gold_loss":0.0,"damage_taken":20.0,"cards_upgraded":["Defend_G","Defend_G"]},{"damage_healed":0.0,"max_hp_gain":0.0,"max_hp_loss":0.0,"gold_gain":0.0,"event_name":"Scrap Ooze","player_choice":"Fled","floor":4.0,"gold_loss":0.0,"damage_taken":0.0},{"cards_removed":["Strike_G"],"damage_healed":0.0,"max_hp_gain":0.0,"max_hp_loss":0.0,"gold_gain":0.0,"event_name":"Bonfire Elementals","player_choice":"Offered Basic","floor":12.0,"gold_loss":0.0,"damage_taken":0.0},{"damage_healed":0,"gold_gain":250,"player_choice":"Bet on Owner","damage_taken":0,"max_hp_gain":0,"max_hp_loss":0,"event_name":"The Joust","floor":20,"gold_loss":50}],"is_beta":false,"boss_relics":[{"not_picked":["Runic Dome","WristBlade"],"picked":"Ring of the Serpent"}],"items_purged_floors":[11],"is_endless":false,"potions_floor_spawned":[1,7],"killed_by":"Shelled Parasite and Fungi","ascension_level":20}}