{"host":"g01l53quoe6lrer0","time":1610044717,"event":{"mods":["2.2 Compatiblity","AchievementEnabler","BaseMod","Colored Map","Highlight Path","Keyboard Shortcuts","Minty Spire (QoL Compilation)","Permanent Neow","StSLib","SuperFastMode","everything is the same but u backflip on backflip"],"gold_per_floor":[19,38,38,48,61,61,61,87,164,198,209,209,234,249,249,351,401,414,339,438,464,464,464,493,493,517,517,265,279,293,317,317,417,417,428,447,322,342,192,192,225,242,242,257,269,94,94,94,94,94],"floor_reached":51,"playtime":2004,"items_purged":["Defend_P","Strike_P","Defend_P","Strike_P","BowlingBash"],"score":1277,"play_id":"68771d91-8944-42a8-b549-e757571d572c","local_time":"20210108033837","is_ascension_mode":true,"campfire_choices":[{"data":"Eruption","floor":6.0,"key":"SMITH"},{"floor":12.0,"key":"REST"},{"data":"MentalFortress","floor":15.0,"key":"SMITH"},{"data":"Adaptation","floor":23,"key":"SMITH"},{"data":"Evaluate","floor":25,"key":"SMITH"},{"floor":27,"key":"REST"},{"floor":32,"key":"DIG"},{"floor":40,"key":"DIG"},{"floor":49,"key":"DIG"}],"circlet_count":0,"master_deck":["Strike_P+1","Eruption+1","Vigilance+1","TalkToTheHand+1","DeusExMachina+1","Evaluate+1","MentalFortress+1","FearNoEvil+1","Adaptation+1","Scrawl+1"],"relics":["PureWater","Shovel","Kunai","Blood Vial","Happy Flower","Tiny House","Red Mask","Art of War","Akabeko","TheAbacus","MealTicket","Bag of Preparation","VioletLotus","Mercury Hourglass","Orichalcum","Thread and Needle","Mark of the Bloom","Vajra"],"acts_visited":["Exordium","TheCity","TheBeyond"],"potions_floor_usage":[24],"damage_taken":[{"damage":5.0,"enemies":"2 Louse","floor":1.0,"turns":3.0},{"damage":0.0,"enemies":"Cultist","floor":2.0,"turns":2.0},{"damage":0.0,"enemies":"Small Slimes","floor":4.0,"turns":2.0},{"damage":3.0,"enemies":"Blue Slaver","floor":5.0,"turns":4.0},{"damage":7.0,"enemies":"Lagavulin","floor":8.0,"turns":7.0},{"damage":10.0,"enemies":"3 Sentries","floor":10.0,"turns":5.0},{"damage":6.0,"enemies":"Looter","floor":11.0,"turns":3.0},{"damage":0.0,"enemies":"Red Slaver","floor":14.0,"turns":4.0},{"damage":10.0,"enemies":"The Guardian","floor":16.0,"turns":12.0},{"damage":6,"enemies":"3 Byrds","floor":18,"turns":5},{"damage":11,"enemies":"Masked Bandits","floor":21,"turns":6},{"damage":18,"enemies":"Slavers","floor":24,"turns":6},{"damage":0,"enemies":"Chosen","floor":29,"turns":3},{"damage":2,"enemies":"Centurion and Healer","floor":30,"turns":3},{"damage":0,"enemies":"Collector","floor":33,"turns":5},{"damage":0,"enemies":"3 Darklings","floor":35,"turns":2},{"damage":11,"enemies":"3 Shapes","floor":36,"turns":2},{"damage":0,"enemies":"Sphere and 2 Shapes","floor":38,"turns":3},{"damage":0,"enemies":"Giant Head","floor":41,"turns":3},{"damage":0,"enemies":"3 Darklings","floor":42,"turns":2},{"damage":0,"enemies":"Transient","floor":44,"turns":5},{"damage":0,"enemies":"Maw","floor":45,"turns":4},{"damage":0,"enemies":"Time Eater","floor":50,"turns":6}],"seed_played":"9001859534462963158","potions_obtained":[{"floor":2.0,"key":"DistilledChaos"},{"floor":8.0,"key":"FearPotion"},{"floor":14.0,"key":"Block Potion"},{"floor":17,"key":"Ancient Potion"},{"floor":29,"key":"DuplicationPotion"},{"floor":35,"key":"GamblersBrew"},{"floor":42,"key":"SmokeBomb"}],"is_trial":false,"path_per_floor":["M","M","?","M","M","R","$","E","T","E","M","R","T","M","R","B",null,"M","$","?","?","?","R","E","R","T","R","$","M","M","T","R","B",null,"M","M","$","M","$","R","E","M","T","M","M","$","?","?","R","B",null],"character_chosen":"WATCHER","items_purchased":["TheAbacus"],"campfire_rested":2,"item_purchase_floors":[28],"current_hp_per_floor":[60,60,60,60,57,57,57,50,50,40,36,57,57,59,59,51,72,68,68,68,59,59,59,43,43,43,66,66,68,68,68,68,70,75,77,66,77,77,77,77,77,77,77,77,77,77,77,77,77,77],"gold":94,"neow_bonus":"REMOVE_TWO","is_daily":false,"chose_seed":false,"campfire_upgraded":4,"win_rate":0.0,"timestamp":1610044717,"path_taken":["M","M","?","?","M","R","$","E","T","E","M","R","?","M","R","BOSS","M","?","?","?","?","R","E","R","T","R","$","M","M","?","R","BOSS","M","M","$","M","$","R","E","M","T","M","M","$","?","?","R","BOSS"],"items_purchased_type":["Relic"],"build_version":"2020-12-22","purchased_purges":5,"victory":true,"max_hp_per_floor":[72,72,72,72,72,72,72,72,72,72,72,72,72,72,72,72,77,77,77,77,77,77,77,77,77,77,77,77,77,77,77,77,77,77,77,77,77,77,77,77,77,77,77,77,77,77,77,77,77,77],"card_choices":[{"not_picked":["Crescendo","SashWhip"],"picked":"BowlingBash","floor":1.0},{"not_picked":["Prostrate","DeusExMachina"],"picked":"TalkToTheHand","floor":2.0},{"not_picked":["FlyingSleeves","PathToVictory"],"picked":"Evaluate","floor":4.0},{"not_picked":["CutThroughFate","SashWhip"],"picked":"MentalFortress","floor":5.0},{"not_picked":["ThirdEye","DeceiveReality"],"picked":"FearNoEvil","floor":8.0},{"not_picked":["FlyingSleeves","Establishment","Halt"],"picked":"SKIP","floor":10.0},{"not_picked":["TalkToTheHand","ThirdEye"],"picked":"Adaptation","floor":11.0},{"not_picked":["FlyingSleeves","Consecrate","Wireheading"],"picked":"SKIP","floor":14.0},{"not_picked":["SandsOfTime+1","ClearTheMind","Prostrate+1"],"picked":"SKIP","floor":18},{"not_picked":["Halt","FollowUp","Swivel"],"picked":"SKIP","floor":24},{"not_picked":["Halt","FollowUp","Swivel"],"picked":"SKIP","floor":24},{"not_picked":["PathToVictory","ThirdEye","WheelKick"],"picked":"SKIP","floor":29},{"not_picked":["Wireheading","CutThroughFate+1","PathToVictory+1"],"picked":"SKIP","floor":30},{"not_picked":["DeusExMachina","DevaForm"],"picked":"Scrawl","floor":33},{"not_picked":["Prostrate+1","FlurryOfBlows+1","ClearTheMind"],"picked":"SKIP","floor":35},{"not_picked":["FlyingSleeves","PathToVictory+1","Swivel"],"picked":"SKIP","floor":36},{"not_picked":["Meditate+1","BowlingBash","ReachHeaven+1"],"picked":"SKIP","floor":38},{"not_picked":["Crescendo+1","BowlingBash+1","DeceiveReality+1"],"picked":"SKIP","floor":41},{"not_picked":["Halt+1","EmptyBody","BattleHymn"],"picked":"SKIP","floor":42},{"not_picked":["Evaluate","Sanctity+1","Crescendo"],"picked":"SKIP","floor":44},{"not_picked":["ThirdEye","Evaluate+1","DevaForm"],"picked":"SKIP","floor":45}],"player_experience":70231,"relics_obtained":[{"floor":8.0,"key":"Shovel"},{"floor":9.0,"key":"Kunai"},{"floor":10.0,"key":"Blood Vial"},{"floor":13.0,"key":"Happy Flower"},{"floor":21,"key":"Red Mask"},{"floor":24,"key":"Art of War"},{"floor":26,"key":"Akabeko"},{"floor":31,"key":"MealTicket"},{"floor":32,"key":"Bag of Preparation"},{"floor":40,"key":"Mercury Hourglass"},{"floor":41,"key":"Orichalcum"},{"floor":43,"key":"Thread and Needle"},{"floor":49,"key":"Vajra"}],"event_choices":[{"damage_healed":0.0,"max_hp_gain":0.0,"max_hp_loss":0.0,"gold_gain":0.0,"event_name":"Match and Keep!","player_choice":"1 cards matched","floor":3.0,"gold_loss":0.0,"damage_taken":0.0,"cards_obtained":["DeusExMachina"]},{"damage_healed":0,"gold_gain":99,"player_choice":"Stole From Cult","damage_taken":0,"max_hp_gain":0,"max_hp_loss":0,"event_name":"Nest","floor":20,"gold_loss":0},{"damage_healed":0,"gold_gain":0,"player_choice":"Fought Bandits","damage_taken":0,"max_hp_gain":0,"max_hp_loss":0,"event_name":"Masked Bandits","floor":21,"gold_loss":0},{"cards_removed":["Strike_P"],"damage_healed":0,"gold_gain":0,"player_choice":"Elegance","damage_taken":0,"max_hp_gain":0,"max_hp_loss":0,"event_name":"Back to Basics","floor":22,"gold_loss":0},{"damage_healed":0,"gold_gain":0,"player_choice":"Upgrade","damage_taken":0,"relics_obtained":["Mark of the Bloom"],"max_hp_gain":0,"max_hp_loss":0,"event_name":"MindBloom","floor":47,"gold_loss":0,"cards_upgraded":["Vigilance","TalkToTheHand","DeusExMachina","FearNoEvil","Scrawl"]},{"damage_healed":0,"gold_gain":0,"player_choice":"Ignored","damage_taken":0,"max_hp_gain":0,"max_hp_loss":0,"event_name":"Mysterious Sphere","floor":48,"gold_loss":0}],"is_beta":false,"boss_relics":[{"not_picked":["Pandora\u0027s Box","Calling Bell"],"picked":"Tiny House"},{"not_picked":["HolyWater","Snecko Eye"],"picked":"VioletLotus"}],"items_purged_floors":[19,28,37,39,46],"is_endless":false,"potions_floor_spawned":[2,8,14,29,33,35,38,42],"ascension_level":8}}