{"host":"u3jctbsl7uavviuy","time":1610002646,"event":{"mods":["ATMod(阿瑾Mod)","Arknights The Spire","BaseMod","BetterRewards","GungeonMod","HololiveMod","Luminous","Marisa（F雨　魔理沙）","Minty Spire (QoL Compilation)","Relic Stats","Replay The Spire","Shop Mod","Spicy Shops","StSLib","TestMod","The Animator","The Cursed","The Gatherer","The Servant 0.9.4","WarShipGirlsR/战舰少女R mod","vexMod","篝火指南"],"gold_per_floor":[112,92,108,123,139,169,169,51,351,365,382,415,425,29,29,131,131,142,142,161,181,191,226,226,260,332,358,375,413,439,458,27,132,132,150,550,550,208,222,247,266,266,289,27,66,66,79,91,91,91],"floor_reached":51,"playtime":2921,"items_purged":["ats:Strike V","ats:Strike G"],"score":1085,"play_id":"3759ec00-2ab5-4c06-887f-7bbe307a4fa0","local_time":"20210107155726","is_ascension_mode":false,"campfire_choices":[{"data":"ats:Emotion Absorption","floor":7,"key":"SMITH"},{"data":"ats:Composite Medical Shells","floor":15,"key":"SMITH"},{"data":"ats:Healing Drone","floor":24,"key":"SMITH"},{"data":"ats:Healing Drone","floor":42,"key":"SMITH"},{"data":"ats:Healing Strengthening","floor":46,"key":"SMITH"},{"data":"ats:Part Time Job","floor":49,"key":"SMITH"}],"circlet_count":0,"master_deck":["ats:Strike C","ats:Strike S","ats:Armor Crushing Shot","ats:Defend","ats:Defend","ats:Defend","ats:Defend","ats:Emotion Absorption+1","AT_FamilyPortrait","ats:Poison Spread","ats:Healing Strengthening+1","ats:Shell Defense","ats:Revitalization","ats:Sword Rain","ats:Healing Drone+1","ats:Defend Order","ats:Sword Rain","ats:Song Of Battle","ats:Neurotoxin","ats:Consecutive Shot Auto","ats:Song Of Battle","ats:Composite Medical Shells+1","ats:Wolf Pack+1","ats:Revitalization","ats:Disruption Kick+1","ats:Shell Defense+1","ats:Revitalization+1","ats:Healing Strengthening+1","ats:Healing Strengthening+1","ats:Healing Drone+1","ats:Healing Strengthening+1","ats:Dogmatic Field+1","Specialist","Purity","ats:Neurotoxin+1","ats:Part Time Job+1"],"relics":["ats:Sanity","AT_ATBox","testmod-FatalChain","ReplayTheSpireMod:TigerMarble","ats:Originium","The Courier","testmod-TurbochargingSystem","Old Coin","testmod-CrystalShield","Golden Egg","Potion Belt","Red Mask","DemoMod:OrangeGuonStone","Oddly Smooth Stone","Mirror","vexMod:PaidLearning","vexMod:Cooldron","ats:Tactical Delivery","AT_DeathDance","BargainBundle","Happy Flower","Blood Vial","Orrery","Bottled Lightning","DemoMod:GlassGuonStoneRelic"],"acts_visited":["Exordium","TheCity","TheBeyond"],"potions_floor_usage":[5,5,6,6,12,16,22,23,35,35,40,40,40,50,50,50,50,50,50,50,50,50,50,50,50,50,50,50,50,50],"damage_taken":[{"damage":0.0,"enemies":"Small Slimes","floor":1.0,"turns":1.0},{"damage":8.0,"enemies":"Cultist","floor":3.0,"turns":5.0},{"damage":10.0,"enemies":"Jaw Worm","floor":4.0,"turns":3.0},{"damage":0,"enemies":"Gremlin Gang","floor":5,"turns":5},{"damage":36,"enemies":"3 Sentries","floor":6,"turns":8},{"damage":12,"enemies":"3 Louse","floor":10,"turns":2},{"damage":13,"enemies":"Exordium Wildlife","floor":11,"turns":5},{"damage":25,"enemies":"Gremlin Nob","floor":12,"turns":5},{"damage":0,"enemies":"Large Slime","floor":13,"turns":5},{"damage":14,"enemies":"The Guardian","floor":16,"turns":11},{"damage":52,"enemies":"Spheric Guardian","floor":18,"turns":7},{"damage":0,"enemies":"Chosen","floor":20,"turns":5},{"damage":33,"enemies":"Shelled Parasite and Fungi","floor":21,"turns":7},{"damage":27,"enemies":"Snake Plant","floor":22,"turns":5},{"damage":37,"enemies":"Gremlin Leader","floor":23,"turns":6},{"damage":0,"enemies":"Masked Bandits","floor":25,"turns":2},{"damage":20,"enemies":"Centurion and Healer","floor":28,"turns":7},{"damage":47,"enemies":"Cultist and Chosen","floor":29,"turns":6},{"damage":32,"enemies":"Book of Stabbing","floor":30,"turns":6},{"damage":12,"enemies":"Shelled Parasite and Fungi","floor":31,"turns":5},{"damage":52,"enemies":"Collector","floor":33,"turns":9},{"damage":20,"enemies":"3 Darklings","floor":35,"turns":4},{"damage":0,"enemies":"3 Shapes","floor":39,"turns":1},{"damage":46,"enemies":"Reptomancer","floor":40,"turns":6},{"damage":10,"enemies":"3 Darklings","floor":41,"turns":6},{"damage":21,"enemies":"Maw","floor":45,"turns":7},{"damage":22,"enemies":"Sphere and 2 Shapes","floor":47,"turns":4},{"damage":20,"enemies":"4 Shapes","floor":48,"turns":3},{"damage":0,"enemies":"Time Eater","floor":50,"turns":8}],"seed_played":"-8069397379492253801","potions_obtained":[{"floor":2.0,"key":"DistilledChaos"},{"floor":3.0,"key":"ats:Emergency Sanity Potion"},{"floor":4.0,"key":"Energy Potion"},{"floor":5,"key":"testmod-SpacePotion"},{"floor":6,"key":"Weak Potion"},{"floor":12,"key":"DistilledChaos"},{"floor":20,"key":"ColorlessPotion"},{"floor":22,"key":"Block Potion"},{"floor":23,"key":"GamblersBrew"},{"floor":28,"key":"Dexterity Potion"},{"floor":33,"key":"EntropicBrew"},{"floor":35,"key":"EntropicBrew"},{"floor":39,"key":"EntropicBrew"},{"floor":41,"key":"EntropicBrew"}],"is_trial":false,"path_per_floor":["M","?","M","M","M","E","R","$","T","M","M","E","M","$","R","B",null,"M","?","M","M","M","E","R","?","T","T","M","M","E","M","R","B",null,"M","?","?","$","M","E","M","R","T","$","M","R","M","M","R","B",null],"character_chosen":"DOCTOR_CLASS","items_purchased":["ReplayTheSpireMod:TigerMarble","ats:Poison Spread","ats:Healing Strengthening","ats:Shell Defense","testmod-TurbochargingSystem","ats:Song Of Battle","ats:Song Of Battle","ats:Composite Medical Shells","Golden Egg","Regen Potion","ats:Healing Strengthening","ats:Healing Drone","ats:Healing Strengthening","vexMod:PaidLearning","vexMod:Cooldron","AT_DeathDance","BargainBundle","ats:Neurotoxin","Orrery","Bottled Lightning"],"campfire_rested":0,"item_purchase_floors":[0,0,0,0,8,8,14,14,14,14,32,32,32,32,32,38,38,38,44,44],"current_hp_per_floor":[66,66,67,59,72,63,63,63,63,52,50,25,33,33,33,72,72,46,46,56,72,72,60,60,72,72,72,69,42,59,72,72,72,72,72,72,62,62,64,72,72,72,72,72,72,72,72,55,55,72],"gold":91,"neow_bonus":"","is_daily":false,"chose_seed":false,"campfire_upgraded":6,"win_rate":0.0,"timestamp":1610002646,"path_taken":["M","?","M","M","?","E","R","$","T","M","M","E","M","$","R","BOSS","M","?","?","M","M","E","R","?","T","?","M","M","E","M","R","BOSS","M","?","?","$","M","E","M","R","T","$","M","R","M","M","R","BOSS"],"items_purchased_type":["Relic","Card","Card","Card","Relic","Card","Card","Card","Relic","Potion","Card","Card","Card","Relic","Relic","Relic","Relic","Card","Relic","Relic"],"build_version":"2020-12-22","purchased_purges":2,"victory":true,"max_hp_per_floor":[72,72,72,72,72,72,72,72,72,72,72,72,72,72,72,72,72,72,72,72,72,72,72,72,72,72,72,72,72,72,72,72,72,72,72,72,72,72,72,72,72,72,72,72,72,72,72,72,72,72],"relic_stats":{"Blood Vial":2,"Happy Flower":[9],"counters":[41,201],"obtain_stats":[{"ats:Ability Aura":17,"vexMod:PlasmaPancake":17,"Golden Egg":14,"AT_ATBox":0,"DemoMod:GlassGuonStoneRelic":1,"testmod-Nyarlathotep":9,"Old Coin":9,"Blood Vial":43,"testmod-CrystalShield":12,"testmod-Déjàvu":0,"Red Mask":25,"ats:Sanity":0,"Potion Belt":23,"BargainBundle":38,"testmod-TestBox":0,"NeowsBlessing":0,"Happy Flower":40,"vexMod:ConsolationPrize":17,"testmod-FatalChain":4,"DemoMod:OrangeGuonStone":26,"Oddly Smooth Stone":27,"The Courier":6,"vexMod:PaidLearning":24,"Replay:Kaleidoscope":23,"testmod-TurbochargingSystem":8,"testmod-IndustrialRevolution":26,"Calling Bell":17,"vexMod:Cooldron":32,"ats:Originium":10,"Orrery":44,"Simple Rune":10,"ats:Tactical Delivery":34,"ReplayTheSpireMod:TigerMarble":0,"Bottled Lightning":44,"AT_DeathDance":38,"Mirror":30},{"ats:Ability Aura":7,"vexMod:PlasmaPancake":7,"Golden Egg":21,"AT_ATBox":0,"DemoMod:GlassGuonStoneRelic":1,"testmod-Nyarlathotep":3,"Old Coin":17,"Blood Vial":37,"testmod-CrystalShield":20,"testmod-Déjàvu":0,"Red Mask":28,"ats:Sanity":0,"Potion Belt":27,"BargainBundle":34,"testmod-TestBox":0,"NeowsBlessing":0,"Happy Flower":36,"vexMod:ConsolationPrize":7,"testmod-FatalChain":15,"DemoMod:OrangeGuonStone":28,"Oddly Smooth Stone":28,"The Courier":17,"vexMod:PaidLearning":10,"Replay:Kaleidoscope":10,"testmod-TurbochargingSystem":17,"testmod-IndustrialRevolution":11,"Calling Bell":7,"vexMod:Cooldron":32,"ats:Originium":4,"Orrery":37,"Simple Rune":4,"ats:Tactical Delivery":33,"ReplayTheSpireMod:TigerMarble":12,"Bottled Lightning":37,"AT_DeathDance":34,"Mirror":31},{"ats:Ability Aura":26,"vexMod:PlasmaPancake":26,"Golden Egg":86,"AT_ATBox":0,"DemoMod:GlassGuonStoneRelic":1,"testmod-Nyarlathotep":3,"Old Coin":69,"Blood Vial":179,"testmod-CrystalShield":81,"testmod-Déjàvu":0,"Red Mask":129,"ats:Sanity":0,"Potion Belt":127,"BargainBundle":166,"testmod-TestBox":0,"NeowsBlessing":0,"Happy Flower":173,"vexMod:ConsolationPrize":26,"testmod-FatalChain":54,"DemoMod:OrangeGuonStone":129,"Oddly Smooth Stone":129,"The Courier":69,"vexMod:PaidLearning":39,"Replay:Kaleidoscope":39,"testmod-TurbochargingSystem":69,"testmod-IndustrialRevolution":46,"Calling Bell":26,"vexMod:Cooldron":153,"ats:Originium":11,"Orrery":179,"Simple Rune":11,"ats:Tactical Delivery":162,"ReplayTheSpireMod:TigerMarble":47,"Bottled Lightning":179,"AT_DeathDance":166,"Mirror":148}]},"card_choices":[{"not_picked":["ats:Explosion Area Strengthen","ats:Curse Doll"],"picked":"ats:Revitalization","floor":1.0},{"not_picked":["ats:Shell Defense","ats:Thermite Blade"],"picked":"ats:Sword Rain","floor":3.0},{"not_picked":["ats:Childhood Dance","ats:Consecutive Shot Auto"],"picked":"ats:Healing Drone","floor":4.0},{"not_picked":["ats:Curse Doll","ats:Consecutive Shot Auto"],"picked":"ats:Defend Order","floor":5},{"not_picked":["ats:Explosion Area Strengthen","ats:Hammer On"],"picked":"ats:Sword Rain","floor":6},{"not_picked":["ats:Shell Defense","ats:Leaping Hammer"],"picked":"ats:Neurotoxin","floor":10},{"not_picked":["ats:Directed Diagnosis","ats:Defend Order","ats:Childhood Dance"],"picked":"SKIP","floor":11},{"not_picked":["ats:Sword Rain","ats:Closed Bolt Burst Fire"],"picked":"ats:Consecutive Shot Auto","floor":12},{"not_picked":["ats:Burning Ground","ats:Support Order","ats:Healing Drone"],"picked":"SKIP","floor":13},{"not_picked":["ats:Dogmatic Field","ats:Soul Rend"],"picked":"ats:Wolf Pack","floor":16},{"not_picked":["ats:Explosion Area Strengthen","ats:Cat Scratch"],"picked":"ats:Revitalization","floor":18},{"not_picked":["ats:Consecutive Shot Auto+1","ats:Burning Ground","ats:Assault Order+1"],"picked":"SKIP","floor":20},{"not_picked":["ats:Childhood Dance","ats:Thermite Blade","ats:Sunburst"],"picked":"SKIP","floor":21},{"not_picked":["ats:Leaping Hammer","ats:Assault Order","ats:Consecutive Shot Auto+1"],"picked":"SKIP","floor":22},{"not_picked":["ats:Support Order","ats:Curse Doll+1"],"picked":"ats:Disruption Kick","floor":23},{"not_picked":["ats:Mental Burst+1","ats:Assault Order"],"picked":"ats:Shell Defense+1","floor":28},{"not_picked":["ats:Defend Order","ats:Ignite"],"picked":"ats:Revitalization+1","floor":29},{"not_picked":["ats:Hammer On","ats:True Silver Slash","ats:Revitalization"],"picked":"SKIP","floor":30},{"not_picked":["ats:Apocalypse","ats:Encircling Forest+1","ats:Assault Order"],"picked":"SKIP","floor":31},{"not_picked":["ats:Disruption Kick","ats:Fractured Body"],"picked":"ats:Dogmatic Field","floor":33},{"not_picked":["ats:Shell Defense","ats:Powerful Strike+1","ats:Ignite"],"picked":"SKIP","floor":35},{"not_picked":["testmod-FightingIntention","testmod-PerfectCombo"],"picked":"Specialist","floor":37},{"not_picked":["Finesse","Impatience"],"picked":"Purity","floor":37},{"not_picked":["ats:Explosion Area Strengthen+1","ats:Guardian Obelisk+1","ats:Revitalization+1"],"picked":"SKIP","floor":39},{"not_picked":["ats:Automatic Cover+1","ats:Ignite"],"picked":"ats:Part Time Job","floor":40},{"not_picked":["ats:Shell Defense+1","ats:Assault Order+1","ats:Collapsing Strike"],"picked":"SKIP","floor":41},{"not_picked":["ats:Mental Burst","ats:Song Of Battle","ats:Hook Shot+1"],"picked":"SKIP","floor":45},{"not_picked":["ats:Leaping Hammer+1","ats:Explosion Area Strengthen","ats:Closed Bolt Burst Fire"],"picked":"SKIP","floor":47},{"not_picked":["ats:Leaping Hammer+1","ats:Curse Doll+1","ats:Apocalypse+1"],"picked":"SKIP","floor":48}],"player_experience":416001,"relics_obtained":[{"floor":6,"key":"ats:Originium"},{"floor":6,"key":"The Courier"},{"floor":9,"key":"Old Coin"},{"floor":12,"key":"ats:Originium"},{"floor":12,"key":"testmod-CrystalShield"},{"floor":23,"key":"ats:Originium"},{"floor":23,"key":"Potion Belt"},{"floor":25,"key":"Red Mask"},{"floor":26,"key":"DemoMod:OrangeGuonStone"},{"floor":27,"key":"Oddly Smooth Stone"},{"floor":30,"key":"Mirror"},{"floor":40,"key":"Happy Flower"},{"floor":43,"key":"Blood Vial"}],"event_choices":[{"damage_healed":0.0,"max_hp_gain":0.0,"max_hp_loss":0.0,"gold_gain":0.0,"event_name":"The Woman in Blue","player_choice":"Bought 1 Potion","floor":2.0,"gold_loss":0.0,"damage_taken":0.0},{"damage_healed":0,"gold_gain":0,"player_choice":"Forge","damage_taken":0,"max_hp_gain":0,"max_hp_loss":0,"event_name":"Accursed Blacksmith","floor":19,"gold_loss":0,"cards_upgraded":["ats:Healing Strengthening"]},{"damage_healed":0,"gold_gain":0,"player_choice":"Fought Bandits","damage_taken":0,"max_hp_gain":0,"max_hp_loss":0,"event_name":"Masked Bandits","floor":25,"gold_loss":0},{"damage_healed":0,"gold_gain":400,"player_choice":"Sell","damage_taken":0,"max_hp_gain":0,"max_hp_loss":0,"event_name":"恩洛斯的盘子","floor":36,"relics_lost":["testmod-TestBox"],"gold_loss":0},{"damage_healed":0,"gold_gain":0,"player_choice":"Memory 3","damage_taken":10,"max_hp_gain":0,"max_hp_loss":0,"event_name":"SensoryStone","floor":37,"gold_loss":0}],"is_beta":false,"boss_relics":[{"not_picked":["testmod-EnergyCheck","Velvet Choker","Replay:Wanted Poster"]},{"not_picked":["testmod-Prudence","Calling Bell"],"picked":"ats:Tactical Delivery"}],"items_purged_floors":[38,38],"is_endless":false,"potions_floor_spawned":[3,4,5,6,12,20,22,23,28,33,35,39,41,47],"ascension_level":0}}