{"host":"6h0diz2ap0m56grs","time":1610052569,"event":{"mods":["2.2 Compatiblity","BaseMod","Colored Map","Marisa????????","Minty Spire (QoL Compilation)","Quick Restart","Replay The Spire","Shop Mod","StSLib","The Servant 0.9.4"],"gold_per_floor":[109,128,143,143,143,187,223,223,223,256,281,332,379,434,446,577,589,621,566,566,547,547,578,614,647,647,662,662,676,707,721,721,852,852,867,943,943,709,732,732,732,732,732,768,768,768,803,861,861,861],"floor_reached":51,"playtime":1749,"items_purged":[],"score":1046,"play_id":"48d4f319-07bd-433a-b7a2-5df196e87dad","local_time":"20210107144929","daily_mods":["SealedDeck","Heirloom","Time Dilation","Flight"],"is_ascension_mode":true,"campfire_choices":[{"data":"Replay:Poison Smokescreen","floor":8,"key":"SMITH"},{"data":"Catalyst","floor":15,"key":"SMITH"},{"data":"Replay:Poison Smokescreen","floor":28,"key":"SMITH"},{"data":"Wraith Form v2","floor":32,"key":"SMITH"},{"data":"Noxious Fumes","floor":40,"key":"SMITH"},{"data":"Footwork","floor":41,"key":"SMITH"},{"data":"Footwork","floor":42,"key":"SMITH"},{"data":"Footwork","floor":45,"key":"SMITH"},{"data":"Caltrops","floor":46,"key":"SMITH"},{"data":"Bouncing Flask","floor":49,"key":"SMITH"}],"circlet_count":0,"master_deck":["Caltrops+1","Backflip","Replay:Poison Smokescreen+1","Replay:Poison Smokescreen+1","Dash","Footwork+1","Catalyst+1","Dash","Riddle With Holes","Dodge and Roll","Bouncing Flask+1","Backflip+1","Draining Mist+1","Wraith Form v2+1","Footwork+1","Catalyst+1","Footwork+1","Replay:Bag of Tricks+1","Bouncing Flask+1","Crippling Poison+1","Noxious Fumes+1","Noxious Fumes+1","Dash"],"relics":["Snecko Eye","Ring of Chaos","replay:Trail_Library","Golden Idol","Toxic Egg 2","Art of War","Mercury Hourglass","SlaversCollar","Membership Card","MerchantsRug","Calipers","Replay:Kaleidoscope","ReplayTheSpireMod:TigerMarble","Busted Crown","Ginger","Pen Nib","Sundial","Orichalcum","Lantern","TungstenRod"],"acts_visited":["Exordium","TheCity","TheBeyond"],"potions_floor_usage":[7,14,14,44,50,50,50],"damage_taken":[{"damage":0,"enemies":"Cultist","floor":1,"turns":2},{"damage":0,"enemies":"2 Louse","floor":2,"turns":2},{"damage":0,"enemies":"Jaw Worm","floor":3,"turns":1},{"damage":0,"enemies":"Lagavulin","floor":6,"turns":4},{"damage":0,"enemies":"Gremlin Nob","floor":7,"turns":3},{"damage":0,"enemies":"Lagavulin","floor":10,"turns":2},{"damage":0,"enemies":"Exordium Thugs","floor":11,"turns":3},{"damage":0,"enemies":"Gremlin Nob","floor":12,"turns":2},{"damage":0,"enemies":"Lagavulin","floor":13,"turns":4},{"damage":0,"enemies":"Gremlin Nob","floor":14,"turns":3},{"damage":2,"enemies":"Hexaghost","floor":16,"turns":3},{"damage":0,"enemies":"2 Thieves","floor":18,"turns":2},{"damage":1,"enemies":"Replay:Snechameleon","floor":23,"turns":3},{"damage":0,"enemies":"Gremlin Leader","floor":24,"turns":4},{"damage":0,"enemies":"Replay:Snechameleon","floor":25,"turns":3},{"damage":0,"enemies":"Chosen","floor":27,"turns":2},{"damage":0,"enemies":"Centurion and Healer","floor":29,"turns":3},{"damage":1,"enemies":"Slavers","floor":30,"turns":3},{"damage":0,"enemies":"Snecko","floor":31,"turns":2},{"damage":0,"enemies":"Collector","floor":33,"turns":5},{"damage":0,"enemies":"Orb Walker","floor":35,"turns":1},{"damage":0,"enemies":"3 Shapes","floor":39,"turns":3},{"damage":1,"enemies":"Nemesis","floor":44,"turns":3},{"damage":0,"enemies":"R_Hoarder","floor":47,"turns":4},{"damage":0,"enemies":"2 Orb Walkers","floor":48,"turns":3},{"damage":0,"enemies":"Replay:Hell Engine","floor":50,"turns":5}],"seed_played":"864968836498774061","potions_obtained":[{"floor":2,"key":"Toxic Potion"},{"floor":6,"key":"AttackPotion"},{"floor":10,"key":"AttackPotion"},{"floor":14,"key":"CultistPotion"},{"floor":16,"key":"Weak Potion"},{"floor":18,"key":"CunningPotion"},{"floor":27,"key":"Toxic Potion"},{"floor":44,"key":"LiquidMemories"},{"floor":47,"key":"Poison Potion"}],"is_trial":true,"path_per_floor":["M","M","M","$","?","E","E","R","T","E","M","E","E","E","R","B",null,"M","$","?","$","?","E","E","E","T","M","R","M","E","M","R","B",null,"M","$","?","$","M","R","R","R","T","E","R","R","E","?","R","B",null],"character_chosen":"THE_SILENT","items_purchased":["Membership Card","MerchantsRug","Catalyst+1","Footwork","Noxious Fumes","GhostInAJar","Noxious Fumes","Ginger","Pen Nib"],"campfire_rested":0,"item_purchase_floors":[19,19,19,21,36,36,38,38,38],"current_hp_per_floor":[84,84,84,84,63,63,63,63,63,63,63,63,63,63,69,67,84,84,84,84,84,84,83,83,83,83,83,83,83,82,82,82,82,84,84,84,84,84,84,84,84,84,84,83,83,83,83,83,83,83],"gold":861,"neow_bonus":"","is_daily":false,"chose_seed":false,"campfire_upgraded":10,"win_rate":0.0,"timestamp":1610052569,"path_taken":["M","M","?","$","?","E","E","R","T","E","M","E","E","E","R","BOSS","M","$","?","$","?","E","E","E","T","?","R","?","E","M","R","BOSS","M","$","?","$","?","R","R","R","T","E","R","R","E","?","R","BOSS"],"items_purchased_type":["Relic","Relic","Card","Card","Card","Potion","Card","Relic","Relic"],"build_version":"2020-12-22","purchased_purges":0,"victory":true,"max_hp_per_floor":[84,84,84,84,84,84,84,84,84,84,84,84,84,84,84,84,84,84,84,84,84,84,84,84,84,84,84,84,84,84,84,84,84,84,84,84,84,84,84,84,84,84,84,84,84,84,84,84,84,84],"card_choices":[{"not_picked":["Dagger Throw","Blade Dance","Finisher"],"picked":"SKIP","floor":1},{"not_picked":["Bane","Outmaneuver","Deflect"],"picked":"SKIP","floor":2},{"not_picked":["ReplayTheSpireMod:The Works","Escape Plan"],"picked":"Dodge and Roll","floor":3},{"not_picked":["Accuracy","Quick Slash"],"picked":"Bouncing Flask","floor":6},{"not_picked":["Underhanded Strike","Masterful Stab","Deadly Poison"],"picked":"SKIP","floor":7},{"not_picked":["Outmaneuver","Underhanded Strike","Die Die Die"],"picked":"SKIP","floor":10},{"not_picked":["PiercingWail","Backflip","Infinite Blades"],"picked":"SKIP","floor":11},{"not_picked":["Envenom","Flying Knee","Tactician+1"],"picked":"SKIP","floor":12},{"not_picked":["Deadly Poison+1","Heel Hook","Expertise+1"],"picked":"SKIP","floor":13},{"not_picked":["Finisher","Dagger Spray"],"picked":"Backflip+1","floor":14},{"not_picked":["Envenom","Tools of the Trade"],"picked":"Wraith Form v2","floor":16},{"not_picked":["Cloak And Dagger+1","Choke+1"],"picked":"Footwork","floor":18},{"not_picked":["Fluid Movement","Flying Knee","Accuracy"],"picked":"SKIP","floor":23},{"not_picked":["Flying Knee","Sucker Punch","Riddle With Holes"],"picked":"SKIP","floor":24},{"not_picked":["Hidden Blade+1","PiercingWail+1","Choke"],"picked":"SKIP","floor":25},{"not_picked":["Deadly Poison+1","Bane+1"],"picked":"Replay:Bag of Tricks+1","floor":27},{"not_picked":["Caltrops+1","Tactician+1"],"picked":"Crippling Poison+1","floor":29},{"not_picked":["Prepared+1","Dagger Spray","Outmaneuver+1"],"picked":"SKIP","floor":30},{"not_picked":["Blade Dance+1","Underhanded Strike","Outmaneuver+1"],"picked":"SKIP","floor":31},{"not_picked":["Deadly Poison+1"],"picked":"SKIP","floor":35},{"not_picked":["PiercingWail+1"],"picked":"SKIP","floor":39},{"not_picked":["Burst+1"],"picked":"SKIP","floor":44},{"not_picked":["Escape Plan+1"],"picked":"SKIP","floor":47}],"player_experience":143951,"relics_obtained":[{"floor":6,"key":"Ninja Scroll"},{"floor":7,"key":"Replay:PocketPolymizer"},{"floor":9,"key":"Eternal Feather"},{"floor":10,"key":"MawBank"},{"floor":12,"key":"Toxic Egg 2"},{"floor":13,"key":"Art of War"},{"floor":14,"key":"Mercury Hourglass"},{"floor":23,"key":"Gremlin Food"},{"floor":24,"key":"Calipers"},{"floor":25,"key":"Replay:Kaleidoscope"},{"floor":26,"key":"Pet Ghost"},{"floor":30,"key":"ReplayTheSpireMod:TigerMarble"},{"floor":43,"key":"Sundial"},{"floor":44,"key":"Orichalcum"},{"floor":47,"key":"Lantern"},{"floor":48,"key":"TungstenRod"}],"event_choices":[{"damage_healed":0,"gold_gain":0,"player_choice":"Take Damage","damage_taken":21,"relics_obtained":["Golden Idol"],"max_hp_gain":0,"max_hp_loss":0,"event_name":"Golden Idol","floor":5,"gold_loss":0},{"cards_removed":["Dagger Spray"],"damage_healed":0,"gold_gain":0,"player_choice":"Elegance","damage_taken":0,"max_hp_gain":0,"max_hp_loss":0,"event_name":"Back to Basics","floor":20,"gold_loss":0},{"damage_healed":0,"gold_gain":0,"player_choice":"Ignored","damage_taken":0,"max_hp_gain":0,"max_hp_loss":0,"event_name":"N\u0027loth","floor":22,"gold_loss":0},{"damage_healed":0,"gold_gain":0,"player_choice":"Upgraded","damage_taken":0,"max_hp_gain":0,"max_hp_loss":0,"event_name":"Upgrade Shrine","floor":37,"gold_loss":0,"cards_upgraded":["Noxious Fumes"]},{"damage_healed":0,"gold_gain":0,"player_choice":"Fight","damage_taken":0,"max_hp_gain":0,"max_hp_loss":0,"event_name":"Mysterious Sphere","floor":48,"gold_loss":0}],"is_beta":false,"boss_relics":[{"not_picked":["Snecko Scales","SacredBark"],"picked":"SlaversCollar"},{"not_picked":["ChewingGum","Painkiller Herb"],"picked":"Busted Crown"}],"items_purged_floors":[],"is_endless":false,"potions_floor_spawned":[2,6,10,14,16,18,27,29,33,44,47],"ascension_level":1}}