{"host":"zksvs3x2ysy9npnz","time":1610032957,"event":{"mods":["Aspiration","BaseMod","Beaked The Cultist","BetterRewards","Clockwork Mod","Colored Map","Conspire","Downfall","Duelist Mod","Ekko","Halation","Highlight Path","Hubris","Hunter ??","Infinite Spire","Jedi Mod","JesterMod","Minty Spire (QoL Compilation)","Permanent Neow","Quick Restart","Relic Stats","Replay The Spire","Retaliation","Shade Mod","Shop Mod","StSLib"],"gold_per_floor":[117,17,17,34,34,66,66,98,123,123,123,142,162,195,195,293,293,306,306,326,345,364,364,396,396,396,396,407,418,438,363,363,363,363],"floor_reached":33,"playtime":1452,"items_purged":[],"score":343,"play_id":"c7c546bc-7028-4d85-b809-a375fa116066","local_time":"20210107162237","is_ascension_mode":true,"campfire_choices":[{"data":"ekkoTheBoyWhoShatteredTime:TimeMaster","floor":7,"key":"SMITH"},{"data":"ekkoTheBoyWhoShatteredTime:WaitForKeyTiming","floor":10,"key":"SMITH"},{"data":"ekkoTheBoyWhoShatteredTime:Knowledge","floor":15,"key":"SMITH"},{"floor":23,"key":"REST"},{"data":"ekkoTheBoyWhoShatteredTime:TrinityForce","floor":25,"key":"SMITH"},{"data":"ekkoTheBoyWhoShatteredTime:Dash","floor":27,"key":"SMITH"},{"floor":32,"key":"REST"}],"circlet_count":0,"master_deck":["ekkoTheBoyWhoShatteredTime:Strike","ekkoTheBoyWhoShatteredTime:Strike","ekkoTheBoyWhoShatteredTime:Strike","ekkoTheBoyWhoShatteredTime:Strike","ekkoTheBoyWhoShatteredTime:Strike","ekkoTheBoyWhoShatteredTime:Defend","ekkoTheBoyWhoShatteredTime:Defend","ekkoTheBoyWhoShatteredTime:Defend","ekkoTheBoyWhoShatteredTime:Defend","ekkoTheBoyWhoShatteredTime:TimeMaster+1","ekkoTheBoyWhoShatteredTime:AfterimageBait","ekkoTheBoyWhoShatteredTime:WideSlice+1","ekkoTheBoyWhoShatteredTime:WaitForKeyTiming+1","ekkoTheBoyWhoShatteredTime:AfterimageHit+1","ekkoTheBoyWhoShatteredTime:NaggingBlow+1","ekkoTheBoyWhoShatteredTime:TrinityForce+1","ekkoTheBoyWhoShatteredTime:Knowledge+1","ekkoTheBoyWhoShatteredTime:Dash+1","ekkoTheBoyWhoShatteredTime:Discharge+1","ekkoTheBoyWhoShatteredTime:AfterimageTimeWrap+1","ekkoTheBoyWhoShatteredTime:WideSlice+1","ekkoTheBoyWhoShatteredTime:SneakHit+1","ekkoTheBoyWhoShatteredTime:HauntedAfterimage+1","ekkoTheBoyWhoShatteredTime:KneeNSwordCombo+1","ekkoTheBoyWhoShatteredTime:SktSynergy","ekkoTheBoyWhoShatteredTime:CommittedStrike+1"],"relics":["ekkoTheBoyWhoShatteredTime:zDriveResonance","NeowsBlessing","Molten Egg 2","ekkoTheBoyWhoShatteredTime:ResonanceReceiver","Mango","infinitespire:BottledMercury","halation:Risk","Blue Doll","Bottled Flame"],"acts_visited":["Exordium","TheCity"],"potions_floor_usage":[18,18,21,21,29,30,30],"damage_taken":[{"damage":0,"enemies":"Small Slimes","floor":1,"turns":1},{"damage":0,"enemies":"Jaw Worm","floor":4,"turns":1},{"damage":0,"enemies":"Replay:BlueRogue","floor":6,"turns":1},{"damage":28,"enemies":"Lagavulin","floor":8,"turns":8},{"damage":1,"enemies":"2 Louse","floor":12,"turns":3},{"damage":15,"enemies":"Blue Slaver","floor":13,"turns":4},{"damage":20,"enemies":"Gremlin Nob","floor":14,"turns":4},{"damage":7,"enemies":"Hexaghost","floor":16,"turns":7},{"damage":0,"enemies":"conspire:FuzzyDice","floor":18,"turns":5},{"damage":11,"enemies":"Chosen","floor":20,"turns":4},{"damage":13,"enemies":"Shelled Parasite and Fungi","floor":21,"turns":3},{"damage":39,"enemies":"Snake Plant","floor":22,"turns":3},{"damage":6,"enemies":"theDuelist:KaibaA2","floor":24,"turns":3},{"damage":5,"enemies":"Chosen and Byrds","floor":28,"turns":3},{"damage":15,"enemies":"Cultist and Chosen","floor":29,"turns":4},{"damage":15,"enemies":"Snake Plant","floor":30,"turns":3},{"damage":52,"enemies":"Champ","floor":33,"turns":6}],"seed_played":"346699997307133117","potions_obtained":[{"floor":12,"key":"jedi:mysterypotion"},{"floor":14,"key":"Energy Potion"},{"floor":16,"key":"AttackPotion"},{"floor":18,"key":"EntropicBrew"},{"floor":21,"key":"LiquidBronze"},{"floor":29,"key":"Weak Potion"}],"is_trial":false,"path_per_floor":["M","$","?","M","?","E","R","E","T","R","?","M","M","E","R_BF","B",null,"M","?","M","M","M","R","E","R","T","R","M","M","M","?","R","B"],"character_chosen":"EKKO_THE_BOY_WHO_SHATTERED_TIME","items_purchased":["ekkoTheBoyWhoShatteredTime:WideSlice","ekkoTheBoyWhoShatteredTime:WaitForKeyTiming"],"campfire_rested":2,"item_purchase_floors":[2,2],"current_hp_per_floor":[78,78,78,78,78,78,78,64,64,64,64,63,48,28,28,21,92,92,92,81,68,29,56,50,50,50,50,45,30,15,15,42,0,0],"gold":363,"neow_bonus":"THREE_ENEMY_KILL","is_daily":false,"chose_seed":false,"campfire_upgraded":5,"win_rate":0.0,"timestamp":1610032957,"path_taken":["M","$","?","M","?","E","R","E","T","R","?","M","?","E","R_BF","BOSS","M","?","M","M","M","R","E","R","T","R","M","?","M","?","R","BOSS"],"items_purchased_type":["Card","Card"],"build_version":"2020-12-22","purchased_purges":0,"victory":false,"max_hp_per_floor":[78,78,78,78,78,78,78,92,92,92,92,92,92,92,92,92,92,92,92,92,92,92,92,92,92,92,92,92,92,92,92,92,92,92],"relic_stats":{"counters":[17,63],"obtain_stats":[{"infinitespire:BottledMercury":14,"Bottled Flame":26,"NeowsBlessing":0,"ekkoTheBoyWhoShatteredTime:ResonanceReceiver":6,"Molten Egg 2":3,"Mango":8,"Blue Doll":24,"ekkoTheBoyWhoShatteredTime:zDriveResonance":0,"halation:Risk":17},{"infinitespire:BottledMercury":7,"Bottled Flame":13,"NeowsBlessing":0,"ekkoTheBoyWhoShatteredTime:ResonanceReceiver":3,"Molten Egg 2":1,"Mango":4,"Blue Doll":13,"ekkoTheBoyWhoShatteredTime:zDriveResonance":0,"halation:Risk":8},{"infinitespire:BottledMercury":22,"Bottled Flame":47,"NeowsBlessing":0,"ekkoTheBoyWhoShatteredTime:ResonanceReceiver":3,"Molten Egg 2":1,"Mango":11,"Blue Doll":47,"ekkoTheBoyWhoShatteredTime:zDriveResonance":0,"halation:Risk":29}]},"card_choices":[{"not_picked":["ekkoTheBoyWhoShatteredTime:NeedlesslyLargeRod","ekkoTheBoyWhoShatteredTime:Backtrack"],"picked":"ekkoTheBoyWhoShatteredTime:AfterimageBait","floor":1},{"not_picked":["ekkoTheBoyWhoShatteredTime:AfterimageTimeWrap+1","ekkoTheBoyWhoShatteredTime:Greed+1","ekkoTheBoyWhoShatteredTime:HailOfBlades"],"picked":"SKIP","floor":4},{"not_picked":["ekkoTheBoyWhoShatteredTime:HauntingGuise","ekkoTheBoyWhoShatteredTime:DuplicateTimelines"],"picked":"ekkoTheBoyWhoShatteredTime:AfterimageHit+1","floor":6},{"not_picked":["ekkoTheBoyWhoShatteredTime:NeedlesslyLargeRod","ekkoTheBoyWhoShatteredTime:TimeRecall"],"picked":"ekkoTheBoyWhoShatteredTime:NaggingBlow+1","floor":8},{"not_picked":["ekkoTheBoyWhoShatteredTime:WaitForKeyTiming","ekkoTheBoyWhoShatteredTime:CommittedStrike+1"],"picked":"ekkoTheBoyWhoShatteredTime:TrinityForce","floor":12},{"not_picked":["ekkoTheBoyWhoShatteredTime:HauntedAfterimage+1","ekkoTheBoyWhoShatteredTime:Leap"],"picked":"ekkoTheBoyWhoShatteredTime:Knowledge","floor":13},{"not_picked":["ekkoTheBoyWhoShatteredTime:AfterimageHit+1","ekkoTheBoyWhoShatteredTime:Overflow"],"picked":"ekkoTheBoyWhoShatteredTime:Dash","floor":14},{"not_picked":["ekkoTheBoyWhoShatteredTime:Unleashed","ekkoTheBoyWhoShatteredTime:TrickOrTreatTrend"],"picked":"ekkoTheBoyWhoShatteredTime:Discharge+1","floor":16},{"not_picked":["ekkoTheBoyWhoShatteredTime:HauntingGuise","ekkoTheBoyWhoShatteredTime:ParallelConvergence+1"],"picked":"ekkoTheBoyWhoShatteredTime:AfterimageTimeWrap+1","floor":18},{"not_picked":["ekkoTheBoyWhoShatteredTime:FeelIt+1","ekkoTheBoyWhoShatteredTime:CalmingWaves+1"],"picked":"ekkoTheBoyWhoShatteredTime:WideSlice+1","floor":20},{"not_picked":["ekkoTheBoyWhoShatteredTime:TimeRecall+1","ekkoTheBoyWhoShatteredTime:AfterimageTimeWrap+1"],"picked":"ekkoTheBoyWhoShatteredTime:SneakHit+1","floor":21},{"not_picked":["ekkoTheBoyWhoShatteredTime:DodgeTraining","ekkoTheBoyWhoShatteredTime:Greed+1"],"picked":"ekkoTheBoyWhoShatteredTime:HauntedAfterimage+1","floor":22},{"not_picked":["ekkoTheBoyWhoShatteredTime:PhaseDive+1","ekkoTheBoyWhoShatteredTime:FluidEnergy"],"picked":"ekkoTheBoyWhoShatteredTime:KneeNSwordCombo+1","floor":24},{"not_picked":["ekkoTheBoyWhoShatteredTime:IcebornGauntlet","ekkoTheBoyWhoShatteredTime:AfterimageBait"],"picked":"ekkoTheBoyWhoShatteredTime:SktSynergy","floor":28},{"not_picked":["ekkoTheBoyWhoShatteredTime:BansheesVeil","ekkoTheBoyWhoShatteredTime:AfterimageBait"],"picked":"ekkoTheBoyWhoShatteredTime:CommittedStrike+1","floor":29},{"not_picked":["ekkoTheBoyWhoShatteredTime:LoadUp","ekkoTheBoyWhoShatteredTime:QuickBreak","ekkoTheBoyWhoShatteredTime:VelocityConsuming"],"picked":"SKIP","floor":30}],"player_experience":1805784,"relics_obtained":[{"floor":6,"key":"ekkoTheBoyWhoShatteredTime:ResonanceReceiver"},{"floor":8,"key":"Mango"},{"floor":14,"key":"infinitespire:BottledMercury"},{"floor":24,"key":"Blue Doll"},{"floor":26,"key":"Bottled Flame"}],"event_choices":[{"damage_healed":0,"gold_gain":0,"player_choice":"Leave","damage_taken":0,"max_hp_gain":0,"max_hp_loss":0,"event_name":"conspire:Investor","floor":11,"gold_loss":0},{"damage_healed":0,"gold_gain":0,"player_choice":"Forge","damage_taken":0,"max_hp_gain":0,"max_hp_loss":0,"event_name":"Accursed Blacksmith","floor":19,"gold_loss":0,"cards_upgraded":["ekkoTheBoyWhoShatteredTime:WideSlice"]},{"cards_removed":["Injury"],"damage_healed":0,"gold_gain":0,"player_choice":"Gave Gold","damage_taken":0,"max_hp_gain":0,"max_hp_loss":0,"event_name":"Beggar","floor":31,"gold_loss":75}],"is_beta":false,"boss_relics":[{"not_picked":["halation:CatFaceCupcake","hubris:RunicObelisk"],"picked":"halation:Risk"}],"items_purged_floors":[],"is_endless":false,"potions_floor_spawned":[12,14,16,18,21,28,29],"killed_by":"Champ","ascension_level":2}}