{"host":"hve1dyh1ly81yl9f","time":1610036751,"event":{"mods":["BaseMod","Colored Map","DeckTracker","Highlight Path","Keyboard Shortcuts","Minty Spire (QoL Compilation)","Permanent Neow","Quick Restart","StSLib","SuperFastMode"],"gold_per_floor":[360,310,320,395,411,446,463,463,463,463],"floor_reached":9,"playtime":189,"items_purged":[],"score":79,"play_id":"4a8cccdf-f6f0-4e4a-ae6d-696e5c719e1c","local_time":"20210108012551","is_ascension_mode":true,"campfire_choices":[],"circlet_count":0,"master_deck":["Strike_R","Strike_R","Strike_R","Strike_R","Strike_R","Defend_R","Defend_R","Defend_R","Defend_R","Bash","Heavy Blade","Headbutt"],"relics":["Burning Blood","Bag of Preparation"],"acts_visited":["Exordium"],"potions_floor_usage":[],"damage_taken":[{"damage":0.0,"enemies":"Small Slimes","floor":1.0,"turns":3.0},{"damage":10.0,"enemies":"2 Louse","floor":3.0,"turns":2.0},{"damage":2,"enemies":"Jaw Worm","floor":5,"turns":3},{"damage":37,"enemies":"Gremlin Nob","floor":6,"turns":4},{"damage":0,"enemies":"Exordium Wildlife","floor":7,"turns":2},{"damage":0,"enemies":"Lagavulin","floor":9,"turns":1}],"seed_played":"-3771729280452692302","potions_obtained":[{"floor":5,"key":"BlessingOfTheForge"},{"floor":6,"key":"DistilledChaos"}],"is_trial":false,"path_per_floor":["M","?","M","?","M","E","M","M","E"],"character_chosen":"IRONCLAD","items_purchased":[],"campfire_rested":0,"item_purchase_floors":[],"current_hp_per_floor":[80,80,76,65,69,38,44,44,44,44],"gold":463,"neow_bonus":"TWO_FIFTY_GOLD","is_daily":false,"chose_seed":false,"campfire_upgraded":0,"win_rate":0.0,"timestamp":1610036751,"path_taken":["M","?","M","?","M","E","M","M","E"],"items_purchased_type":[],"build_version":"2020-12-22","purchased_purges":0,"victory":false,"max_hp_per_floor":[80,80,80,80,80,80,80,80,80,80],"card_choices":[{"not_picked":["Warcry","Ghostly Armor"],"picked":"Heavy Blade","floor":1.0},{"not_picked":["Shockwave","Blood for Blood","Ghostly Armor"],"picked":"SKIP","floor":3.0},{"not_picked":["Perfected Strike","Clash"],"picked":"Headbutt","floor":5},{"not_picked":["Metallicize","Sentinel","Power Through"],"picked":"SKIP","floor":6},{"not_picked":["Dark Embrace","Combust","Rage"],"picked":"SKIP","floor":7}],"player_experience":292171,"relics_obtained":[{"floor":6,"key":"Bag of Preparation"}],"event_choices":[{"cards_removed":["Normality"],"damage_healed":0.0,"max_hp_gain":0.0,"max_hp_loss":0.0,"gold_gain":0.0,"event_name":"The Cleric","player_choice":"Card Removal","floor":2.0,"gold_loss":50.0,"damage_taken":0.0},{"damage_healed":0.0,"max_hp_gain":0.0,"max_hp_loss":0.0,"gold_gain":75.0,"event_name":"World of Goop","player_choice":"Gather Gold","floor":4.0,"gold_loss":0.0,"damage_taken":11.0}],"is_beta":false,"boss_relics":[],"items_purged_floors":[],"is_endless":false,"potions_floor_spawned":[5,6],"killed_by":"Lagavulin","ascension_level":5}}