{"host":"egyxg9lnjq7g2hmw","time":1610000014,"event":{"mods":["AchievementEnabler","BaseMod","Block Reminder","Colored Map","Colored Powertips","Highlight Path","Minty Spire (QoL Compilation)","Rare Cards Sparkle","StSLib"],"gold_per_floor":[112,14,14,14,34,69,88,88,88,114,126,153,153,153,153,281,281,305,330,330,255,155,155,155],"floor_reached":23,"playtime":1960,"items_purged":["Strike_B","Strike_B"],"score":300,"play_id":"3455c12f-45ac-4d4e-bd10-2a4faa637c11","local_time":"20210106221334","is_ascension_mode":true,"campfire_choices":[{"data":"Genetic Algorithm","floor":8.0,"key":"SMITH"},{"data":"Seek","floor":13.0,"key":"SMITH"},{"floor":15.0,"key":"REST"}],"circlet_count":0,"master_deck":["Strike_B","Defend_B","Defend_B","Defend_B","Defend_B","Zap","Dualcast","Coolheaded","Ball Lightning","Cold Snap","Genetic Algorithm+1","Double Energy","Seek+1","Meteor Strike+1","Conserve Battery","Streamline+1","Necronomicurse"],"relics":["Cracked Core","White Beast Statue","Pocketwatch","Akabeko","InkBottle","Molten Egg 2","Golden Idol","Nuclear Battery","Necronomicon"],"acts_visited":["Exordium","TheCity"],"potions_floor_usage":[23],"damage_taken":[{"damage":3.0,"enemies":"Cultist","floor":1.0,"turns":4.0},{"damage":7.0,"enemies":"Jaw Worm","floor":5.0,"turns":3.0},{"damage":21.0,"enemies":"3 Sentries","floor":6.0,"turns":9.0},{"damage":0.0,"enemies":"2 Louse","floor":7.0,"turns":1.0},{"damage":19.0,"enemies":"Lagavulin","floor":10.0,"turns":5.0},{"damage":6.0,"enemies":"Exordium Wildlife","floor":11.0,"turns":4.0},{"damage":4.0,"enemies":"3 Sentries","floor":12.0,"turns":7.0},{"damage":5.0,"enemies":"The Guardian","floor":16.0,"turns":12.0},{"damage":0.0,"enemies":"Spheric Guardian","floor":18.0,"turns":2.0},{"damage":13,"enemies":"3 Byrds","floor":19,"turns":5},{"damage":35,"enemies":"Gremlin Leader","floor":23,"turns":5}],"seed_played":"-7273044850336756733","potions_obtained":[{"floor":5.0,"key":"BlessingOfTheForge"},{"floor":6.0,"key":"Ancient Potion"},{"floor":7.0,"key":"AttackPotion"},{"floor":10.0,"key":"Weak Potion"},{"floor":11.0,"key":"LiquidMemories"},{"floor":12.0,"key":"PowerPotion"},{"floor":16.0,"key":"CultistPotion"},{"floor":18.0,"key":"EssenceOfDarkness"},{"floor":19,"key":"EssenceOfSteel"}],"is_trial":false,"path_per_floor":["M","$","?","$","M","E","M","R","T","E","M","E","R","?","R","B",null,"M","M","?","?","$","E"],"character_chosen":"DEFECT","items_purchased":["Cold Snap"],"campfire_rested":1,"item_purchase_floors":[2],"current_hp_per_floor":[65,65,65,65,58,37,37,37,37,18,12,8,8,8,28,23,58,58,45,29,29,29,0,0],"gold":155,"neow_bonus":"THREE_CARDS","is_daily":false,"chose_seed":false,"campfire_upgraded":2,"win_rate":0.0,"timestamp":1610000014,"path_taken":["M","$","?","?","M","E","M","R","T","E","?","E","R","?","R","BOSS","M","M","?","?","$","E"],"items_purchased_type":["Card"],"build_version":"2020-12-22","purchased_purges":2,"victory":false,"max_hp_per_floor":[75,75,75,75,75,75,75,75,75,75,75,75,75,69,69,69,69,69,69,69,69,69,69,69],"card_choices":[{"not_picked":["Redo","Reprogram"],"picked":"Coolheaded","floor":0.0},{"not_picked":["Turbo","BootSequence"],"picked":"Ball Lightning","floor":1.0},{"not_picked":["Turbo","Compile Driver"],"picked":"Cold Snap","floor":5.0},{"not_picked":["Redo","Barrage"],"picked":"Genetic Algorithm","floor":6.0},{"not_picked":["Conserve Battery","Reinforced Body"],"picked":"Double Energy","floor":7.0},{"not_picked":["Stack","Turbo","Hologram"],"picked":"SKIP","floor":10.0},{"not_picked":["Barrage","Reprogram","Hello World"],"picked":"SKIP","floor":11.0},{"not_picked":["BootSequence","Chaos"],"picked":"Seek","floor":12.0},{"not_picked":["Seek","Buffer"],"picked":"Meteor Strike+1","floor":16.0},{"not_picked":["Beam Cell+1","Turbo"],"picked":"Conserve Battery","floor":18.0},{"not_picked":["Barrage+1","Rip and Tear+1"],"picked":"Streamline+1","floor":19}],"player_experience":588441,"relics_obtained":[{"floor":6.0,"key":"Pocketwatch"},{"floor":9.0,"key":"Akabeko"},{"floor":10.0,"key":"InkBottle"},{"floor":12.0,"key":"Molten Egg 2"},{"floor":20,"key":"Necronomicon"}],"event_choices":[{"cards_removed":["Cold Snap"],"damage_healed":0.0,"max_hp_gain":0.0,"max_hp_loss":0.0,"gold_gain":0.0,"event_name":"WeMeetAgain","player_choice":"Gave Card","floor":3.0,"gold_loss":0.0,"damage_taken":0.0,"relics_obtained":["White Beast Statue"]},{"damage_healed":0.0,"max_hp_gain":0.0,"max_hp_loss":6.0,"gold_gain":0.0,"event_name":"Golden Idol","player_choice":"Lose Max HP","floor":14.0,"gold_loss":0.0,"damage_taken":0.0,"relics_obtained":["Golden Idol"]},{"damage_healed":0,"gold_gain":0,"player_choice":"Obtained Book","damage_taken":16,"max_hp_gain":0,"max_hp_loss":0,"event_name":"Cursed Tome","floor":20,"gold_loss":0},{"cards_removed":["Strike_B"],"damage_healed":0,"gold_gain":0,"player_choice":"Gave Gold","damage_taken":0,"max_hp_gain":0,"max_hp_loss":0,"event_name":"Beggar","floor":21,"gold_loss":75}],"is_beta":false,"boss_relics":[{"not_picked":["Velvet Choker","Philosopher\u0027s Stone"],"picked":"Nuclear Battery"}],"items_purged_floors":[2,22],"is_endless":false,"potions_floor_spawned":[5,6,7,10,11,12,16,18,19],"killed_by":"Gremlin Leader","ascension_level":9}}