{"host":"baymyijz6sxaqj5s","time":1610021091,"event":{"mods":["AchievementEnabler","BaseMod","Colored Map","Colored Powertips","DeckTracker","Highlight Path","KOR Keyword Fix","Keyboard Shortcuts","Minty Spire (QoL Compilation)","Quick Restart","StSLib","SuperFastMode"],"gold_per_floor":[110,124,124,136,136,136,86,86,86,86,101,101,113,113,113,212,212,227,202,202,182,194,194,194,194],"floor_reached":24,"playtime":637,"items_purged":[],"score":239,"play_id":"74c9a99c-4e07-4007-bc16-bfc8151643fd","local_time":"20210107210451","is_ascension_mode":true,"campfire_choices":[{"data":"Shrug It Off","floor":6,"key":"SMITH"},{"data":"Shrug It Off","floor":8,"key":"SMITH"},{"data":"Bash","floor":10,"key":"SMITH"},{"data":"Seeing Red","floor":12,"key":"SMITH"},{"data":"Battle Trance","floor":15,"key":"SMITH"},{"floor":23,"key":"REST"}],"circlet_count":0,"master_deck":["Strike_R","Strike_R","Defend_R","Defend_R","Defend_R","Defend_R","Bash+1","Shrug It Off+1","Shrug It Off+1","Seeing Red+1","Battle Trance+1","Demon Form","Ghostly Armor","Shrug It Off","Heavy Blade"],"relics":["Burning Blood","Mercury Hourglass","FaceOfCleric","Empty Cage"],"acts_visited":["Exordium","TheCity"],"potions_floor_usage":[11,16,24,24,24],"damage_taken":[{"damage":11,"enemies":"Cultist","floor":1,"turns":4},{"damage":2,"enemies":"2 Louse","floor":2,"turns":4},{"damage":6,"enemies":"Small Slimes","floor":4,"turns":4},{"damage":4,"enemies":"Exordium Thugs","floor":11,"turns":3},{"damage":0,"enemies":"Looter","floor":13,"turns":4},{"damage":59,"enemies":"Slime Boss","floor":16,"turns":12},{"damage":14,"enemies":"Spheric Guardian","floor":18,"turns":9},{"damage":24,"enemies":"2 Thieves","floor":21,"turns":4},{"damage":19,"enemies":"Shelled Parasite and Fungi","floor":22,"turns":12},{"damage":82,"enemies":"Slavers","floor":24,"turns":4}],"seed_played":"422161149745997007","potions_obtained":[{"floor":2,"key":"BlessingOfTheForge"},{"floor":11,"key":"LiquidBronze"},{"floor":18,"key":"Ancient Potion"},{"floor":21,"key":"Energy Potion"},{"floor":22,"key":"SteroidPotion"}],"is_trial":false,"path_per_floor":["M","M","?","M","$","R","?","R","T","R","M","R","M","?","R","B",null,"M","$","?","M","M","R","E"],"character_chosen":"IRONCLAD","items_purchased":["Shrug It Off"],"campfire_rested":1,"item_purchase_floors":[19],"current_hp_per_floor":[83,87,92,92,92,92,92,92,92,92,93,93,93,93,93,41,94,87,87,68,51,39,69,0,0],"gold":194,"neow_bonus":"TEN_PERCENT_HP_BONUS","is_daily":false,"chose_seed":false,"campfire_upgraded":5,"win_rate":0.0,"timestamp":1610021091,"path_taken":["M","?","?","M","$","R","?","R","T","R","?","R","M","?","R","BOSS","M","?","?","M","M","R","E"],"items_purchased_type":["Card"],"build_version":"2020-12-22","purchased_purges":0,"victory":false,"max_hp_per_floor":[88,88,93,93,93,93,93,93,93,93,93,93,93,93,93,94,94,95,95,100,101,102,102,102,102],"card_choices":[{"not_picked":["Second Wind","Clash"],"picked":"Shrug It Off","floor":1},{"not_picked":["Anger","Havoc","Headbutt"],"picked":"SKIP","floor":2},{"not_picked":["Iron Wave","Fiend Fire"],"picked":"Shrug It Off","floor":4},{"not_picked":["Combust","Feel No Pain"],"picked":"Seeing Red","floor":11},{"not_picked":["Iron Wave","Disarm"],"picked":"Battle Trance","floor":13},{"not_picked":["Juggernaut","Double Tap"],"picked":"Demon Form","floor":16},{"not_picked":["Disarm+1","Wild Strike"],"picked":"Ghostly Armor","floor":18},{"not_picked":["Sever Soul","Flex+1","Wild Strike"],"picked":"SKIP","floor":21},{"not_picked":["Armaments","Pommel Strike"],"picked":"Heavy Blade","floor":22}],"player_experience":81207,"relics_obtained":[{"floor":9,"key":"Mercury Hourglass"}],"event_choices":[{"damage_healed":0,"gold_gain":0,"player_choice":"Donut","damage_taken":0,"max_hp_gain":5,"max_hp_loss":0,"event_name":"Big Fish","floor":3,"gold_loss":0},{"cards_removed":["Strike_R"],"damage_healed":0,"gold_gain":0,"player_choice":"Card Removal","damage_taken":0,"max_hp_gain":0,"max_hp_loss":0,"event_name":"The Cleric","floor":7,"gold_loss":50},{"damage_healed":0,"gold_gain":0,"player_choice":"Trade","damage_taken":0,"relics_obtained":["FaceOfCleric"],"max_hp_gain":0,"max_hp_loss":0,"event_name":"FaceTrader","floor":14,"gold_loss":0},{"damage_healed":0,"gold_gain":0,"player_choice":"Shed Blood","damage_taken":24,"max_hp_gain":5,"max_hp_loss":0,"event_name":"Forgotten Altar","floor":20,"gold_loss":0}],"is_beta":false,"boss_relics":[{"not_picked":["Cursed Key","Mark of Pain"],"picked":"Empty Cage"}],"items_purged_floors":[],"is_endless":false,"potions_floor_spawned":[2,11,18,21,22],"killed_by":"Slavers","ascension_level":3}}