{"host":"yiit85oc4oi3nqs8","time":1610027692,"event":{"mods":["AchievementEnabler","BaseMod","Better Third Choice","Block Reminder","DeckTracker","Highlight Path","Keyboard Shortcuts","Minty Spire (QoL Compilation)","MonsterHotkey","Quick Restart","Random Character Button","Relic Stats","StSLib"],"gold_per_floor":[118,118,118,131,131,33,60,77,77,77,77,77,77,77,96,154,183,183,197,197,210,210,210,210,307,307,320,320,320,330,330,348,348,367,367,367,402,324,224,224,224,224,122,140,152,152,152,152,169,184,184,184,286,286,302,326,352,352,401,411,411,145,172,192,192,211,211,211,245,259,259,259,270,270,270,253,114,124,124,124,124,124,124,124,124,21,46,46,46],"floor_reached":88,"playtime":5014,"items_purged":["Strike_P","PathToVictory+1"],"score":1506,"play_id":"2651076c-e86e-4605-b808-c6895aaa2ce1","local_time":"20210107225452","is_ascension_mode":true,"campfire_choices":[{"data":"Crescendo","floor":9.0,"key":"SMITH"},{"data":"Vigilance","floor":11.0,"key":"SMITH"},{"data":"PathToVictory","floor":12.0,"key":"SMITH"},{"data":"Halt","floor":22.0,"key":"SMITH"},{"data":"EmptyFist","floor":23.0,"key":"SMITH"},{"data":"Consecrate","floor":24.0,"key":"SMITH"},{"data":"ReachHeaven","floor":35.0,"key":"SMITH"},{"data":"Establishment","floor":36.0,"key":"SMITH"},{"data":"MentalFortress","floor":47.0,"key":"SMITH"},{"data":"MasterReality","floor":48.0,"key":"SMITH"},{"data":"FlurryOfBlows","floor":51.0,"key":"SMITH"},{"data":"ClearTheMind","floor":52.0,"key":"SMITH"},{"data":"BattleHymn","floor":65.0,"key":"SMITH"},{"floor":72.0,"key":"RECALL"},{"data":"MentalFortress","floor":79.0,"key":"SMITH"},{"data":"WaveOfTheHand","floor":80.0,"key":"SMITH"}],"circlet_count":0,"master_deck":["Eruption+1","Vigilance+1","Consecrate+1","Crescendo+1","Sanctity+1","Halt+1","EmptyFist+1","Establishment+1","Adaptation+1","ReachHeaven+1","MentalFortress+1","MasterReality+1","ClearTheMind+1","BattleHymn+1","FlurryOfBlows+1","Protect+1","SandsOfTime+1","CrushJoints+1","WaveOfTheHand+1","MentalFortress+1"],"relics":["PureWater","NeowsBlessing","TeardropLocket","Mercury Hourglass","Pen Nib","War Paint","Odd Mushroom","Empty Cage","MutagenicStrength","Sundial","HornCleat","Incense Burner","Blood Vial","Coffee Dripper","Bag of Marbles","Centennial Puzzle","Membership Card","Eternal Feather","Lantern","Anchor","Oddly Smooth Stone","Ornamental Fan","Bottled Tornado","ClockworkSouvenir","Pantograph"],"acts_visited":["Exordium","TheCity","TheBeyond","TheEnding"],"potions_floor_usage":[88,88,88],"damage_taken":[{"damage":0.0,"enemies":"2 Louse","floor":1.0,"turns":1.0},{"damage":0.0,"enemies":"Small Slimes","floor":4.0,"turns":1.0},{"damage":0.0,"enemies":"Lagavulin","floor":7.0,"turns":1.0},{"damage":0.0,"enemies":"Cultist","floor":8.0,"turns":2.0},{"damage":0.0,"enemies":"3 Louse","floor":15.0,"turns":1.0},{"damage":0.0,"enemies":"Gremlin Nob","floor":16.0,"turns":2.0},{"damage":0.0,"enemies":"The Mushroom Lair","floor":17.0,"turns":2.0},{"damage":2.0,"enemies":"Blue Slaver","floor":19.0,"turns":2.0},{"damage":0.0,"enemies":"3 Louse","floor":21.0,"turns":1.0},{"damage":10.0,"enemies":"Hexaghost","floor":25.0,"turns":9.0},{"damage":0.0,"enemies":"Chosen","floor":27.0,"turns":2.0},{"damage":0.0,"enemies":"Spheric Guardian","floor":30.0,"turns":3.0},{"damage":0.0,"enemies":"Cultist and Chosen","floor":32.0,"turns":3.0},{"damage":0.0,"enemies":"Chosen and Byrds","floor":34.0,"turns":2.0},{"damage":15.0,"enemies":"Slavers","floor":37.0,"turns":2.0},{"damage":8.0,"enemies":"Snake Plant","floor":44.0,"turns":2.0},{"damage":0.0,"enemies":"Cultist and Chosen","floor":45.0,"turns":3.0},{"damage":0.0,"enemies":"3 Cultists","floor":49.0,"turns":3.0},{"damage":0.0,"enemies":"Snecko","floor":50.0,"turns":3.0},{"damage":0.0,"enemies":"Champ","floor":53.0,"turns":5.0},{"damage":3.0,"enemies":"3 Shapes","floor":55.0,"turns":3.0},{"damage":0.0,"enemies":"3 Darklings","floor":60.0,"turns":4.0},{"damage":0.0,"enemies":"Giant Head","floor":63.0,"turns":5.0},{"damage":0.0,"enemies":"4 Shapes","floor":64.0,"turns":3.0},{"damage":0.0,"enemies":"Maw","floor":66.0,"turns":4.0},{"damage":0.0,"enemies":"Reptomancer","floor":69.0,"turns":3.0},{"damage":0.0,"enemies":"Sphere and 2 Shapes","floor":70.0,"turns":1.0},{"damage":20.0,"enemies":"Jaw Worm Horde","floor":73.0,"turns":3.0},{"damage":0.0,"enemies":"Transient","floor":78.0,"turns":5.0},{"damage":6.0,"enemies":"Donu and Deca","floor":82.0,"turns":6.0},{"damage":9.0,"enemies":"Shield and Spear","floor":87.0,"turns":4.0},{"damage":74,"enemies":"The Heart","floor":88,"turns":6}],"seed_played":"-1504438015993312226","potions_obtained":[{"floor":4.0,"key":"BlessingOfTheForge"},{"floor":7.0,"key":"PowerPotion"},{"floor":8.0,"key":"EntropicBrew"},{"floor":16.0,"key":"Swift Potion"},{"floor":21.0,"key":"ColorlessPotion"},{"floor":30.0,"key":"BottledMiracle"},{"floor":34.0,"key":"PowerPotion"},{"floor":37.0,"key":"SkillPotion"},{"floor":55.0,"key":"AttackPotion"},{"floor":70.0,"key":"EssenceOfSteel"}],"is_trial":false,"path_per_floor":["M","?","?","M","$","$","E","M","R","?","R","R","T","T","M","?","?","$","M","?","M","R","R","R","B",null,"M","?","?","M","?","M","?","M","R","R","E","$","$","T","T","?","$","M","M","?","R","R","M","M","R","R","B",null,"M","T","?","?","T","M","$","$","E","M","R","M","T","T","E","M","?","R","M","R","R","$","?","M","R","R","R","B",null,"R","$","$","E","B"],"character_chosen":"WATCHER","items_purchased":["PathToVictory","MasterReality","ClearTheMind","BattleHymn","Membership Card","Eternal Feather","WaveOfTheHand","MentalFortress","Bottled Tornado","ClockworkSouvenir","SpeedPotion"],"campfire_rested":0,"item_purchase_floors":[6,38,43,43,62,62,76,77,77,86,86],"current_hp_per_floor":[65,65,65,65,65,65,65,65,65,65,65,65,65,65,65,65,65,65,63,63,63,63,63,63,53,67,67,67,67,67,67,67,67,67,67,67,52,52,52,52,52,52,52,46,48,48,48,48,50,52,52,52,54,68,67,67,67,67,67,69,69,69,71,72,72,72,72,72,72,72,72,72,52,61,70,70,70,72,72,72,72,66,71,72,72,72,63,0,0],"gold":46,"neow_bonus":"THREE_ENEMY_KILL","is_daily":false,"chose_seed":false,"campfire_upgraded":15,"win_rate":0.0,"timestamp":1610027692,"path_taken":["M","?","?","M","$","$","E","?","R","?","R","R","T","T","M","?","?","?","?","?","M","R","R","R","BOSS","M","?","?","?","?","?","?","M","R","R","E","$","$","T","T","?","$","?","?","?","R","R","M","M","R","R","BOSS","M","?","?","?","?","M","$","$","E","?","R","M","T","T","E","M","?","R","?","R","R","?","?","M","R","R","R","BOSS","R","$","$","E","BOSS"],"items_purchased_type":["Card","Card","Card","Card","Relic","Relic","Card","Card","Relic","Relic","Potion"],"build_version":"2020-12-22","purchased_purges":2,"victory":false,"max_hp_per_floor":[72,72,72,72,72,72,72,72,72,72,72,72,72,72,72,72,72,72,72,72,72,72,72,72,72,72,72,72,72,72,72,72,72,72,72,72,72,72,72,72,72,72,72,72,72,72,72,72,72,72,72,72,72,72,72,72,72,72,72,72,72,72,72,72,72,72,72,72,72,72,72,72,72,72,72,72,72,72,72,72,72,72,72,72,72,72,72,72,72],"relic_stats":{"Blood Vial":19,"Centennial Puzzle":[12],"counters":[32,97],"Sundial":[12],"Ornamental Fan":[68],"Pantograph":9,"Eternal Feather":19,"Pen Nib":[24],"War Paint":["Defend_P","Sanctity"],"obtain_stats":[{"Lantern":63,"Incense Burner":41,"TeardropLocket":7,"Bottled Tornado":77,"Empty Cage":26,"ClockworkSouvenir":86,"Blood Vial":42,"Centennial Puzzle":57,"HornCleat":40,"Sundial":37,"Pantograph":87,"NeowsBlessing":0,"Oddly Smooth Stone":68,"Eternal Feather":62,"Pen Nib":14,"War Paint":16,"Odd Mushroom":17,"Mercury Hourglass":13,"Anchor":67,"Ornamental Fan":69,"MutagenicStrength":29,"Coffee Dripper":54,"Bag of Marbles":56,"Membership Card":62,"PureWater":0},{"Lantern":23,"Incense Burner":15,"TeardropLocket":3,"Bottled Tornado":28,"Empty Cage":10,"ClockworkSouvenir":30,"Blood Vial":15,"Centennial Puzzle":21,"HornCleat":15,"Sundial":15,"Pantograph":31,"NeowsBlessing":0,"Oddly Smooth Stone":25,"Eternal Feather":22,"Pen Nib":4,"War Paint":5,"Odd Mushroom":7,"Mercury Hourglass":4,"Anchor":25,"Ornamental Fan":26,"MutagenicStrength":11,"Coffee Dripper":20,"Bag of Marbles":21,"Membership Card":22,"PureWater":0},{"Lantern":62,"Incense Burner":34,"TeardropLocket":3,"Bottled Tornado":76,"Empty Cage":22,"ClockworkSouvenir":87,"Blood Vial":34,"Centennial Puzzle":53,"HornCleat":34,"Sundial":34,"Pantograph":91,"NeowsBlessing":0,"Oddly Smooth Stone":69,"Eternal Feather":57,"Pen Nib":5,"War Paint":6,"Odd Mushroom":10,"Mercury Hourglass":5,"Anchor":69,"Ornamental Fan":72,"MutagenicStrength":24,"Coffee Dripper":50,"Bag of Marbles":53,"Membership Card":57,"PureWater":0}],"Mercury Hourglass":[369]},"card_choices":[{"not_picked":["Fasting2","SashWhip"],"picked":"Consecrate","floor":1.0},{"not_picked":["WheelKick","Wireheading"],"picked":"Crescendo","floor":4.0},{"not_picked":["Omniscience","TalkToTheHand"],"picked":"Sanctity","floor":7.0},{"not_picked":["SashWhip","InnerPeace","FollowUp"],"picked":"SKIP","floor":8.0},{"not_picked":["Meditate","EmptyBody","Weave"],"picked":"SKIP","floor":15.0},{"not_picked":["CrushJoints","Weave"],"picked":"Halt","floor":16.0},{"not_picked":["Establishment","Worship"],"picked":"EmptyFist","floor":19.0},{"not_picked":["EmptyFist","Tantrum","Weave"],"picked":"SKIP","floor":21.0},{"not_picked":["Judgement","DevaForm"],"picked":"Establishment","floor":25.0},{"not_picked":["Crescendo+1","BowlingBash"],"picked":"Adaptation+1","floor":27.0},{"not_picked":["JustLucky","WreathOfFlame","Adaptation"],"picked":"SKIP","floor":30.0},{"not_picked":["WreathOfFlame","DeceiveReality+1"],"picked":"ReachHeaven","floor":32.0},{"not_picked":["BowlingBash+1","Consecrate","EmptyMind"],"picked":"SKIP","floor":34.0},{"not_picked":["WaveOfTheHand","Omniscience"],"picked":"MentalFortress","floor":37.0},{"not_picked":["ClearTheMind+1","Wallop"],"picked":"FlurryOfBlows","floor":44.0},{"not_picked":["Prostrate","Halt"],"picked":"Protect+1","floor":45.0},{"not_picked":["EmptyFist","FollowUp+1","Protect+1"],"picked":"SKIP","floor":49.0},{"not_picked":["PathToVictory","Prostrate","Ragnarok"],"picked":"SKIP","floor":50.0},{"not_picked":["DeusExMachina","Establishment"],"picked":"Vault","floor":53.0},{"not_picked":["ThirdEye+1","Pray","ClearTheMind"],"picked":"SKIP","floor":55.0},{"not_picked":["Study","SashWhip+1","EmptyBody"],"picked":"SKIP","floor":60.0},{"not_picked":["Adaptation+1","WheelKick+1"],"picked":"SandsOfTime+1","floor":63.0},{"not_picked":["EmptyFist","Vengeance+1","Adaptation"],"picked":"SKIP","floor":64.0},{"not_picked":["Prostrate+1","SignatureMove","EmptyMind"],"picked":"SKIP","floor":66.0},{"not_picked":["WindmillStrike","Judgement","ForeignInfluence"],"picked":"SKIP","floor":69.0},{"not_picked":["CutThroughFate+1","Crescendo"],"picked":"CrushJoints+1","floor":70.0},{"not_picked":["FollowUp","SashWhip+1","CutThroughFate"],"picked":"SKIP","floor":73.0},{"not_picked":["SashWhip+1","ConjureBlade","ReachHeaven+1"],"picked":"SKIP","floor":78.0},{"not_picked":["Halt","FollowUp","EmptyMind"],"picked":"SKIP","floor":87.0}],"player_experience":497347,"relics_obtained":[{"floor":7.0,"key":"TeardropLocket"},{"floor":13.0,"key":"Mercury Hourglass"},{"floor":14.0,"key":"Pen Nib"},{"floor":17.0,"key":"Odd Mushroom"},{"floor":37.0,"key":"Sundial"},{"floor":40.0,"key":"HornCleat"},{"floor":41.0,"key":"Incense Burner"},{"floor":56.0,"key":"Bag of Marbles"},{"floor":57.0,"key":"Centennial Puzzle"},{"floor":63.0,"key":"Lantern"},{"floor":67.0,"key":"Anchor"},{"floor":68.0,"key":"Oddly Smooth Stone"},{"floor":69.0,"key":"Ornamental Fan"},{"floor":87.0,"key":"Pantograph"}],"event_choices":[{"cards_removed":["Defend_P"],"damage_healed":0.0,"max_hp_gain":0.0,"max_hp_loss":0.0,"gold_gain":0.0,"event_name":"Living Wall","player_choice":"Forget","floor":2.0,"gold_loss":0.0,"damage_taken":0.0},{"damage_healed":0.0,"max_hp_gain":0.0,"max_hp_loss":0.0,"gold_gain":0.0,"event_name":"Accursed Blacksmith","player_choice":"Forge","floor":3.0,"gold_loss":0.0,"damage_taken":0.0,"cards_upgraded":["Eruption"]},{"damage_healed":0.0,"max_hp_gain":0.0,"max_hp_loss":0.0,"gold_gain":0.0,"event_name":"Dead Adventurer","player_choice":"Searched \u00272\u0027 times","floor":16.0,"gold_loss":0.0,"damage_taken":0.0,"relics_obtained":["War Paint"]},{"damage_healed":0.0,"max_hp_gain":0.0,"max_hp_loss":0.0,"gold_gain":0.0,"event_name":"Mushrooms","player_choice":"Fought Mushrooms","floor":17.0,"gold_loss":0.0,"damage_taken":0.0},{"damage_healed":0.0,"max_hp_gain":0.0,"max_hp_loss":4.0,"gold_gain":0.0,"event_name":"betterThird:BetterWriting","player_choice":"Materialism","floor":28.0,"gold_loss":0.0,"damage_taken":0.0},{"damage_healed":0.0,"max_hp_gain":0.0,"max_hp_loss":0.0,"gold_gain":0.0,"event_name":"Drug Dealer","player_choice":"Inject Mutagens","floor":29.0,"gold_loss":0.0,"damage_taken":0.0,"relics_obtained":["MutagenicStrength"]},{"damage_healed":0.0,"max_hp_gain":0.0,"max_hp_loss":0.0,"gold_gain":0.0,"event_name":"WeMeetAgain","player_choice":"Gave Potion","floor":42.0,"gold_loss":0.0,"damage_taken":0.0,"relics_obtained":["Blood Vial"]},{"cards_removed":["Vault"],"damage_healed":0.0,"max_hp_gain":0.0,"max_hp_loss":0.0,"gold_gain":0.0,"event_name":"Falling","player_choice":"Removed Skill","floor":58.0,"gold_loss":0.0,"damage_taken":0.0},{"damage_healed":0.0,"max_hp_gain":0.0,"max_hp_loss":0.0,"gold_gain":0.0,"event_name":"Duplicator","player_choice":"Ignored","floor":71.0,"gold_loss":0.0,"damage_taken":0.0}],"is_beta":false,"boss_relics":[{"not_picked":["Black Star","SlaversCollar"],"picked":"Empty Cage"},{"not_picked":["SacredBark","Cursed Key"],"picked":"Coffee Dripper"}],"items_purged_floors":[6,39],"is_endless":false,"potions_floor_spawned":[4,7,8,16,21,30,32,34,37,55,63,70,73],"killed_by":"The Heart","ascension_level":8}}