{"host":"k4et7hlhlqy8fuoz","time":1610016739,"event":{"mods":["2.2 Compatiblity","AchievementEnabler","BaseMod","Colored Map","DeckTracker","Highlight Path","Minty Spire (QoL Compilation)","Random Character Button","Rare Cards Sparkle"],"gold_per_floor":[116,127,202,202,222,222,239,239,239,239,258,274,289,39,39,138,188,206,220,400,413,413,413],"floor_reached":22,"playtime":1418,"items_purged":[],"score":180,"play_id":"dce951d3-8546-4a7a-8475-26f117339f2e","local_time":"20210107115219","is_ascension_mode":false,"campfire_choices":[{"data":"Neutralize","floor":6,"key":"SMITH"},{"data":"Terror","floor":8,"key":"SMITH"},{"data":"Flying Knee","floor":10,"key":"SMITH"},{"floor":15,"key":"REST"}],"circlet_count":0,"master_deck":["Strike_G","Strike_G","Strike_G","Strike_G","Strike_G","Defend_G","Defend_G","Defend_G","Defend_G","Survivor","Neutralize+1","Backflip","Flying Knee+1","Sucker Punch","Terror+1","Deflect","Infinite Blades+1","Blade Dance","Noxious Fumes","Bane","Dash","Storm of Steel","Underhanded Strike","Slice","Blade Dance","Impatience","Infinite Blades"],"relics":["Ring of the Snake","Ornamental Fan","Dream Catcher","Tiny House"],"acts_visited":["Exordium","TheCity"],"potions_floor_usage":[16,21],"damage_taken":[{"damage":2,"enemies":"Jaw Worm","floor":1,"turns":7},{"damage":7,"enemies":"Small Slimes","floor":2,"turns":5},{"damage":1,"enemies":"Cultist","floor":5,"turns":4},{"damage":5,"enemies":"Blue Slaver","floor":7,"turns":3},{"damage":7,"enemies":"Lots of Slimes","floor":11,"turns":5},{"damage":4,"enemies":"Looter","floor":12,"turns":3},{"damage":3,"enemies":"2 Fungi Beasts","floor":13,"turns":3},{"damage":33,"enemies":"The Guardian","floor":16,"turns":11},{"damage":5,"enemies":"Chosen","floor":18,"turns":5},{"damage":8,"enemies":"Shell Parasite","floor":19,"turns":3},{"damage":36,"enemies":"Centurion and Healer","floor":21,"turns":7},{"damage":15,"enemies":"Sentry and Sphere","floor":22,"turns":3}],"seed_played":"-4400895288265071182","potions_obtained":[{"floor":5,"key":"Explosive Potion"},{"floor":12,"key":"Dexterity Potion"},{"floor":13,"key":"Energy Potion"},{"floor":16,"key":"CunningPotion"},{"floor":17,"key":"Fruit Juice"}],"is_trial":false,"path_per_floor":["M","M","?","?","M","R","M","R","T","R","M","M","M","$","R","B",null,"M","M","?","M","M"],"character_chosen":"THE_SILENT","items_purchased":["Dream Catcher","Noxious Fumes","Bane"],"campfire_rested":1,"item_purchase_floors":[14,14,14],"current_hp_per_floor":[75,68,57,57,56,56,51,51,51,51,44,40,37,37,60,27,82,77,69,44,8,0,0],"gold":413,"neow_bonus":"TEN_PERCENT_HP_BONUS","is_daily":false,"chose_seed":false,"campfire_upgraded":3,"win_rate":0.0,"timestamp":1610016739,"path_taken":["M","M","?","?","M","R","M","R","T","R","M","M","?","$","R","BOSS","M","M","?","?","M"],"items_purchased_type":["Relic","Card","Card"],"build_version":"2020-12-22","purchased_purges":0,"victory":false,"max_hp_per_floor":[77,77,77,77,77,77,77,77,77,77,77,77,77,77,77,77,82,82,82,82,82,82,82],"card_choices":[{"not_picked":["PiercingWail","Blur"],"picked":"Backflip","floor":1},{"not_picked":["Quick Slash","All Out Attack"],"picked":"Flying Knee","floor":2},{"not_picked":["Dodge and Roll","Eviscerate"],"picked":"Sucker Punch","floor":5},{"not_picked":["Riddle With Holes","Dagger Throw"],"picked":"Terror","floor":7},{"not_picked":["Backflip","Reflex"],"picked":"Deflect","floor":11},{"not_picked":["Choke","Dagger Spray"],"picked":"Infinite Blades","floor":12},{"not_picked":["Endless Agony","Adrenaline"],"picked":"Blade Dance","floor":13},{"not_picked":["Eviscerate","Dagger Spray"],"picked":"Dash","floor":15},{"not_picked":["A Thousand Cuts","After Image"],"picked":"Storm of Steel","floor":16},{"not_picked":["Acrobatics","Skewer"],"picked":"Underhanded Strike","floor":17},{"not_picked":["Dodge and Roll","Flying Knee"],"picked":"Slice","floor":18},{"not_picked":["All Out Attack+1","Leg Sweep"],"picked":"Blade Dance","floor":19},{"not_picked":["PiercingWail","Cloak And Dagger+1"],"picked":"Infinite Blades","floor":21}],"player_experience":86609,"relics_obtained":[{"floor":9,"key":"Ornamental Fan"}],"event_choices":[{"damage_healed":0,"gold_gain":75,"player_choice":"Gather Gold","damage_taken":11,"max_hp_gain":0,"max_hp_loss":0,"event_name":"World of Goop","floor":3,"gold_loss":0},{"cards_removed":["Defend_G"],"damage_healed":0,"gold_gain":0,"player_choice":"Offered Basic","damage_taken":0,"max_hp_gain":0,"max_hp_loss":0,"event_name":"Bonfire Elementals","floor":4,"gold_loss":0},{"damage_healed":0,"gold_gain":180,"player_choice":"CARD GOLD GOLD ","damage_taken":25,"max_hp_gain":0,"max_hp_loss":0,"event_name":"Knowing Skull","floor":20,"potions_obtained":[],"gold_loss":0,"cards_obtained":["Impatience"]}],"is_beta":false,"boss_relics":[{"not_picked":["Busted Crown","Velvet Choker"],"picked":"Tiny House"}],"items_purged_floors":[],"is_endless":false,"potions_floor_spawned":[5,12,13,16],"killed_by":"Sentry and Sphere","ascension_level":0}}