{"host":"pc7bizyp7423q6r6","time":1610044265,"event":{"mods":["AchievementEnabler","Act Like it!","Aspiration","BaseMod","Better Match","Better Note","Better Third Choice","BetterRewards","Block Reminder","Conspire","Disable Question Mark Monsters","Emptier Cage","GifTheSpireLib","Hubris","Infinite Spire","Minty Spire (QoL Compilation)","Rare Cards Sparkle","Relic Stats","Replay The Spire","Robot Space Explorer","Spicy Shops","StSLib","Stuff the Spire","The Blue Laboratory","The Cursed","Wandering Minibosses","everything is the same but u backflip on backflip"],"gold_per_floor":[109,109,121,121,131,164,164,193,193,193,213,244,244,244,244,319,319,337,356,356,356,368,394,140,140,140,185,248,248,84,194,194,368,368,433,433,433,175,251,251,384,505,505,514,593,808,917,1049,1049,1114,1244],"floor_reached":52,"playtime":2440,"items_purged":["Strike_R","Strike_R","Shame"],"score":3315,"play_id":"450f2a00-6886-40e1-8f80-5749a1034a78","local_time":"20210107123105","is_ascension_mode":true,"campfire_choices":[{"data":"Replay:Undeath\u0027s Touch","floor":7,"key":"SMITH"},{"data":"Flame Barrier","floor":10,"key":"SMITH"},{"data":"Demon Form","floor":13,"key":"SMITH"},{"data":"Bash","floor":15,"key":"SMITH"},{"data":"Defend_R","floor":25,"key":"SMITH"},{"data":"Defend_R","floor":29,"key":"SMITH"},{"data":"Defend_R","floor":32,"key":"SMITH"},{"data":"Panache","floor":40,"key":"SMITH"},{"data":"StuffTheSpire:BrainWave","floor":49,"key":"SMITH"}],"circlet_count":0,"master_deck":["AscendersBane","Strike_R","Strike_R+1","Strike_R+1","Defend_R+1","Defend_R+1","Defend_R+1","Defend_R+1","Bash+1","Inflame+1","Dual Wield+1","Replay:Undeath\u0027s Touch+1","Flame Barrier+1","Demon Form+1","Injury","hubris:StunningStrike+1","TheCursedMod:RavingStaff+1","Heavy Blade+1","Burning Pact+1","Demonic Infusion+1","Twin Strike+1","infinitespire:FutureSight+1","Panache+1","StuffTheSpire:BrainWave+1","Battle Trance+1"],"relics":["Meat on the Bone","Sundial","ReplayTheSpireMod:Onyx Gauntlets","Red Mask","aspiration:HatOfInfinitePower","TheCursedMod:BlackMagic101","Ring of Fangs","Bottled Flame","infinitespire:DarkRift","infinitespire:Chaos","StuffTheSpire:Barrel","hubris:Metronome","Oddly Smooth Stone","StuffTheSpire:SapphireSignet","Matryoshka","Molten Egg 2","hubris:Backtick","hubris:Zylophone","wanderingMiniBosses:OtherGremlinHorn","infinitespire:Beetle Shell","infinitespire:Lychee Nut","ClockworkSouvenir","Replay:Bandana","Blood Vial","Toxic Egg 2","Orichalcum","Toy Ornithopter","infinitespire:EvilPickle","Replay:Grab Bag","infinitespire:Cupcake","Philosopher\u0027s Stone","Black Star","Eternal Feather","CeramicFish","aspiration:StickyExplosives_weak","Replay:Rubber Ducky","Replay:WaspNest","Dream Catcher","infinitespire:Satchel"],"acts_visited":["Exordium","TheCity","TheBeyond"],"potions_floor_usage":[6,16,35,47,47],"damage_taken":[{"damage":4,"enemies":"Jaw Worm","floor":1,"turns":3},{"damage":0,"enemies":"Cultist","floor":3,"turns":2},{"damage":0,"enemies":"conspire:RoseBush","floor":5,"turns":3},{"damage":2,"enemies":"Gremlin Nob","floor":6,"turns":3},{"damage":3,"enemies":"Replay:BlueRogue","floor":8,"turns":4},{"damage":0,"enemies":"Blue Slaver","floor":11,"turns":2},{"damage":5,"enemies":"Gremlin Nob","floor":12,"turns":3},{"damage":17,"enemies":"Fading Forest","floor":16,"turns":13},{"damage":12,"enemies":"3 Byrds","floor":18,"turns":6},{"damage":2,"enemies":"2 Thieves","floor":19,"turns":4},{"damage":0,"enemies":"Centurion and Healer","floor":22,"turns":2},{"damage":10,"enemies":"conspire:Head Lice","floor":23,"turns":3},{"damage":0,"enemies":"Snake Plant","floor":27,"turns":1},{"damage":7,"enemies":"conspire:HollyBat","floor":28,"turns":5},{"damage":0,"enemies":"Slavers","floor":31,"turns":3},{"damage":7,"enemies":"Pondfish","floor":33,"turns":4},{"damage":28,"enemies":"3 Darklings","floor":35,"turns":3},{"damage":0,"enemies":"3 Shapes","floor":39,"turns":1},{"damage":8,"enemies":"Giant Head","floor":41,"turns":3},{"damage":4,"enemies":"Maw","floor":42,"turns":3},{"damage":0,"enemies":"Spire Growth","floor":45,"turns":2},{"damage":0,"enemies":"R_Hoarder","floor":46,"turns":4},{"damage":18,"enemies":"3 Darklings","floor":47,"turns":3},{"damage":0,"enemies":"Sphere and 2 Shapes","floor":48,"turns":2},{"damage":14,"enemies":"infinitespire:MassOfShapes","floor":50,"turns":3},{"damage":12,"enemies":"Awakened One","floor":51,"turns":5}],"seed_played":"5644387635785678489","potions_obtained":[{"floor":3,"key":"LiquidMemories"},{"floor":6,"key":"ColorlessPotion"},{"floor":16,"key":"Energy Potion"},{"floor":19,"key":"blueLaboratory:AbyssPotion"},{"floor":35,"key":"blueLaboratory:FruitPunch"},{"floor":42,"key":"blueLaboratory:LouseDecoction"}],"is_trial":false,"path_per_floor":["M","?","M","?","M","E","R","E","T","R","M","E","R","?","R","B",null,"M","M","?","?","M","E","$","R","T","M","M","R","$","E","R","B",null,"M","AVR","?","$","M","R","E","M","T","?","M","E","M","M","R","B","B",null],"character_chosen":"IRONCLAD","items_purchased":["BargainBundle","Adrenaline Potion","FearPotion","Happy Flower","conspire:DeflatedDodgeball","Inflame","Dual Wield","Meat on the Bone","Guide Book","hubris:SlimyHat","infinitespire:Chaos","ClockworkSouvenir","Replay:Bandana","Orichalcum","CeramicFish","Panache"],"campfire_rested":0,"item_purchase_floors":[0,0,0,0,0,0,0,0,0,0,0,24,24,30,38,38],"current_hp_per_floor":[43,43,43,20,32,40,40,49,49,49,49,44,44,44,44,39,66,56,54,54,54,58,48,48,48,48,50,52,52,52,56,56,50,55,40,40,40,40,42,54,48,53,53,53,56,56,40,45,58,46,42],"gold":1244,"neow_bonus":"","is_daily":false,"chose_seed":false,"campfire_upgraded":9,"win_rate":0.0,"timestamp":1610044265,"path_taken":["M","?","?","?","M","E","R","E","T","R","M","E","R","?","R","BOSS","M","M","?","?","M","E","$","R","T","M","M","R","$","E","R","BOSS","M","AVR","?","?","M","R","E","?","T","?","M","E","M","M","R","BOSS","BOSS"],"items_purchased_type":["Relic","Potion","Potion","Relic","Relic","Card","Card","Relic","Relic","Relic","Relic","Relic","Relic","Relic","Relic","Card"],"build_version":"2020-12-22","purchased_purges":3,"victory":true,"max_hp_per_floor":[75,75,75,75,75,75,75,75,75,75,75,75,75,75,75,75,75,75,75,75,75,75,56,56,56,56,56,56,56,56,56,56,56,56,56,56,56,56,56,56,56,56,56,56,56,56,58,58,58,58,58],"relic_stats":{"Blood Vial":19,"Dream Catcher":0,"counters":[88,329],"Sundial":[12],"CeramicFish":27,"Eternal Feather":25,"Black Star":2,"Orichalcum":[78],"obtain_stats":[{"Ice Cream":29,"StuffTheSpire:Barrel":2,"Calipers":0,"Gremlin Horn":10,"StuffTheSpire:Rhapsscallions":48,"CeramicFish":38,"Vajra":43,"Ginger":0,"wanderingMiniBosses:OtherGremlinHorn":18,"Sozu":17,"StuffTheSpire:SapphireSignet":9,"Blood Vial":26,"Replay:Ringing Soul":43,"DollysMirror":22,"Sundial":0,"Philosopher\u0027s Stone":34,"Replay:Bottled Flurry":9,"Replay:Wax Seal":8,"Toxic Egg 2":26,"StuffTheSpire:NeowsTribute":0,"TheCursedMod:BlackMagic101":0,"conspire:TreasureMap":13,"Happy Flower":0,"aspiration:Nostalgia":0,"Replay:Grab Bag":34,"Oddly Smooth Stone":22,"Eternal Feather":36,"hubris:HollowSoul":34,"infinitespire:Beetle Shell":21,"aspiration:HiddenCompartment":29,"hubris:Zylophone":0,"infinitespire:EvilPickle":33,"Bottled Flame":0,"ReplayTheSpireMod:Shallot":36,"Brimstone":19,"infinitespire:Lychee Nut":23,"Bronze Scales":0,"Molten Egg 2":14,"Mark of Pain":17,"Black Star":34,"StrikeDummy":36,"aspiration:HatOfInfinitePower":0,"Meat on the Bone":0,"infinitespire:Cupcake":34,"Darkstone Periapt":7,"hubris:Metronome":6,"wanderingMiniBosses:AbyssPearl":48,"Juzu Bracelet":12,"Replay:Multitool":0,"hubris:SlimyHat":0,"Empty Cage":34,"Ancient Tea Set":43,"Burning Blood":0,"conspire:TopHat":20,"ClockworkSouvenir":36,"aspiration:StickyExplosives_weak":41,"Replay:Rubber Ducky":41,"Replay:Bandana":26,"Dream Catcher":46,"Ring of Fangs":0,"Matryoshka":12,"hubris:Backtick":17,"StuffTheSpire:HeavyRock":10,"Gambling Chip":44,"Tiny Chest":15,"hubris:FunFungus":9,"hubris:CuriousFeather":0,"Red Mask":0,"StuffTheSpire:Nightcore":0,"infinitespire:Eraser":23,"infinitespire:Chaos":0,"StuffTheSpire:TintedRock":12,"BargainBundle":0,"NeowsBlessing":0,"hubris:64BitClover":9,"infinitespire:CursedDice":0,"Guide Book":36,"Quantum Egg":7,"StuffTheSpire:Expresso":21,"infinitespire:EmptyRelic":0,"Replay:WaspNest":43,"Orichalcum":30,"MawBank":9,"infinitespire:DarkRift":0,"wanderingMiniBosses:CarrionFlame":28,"infinitespire:Satchel":46,"Snack Pack":47,"Garlic":25,"Membership Card":0,"conspire:DeflatedDodgeball":24,"ReplayTheSpireMod:Onyx Gauntlets":0,"hubris:OldNail":6,"Toy Ornithopter":25,"TungstenRod":40,"infinitespire:Midas Blood":6},{"Ice Cream":49,"StuffTheSpire:Barrel":63,"Calipers":37,"Gremlin Horn":17,"StuffTheSpire:Rhapsscallions":60,"CeramicFish":79,"Vajra":82,"Ginger":37,"wanderingMiniBosses:OtherGremlinHorn":71,"Sozu":44,"StuffTheSpire:SapphireSignet":67,"Blood Vial":74,"Replay:Ringing Soul":57,"DollysMirror":46,"Sundial":62,"Philosopher\u0027s Stone":78,"Replay:Bottled Flurry":16,"Replay:Wax Seal":4,"Toxic Egg 2":74,"StuffTheSpire:NeowsTribute":37,"TheCursedMod:BlackMagic101":62,"conspire:TreasureMap":43,"Happy Flower":62,"aspiration:Nostalgia":12,"Replay:Grab Bag":78,"Oddly Smooth Stone":46,"Eternal Feather":79,"hubris:HollowSoul":52,"infinitespire:Beetle Shell":72,"aspiration:HiddenCompartment":26,"hubris:Zylophone":62,"infinitespire:EvilPickle":78,"Bottled Flame":62,"ReplayTheSpireMod:Shallot":29,"Brimstone":21,"infinitespire:Lychee Nut":74,"Bronze Scales":37,"Molten Egg 2":69,"Mark of Pain":20,"Black Star":78,"StrikeDummy":29,"aspiration:HatOfInfinitePower":62,"Meat on the Bone":62,"infinitespire:Cupcake":78,"Darkstone Periapt":16,"hubris:Metronome":66,"wanderingMiniBosses:AbyssPearl":35,"Juzu Bracelet":11,"Replay:Multitool":37,"hubris:SlimyHat":62,"Empty Cage":28,"Ancient Tea Set":32,"Burning Blood":0,"conspire:TopHat":46,"ClockworkSouvenir":29,"aspiration:StickyExplosives_weak":81,"Replay:Rubber Ducky":81,"Replay:Bandana":23,"Dream Catcher":84,"Ring of Fangs":62,"Matryoshka":69,"hubris:Backtick":70,"StuffTheSpire:HeavyRock":41,"Gambling Chip":57,"Tiny Chest":43,"hubris:FunFungus":41,"hubris:CuriousFeather":62,"Red Mask":62,"StuffTheSpire:Nightcore":37,"infinitespire:Eraser":22,"infinitespire:Chaos":62,"StuffTheSpire:TintedRock":17,"BargainBundle":62,"NeowsBlessing":0,"hubris:64BitClover":10,"infinitespire:CursedDice":37,"Guide Book":29,"Quantum Egg":41,"StuffTheSpire:Expresso":21,"infinitespire:EmptyRelic":62,"Replay:WaspNest":82,"Orichalcum":76,"MawBank":4,"infinitespire:DarkRift":12,"wanderingMiniBosses:CarrionFlame":48,"infinitespire:Satchel":84,"Snack Pack":34,"Garlic":46,"Membership Card":37,"conspire:DeflatedDodgeball":46,"ReplayTheSpireMod:Onyx Gauntlets":62,"hubris:OldNail":9,"Toy Ornithopter":23,"TungstenRod":31,"infinitespire:Midas Blood":3},{"Ice Cream":200,"StuffTheSpire:Barrel":243,"Calipers":157,"Gremlin Horn":68,"StuffTheSpire:Rhapsscallions":230,"CeramicFish":304,"Vajra":311,"Ginger":157,"wanderingMiniBosses:OtherGremlinHorn":279,"Sozu":184,"StuffTheSpire:SapphireSignet":255,"Blood Vial":288,"Replay:Ringing Soul":221,"DollysMirror":190,"Sundial":240,"Philosopher\u0027s Stone":301,"Replay:Bottled Flurry":64,"Replay:Wax Seal":13,"Toxic Egg 2":288,"StuffTheSpire:NeowsTribute":157,"TheCursedMod:BlackMagic101":240,"conspire:TreasureMap":177,"Happy Flower":240,"aspiration:Nostalgia":51,"Replay:Grab Bag":301,"Oddly Smooth Stone":190,"Eternal Feather":304,"hubris:HollowSoul":209,"infinitespire:Beetle Shell":283,"aspiration:HiddenCompartment":106,"hubris:Zylophone":240,"infinitespire:EvilPickle":301,"Bottled Flame":240,"ReplayTheSpireMod:Shallot":115,"Brimstone":91,"infinitespire:Lychee Nut":288,"Bronze Scales":157,"Molten Egg 2":260,"Mark of Pain":87,"Black Star":301,"StrikeDummy":115,"aspiration:HatOfInfinitePower":240,"Meat on the Bone":240,"infinitespire:Cupcake":301,"Darkstone Periapt":64,"hubris:Metronome":251,"wanderingMiniBosses:AbyssPearl":144,"Juzu Bracelet":37,"Replay:Multitool":157,"hubris:SlimyHat":240,"Empty Cage":113,"Ancient Tea Set":129,"Burning Blood":0,"conspire:TopHat":190,"ClockworkSouvenir":115,"aspiration:StickyExplosives_weak":308,"Replay:Rubber Ducky":308,"Replay:Bandana":99,"Dream Catcher":316,"Ring of Fangs":240,"Matryoshka":260,"hubris:Backtick":273,"StuffTheSpire:HeavyRock":168,"Gambling Chip":221,"Tiny Chest":177,"hubris:FunFungus":168,"hubris:CuriousFeather":240,"Red Mask":240,"StuffTheSpire:Nightcore":157,"infinitespire:Eraser":95,"infinitespire:Chaos":240,"StuffTheSpire:TintedRock":68,"BargainBundle":240,"NeowsBlessing":0,"hubris:64BitClover":30,"infinitespire:CursedDice":157,"Guide Book":115,"Quantum Egg":168,"StuffTheSpire:Expresso":91,"infinitespire:EmptyRelic":240,"Replay:WaspNest":311,"Orichalcum":294,"MawBank":13,"infinitespire:DarkRift":51,"wanderingMiniBosses:CarrionFlame":197,"infinitespire:Satchel":316,"Snack Pack":138,"Garlic":190,"Membership Card":157,"conspire:DeflatedDodgeball":190,"ReplayTheSpireMod:Onyx Gauntlets":240,"hubris:OldNail":26,"Toy Ornithopter":99,"TungstenRod":125,"infinitespire:Midas Blood":3}],"Toy Ornithopter":0,"Meat on the Bone":48},"card_choices":[{"not_picked":["StuffTheSpire:RockThrow","Perfected Strike","Combust"],"picked":"SKIP","floor":1},{"not_picked":["StuffTheSpire:RagingBull","ReplayReversal","Shrug It Off"],"picked":"SKIP","floor":3},{"not_picked":["Wild Strike","Entrench"],"picked":"Replay:Undeath\u0027s Touch","floor":5},{"not_picked":["Massacre","Second Wind","Searing Blow"],"picked":"SKIP","floor":6},{"not_picked":["ReplayTheSpireMod:Muscle Training","Inflame"],"picked":"Flame Barrier","floor":8},{"not_picked":["Flame Barrier","Thunderclap","Body Slam"],"picked":"SKIP","floor":11},{"not_picked":["StuffTheSpire:Slingshot","Ghostly Armor"],"picked":"Demon Form","floor":12},{"not_picked":["Hemogenesis+1","Exhume"],"picked":"hubris:StunningStrike+1","floor":16},{"not_picked":["Dark Embrace","Clothesline+1","Anger+1"],"picked":"SKIP","floor":18},{"not_picked":["Massacre+1","True Grit","Flame Barrier"],"picked":"SKIP","floor":19},{"not_picked":["Entrench","Wild Strike+1"],"picked":"Heavy Blade+1","floor":22},{"not_picked":["Clothesline+1","Headbutt+1","Infernal Blade"],"picked":"SKIP","floor":23},{"not_picked":["Cleave+1","Clothesline+1","Run Through+1"],"picked":"SKIP","floor":27},{"not_picked":["Juggernaut","True Grit+1"],"picked":"Burning Pact+1","floor":28},{"not_picked":["Armaments+1","Spot Weakness+1","True Grit+1"],"picked":"SKIP","floor":31},{"not_picked":["Limit Break+1","Juggernaut"],"picked":"Demonic Infusion+1","floor":33},{"not_picked":["Shrug It Off+1","Massacre+1"],"picked":"Twin Strike+1","floor":35},{"not_picked":["Clothesline+1","Fire Breathing+1","Clash+1"],"picked":"SKIP","floor":39},{"not_picked":["Twin Strike+1","Demon Form","Power Through+1"],"picked":"SKIP","floor":41},{"not_picked":["StuffTheSpire:RockThrow+1","Life Link","Sword Boomerang+1"],"picked":"SKIP","floor":42},{"not_picked":["StuffTheSpire:Innocence","StuffTheSpire:Perfection"],"picked":"StuffTheSpire:BrainWave","floor":44},{"not_picked":["Dual Wield+1","Heavy Blade+1"],"picked":"Battle Trance+1","floor":45},{"not_picked":["Entrench+1","Shrug It Off+1","Sentinel+1"],"picked":"SKIP","floor":46},{"not_picked":["Combust","Massacre+1","Heavy Blade+1"],"picked":"SKIP","floor":47},{"not_picked":["Clothesline+1","Dark Embrace+1","Cleave+1"],"picked":"SKIP","floor":48}],"player_experience":1702448,"relics_obtained":[{"floor":6,"key":"hubris:Metronome"},{"floor":8,"key":"Oddly Smooth Stone"},{"floor":9,"key":"StuffTheSpire:SapphireSignet"},{"floor":12,"key":"Matryoshka"},{"floor":18,"key":"wanderingMiniBosses:OtherGremlinHorn"},{"floor":23,"key":"infinitespire:Lychee Nut"},{"floor":26,"key":"Blood Vial"},{"floor":26,"key":"Toxic Egg 2"},{"floor":31,"key":"Toy Ornithopter"},{"floor":41,"key":"aspiration:StickyExplosives_weak"},{"floor":41,"key":"Replay:Rubber Ducky"},{"floor":43,"key":"Vajra"},{"floor":43,"key":"Replay:WaspNest"},{"floor":46,"key":"Dream Catcher"},{"floor":46,"key":"infinitespire:Satchel"}],"event_choices":[{"damage_healed":0,"gold_gain":0,"player_choice":"Gave Potion","damage_taken":0,"relics_obtained":["StuffTheSpire:Barrel"],"max_hp_gain":0,"max_hp_loss":0,"event_name":"WeMeetAgain","floor":2,"gold_loss":0},{"damage_healed":43,"gold_gain":0,"player_choice":"Upgrade","damage_taken":23,"max_hp_gain":0,"max_hp_loss":75,"event_name":"betterThird:BetterShining","floor":4,"gold_loss":0,"cards_upgraded":["Strike_R","Defend_R"]},{"cards_removed":["Demon Form"],"damage_healed":0,"gold_gain":0,"player_choice":"Take \u0026 Give","damage_taken":0,"max_hp_gain":0,"max_hp_loss":0,"event_name":"betterNote:BetterNote","floor":20,"gold_loss":0,"cards_obtained":["TheCursedMod:RavingStaff"]},{"damage_healed":0,"gold_gain":0,"player_choice":"Stole Relic","damage_taken":0,"relics_obtained":["infinitespire:Beetle Shell"],"max_hp_gain":0,"max_hp_loss":0,"event_name":"Addict","floor":21,"gold_loss":0,"cards_obtained":["Shame"]},{"damage_healed":0,"gold_gain":0,"player_choice":"Upgraded","damage_taken":0,"max_hp_gain":0,"max_hp_loss":0,"event_name":"Upgrade Shrine","floor":37,"gold_loss":0,"cards_upgraded":["Strike_R"]}],"is_beta":false,"boss_relics":[{"not_picked":["Runic Pyramid","Pandora\u0027s Box"],"picked":"hubris:Backtick"},{"not_picked":["conspire:SeveredTorchhead","Fusion Hammer"],"picked":"Replay:Grab Bag"},{"not_picked":["hubris:RunicObelisk","aspiration:FutureDiary"],"picked":"infinitespire:Cupcake"},{"not_picked":["Mark of Pain","Velvet Choker"],"picked":"Philosopher\u0027s Stone"},{"not_picked":["StuffTheSpire:Kangaroo","Ring of Chaos"],"picked":"Black Star"}],"items_purged_floors":[0,0,36],"is_endless":false,"potions_floor_spawned":[1,3,6,16,18,19,27,35,42,46],"ascension_level":20}}