{"host":"sdl5b0uiznq00owb","time":1610000779,"event":{"mods":["BaseMod","Minty Spire (QoL Compilation)","Permanent Neow","Relic Stats"],"gold_per_floor":[118,133,145,145,161,161,161,161,161,195,195,24,64,77,77,197,197,212,231,231,156,43,68,68,83,107,122,44,44,314,328,328,425,425,439,457,477,477,477],"floor_reached":38,"playtime":3199,"items_purged":["Strike_P"],"score":548,"play_id":"fcd821b1-b170-4580-92ae-eaffbcf1a118","local_time":"20210107002619","is_ascension_mode":true,"campfire_choices":[{"floor":7.0,"key":"REST"},{"data":"Omniscience","floor":11.0,"key":"SMITH"},{"data":"WheelKick","floor":15.0,"key":"SMITH"},{"floor":24.0,"key":"REST"},{"floor":29.0,"key":"REST"},{"floor":32.0,"key":"REST"}],"circlet_count":0,"master_deck":["Strike_P","Strike_P","Defend_P","Defend_P","Defend_P","Defend_P+1","Eruption+1","Vigilance","Omniscience+1","EmptyFist","CutThroughFate","MentalFortress","ClearTheMind+1","WheelKick+1","FlurryOfBlows+1","MentalFortress+1","ThirdEye","DeceiveReality+1","ReachHeaven+1","Eruption+1","LessonLearned+1","FearNoEvil+1","EmptyBody+1","Parasite"],"relics":["PureWater","Bloody Idol","Bag of Preparation","Gremlin Horn","Membership Card","Molten Egg 2","SlaversCollar","Toy Ornithopter","Dream Catcher","Art of War","DollysMirror","Fusion Hammer"],"acts_visited":["Exordium","TheCity","TheBeyond"],"potions_floor_usage":[],"damage_taken":[{"damage":0.0,"enemies":"Small Slimes","floor":1.0,"turns":4.0},{"damage":4.0,"enemies":"Jaw Worm","floor":2.0,"turns":4.0},{"damage":0.0,"enemies":"Cultist","floor":3.0,"turns":3.0},{"damage":10.0,"enemies":"Large Slime","floor":5.0,"turns":5.0},{"damage":12.0,"enemies":"Gremlin Nob","floor":10.0,"turns":4.0},{"damage":12.0,"enemies":"3 Sentries","floor":13.0,"turns":4.0},{"damage":0.0,"enemies":"Exordium Thugs","floor":14.0,"turns":3.0},{"damage":27.0,"enemies":"Hexaghost","floor":16.0,"turns":9.0},{"damage":22.0,"enemies":"2 Thieves","floor":18.0,"turns":3.0},{"damage":10.0,"enemies":"Spheric Guardian","floor":19.0,"turns":4.0},{"damage":5.0,"enemies":"Book of Stabbing","floor":23.0,"turns":5.0},{"damage":16.0,"enemies":"Centurion and Healer","floor":25.0,"turns":7.0},{"damage":26.0,"enemies":"3 Cultists","floor":27.0,"turns":7.0},{"damage":10.0,"enemies":"Cultist and Chosen","floor":31.0,"turns":6.0},{"damage":36.0,"enemies":"Automaton","floor":33.0,"turns":11.0},{"damage":25.0,"enemies":"3 Shapes","floor":35.0,"turns":7.0},{"damage":28.0,"enemies":"3 Darklings","floor":36.0,"turns":5.0},{"damage":18.0,"enemies":"Spire Growth","floor":37.0,"turns":5.0},{"damage":33,"enemies":"Writhing Mass","floor":38,"turns":2}],"seed_played":"4252557363495893777","potions_obtained":[{"floor":5.0,"key":"SpeedPotion"},{"floor":13.0,"key":"LiquidMemories"},{"floor":14.0,"key":"Energy Potion"},{"floor":16.0,"key":"LiquidBronze"},{"floor":18.0,"key":"DuplicationPotion"},{"floor":19.0,"key":"SteroidPotion"},{"floor":23.0,"key":"FearPotion"},{"floor":33.0,"key":"Block Potion"},{"floor":35.0,"key":"LiquidBronze"},{"floor":37.0,"key":"BlessingOfTheForge"}],"is_trial":false,"path_per_floor":["M","M","M","?","M","?","R","?","T","E","R","$","E","M","R","B",null,"M","M","?","?","$","E","R","M","T","M","$","R","?","M","R","B",null,"M","M","M","M"],"character_chosen":"WATCHER","items_purchased":["FlurryOfBlows","Membership Card","Toy Ornithopter","DollysMirror"],"campfire_rested":4,"item_purchase_floors":[12,12,22,28],"current_hp_per_floor":[65,61,61,43,33,33,54,54,54,42,42,42,30,30,30,3,55,33,23,23,23,23,28,49,38,43,22,22,43,31,31,52,26,61,41,23,15,0,0],"gold":477,"neow_bonus":"ONE_RANDOM_RARE_CARD","is_daily":false,"chose_seed":false,"campfire_upgraded":2,"win_rate":0.0,"timestamp":1610000779,"path_taken":["M","M","M","?","M","?","R","?","T","E","R","$","E","M","R","BOSS","M","M","?","?","$","E","R","M","T","?","$","R","?","M","R","BOSS","M","?","?","M"],"items_purchased_type":["Card","Relic","Relic","Relic"],"build_version":"2020-12-22","purchased_purges":1,"victory":false,"max_hp_per_floor":[72,72,72,72,72,72,72,72,72,72,72,72,72,72,72,72,72,72,72,72,72,72,72,72,72,72,72,72,72,72,72,72,72,72,72,72,72,72,72],"relic_stats":{"Dream Catcher":3,"Gremlin Horn":[13,14],"counters":[19,98],"Bloody Idol":60,"Bag of Preparation":[30],"Art of War":[3],"obtain_stats":[{"Gremlin Horn":10,"Golden Idol":4,"Bag of Preparation":9,"SlaversCollar":17,"Dream Catcher":23,"DollysMirror":28,"Bloody Idol":20,"Molten Egg 2":13,"Fusion Hammer":34,"Art of War":26,"Membership Card":12,"PureWater":0,"Toy Ornithopter":22},{"Gremlin Horn":5,"Golden Idol":3,"Bag of Preparation":4,"SlaversCollar":8,"Dream Catcher":11,"DollysMirror":13,"Bloody Idol":10,"Molten Egg 2":6,"Fusion Hammer":15,"Art of War":12,"Membership Card":5,"PureWater":0,"Toy Ornithopter":10},{"Gremlin Horn":20,"Golden Idol":11,"Bag of Preparation":16,"SlaversCollar":36,"Dream Catcher":48,"DollysMirror":62,"Bloody Idol":43,"Molten Egg 2":24,"Fusion Hammer":79,"Art of War":55,"Membership Card":20,"PureWater":0,"Toy Ornithopter":43}],"Toy Ornithopter":25},"card_choices":[{"not_picked":["Protect","Crescendo"],"picked":"EmptyFist","floor":1.0},{"not_picked":["Halt","Meditate"],"picked":"CutThroughFate","floor":2.0},{"not_picked":["JustLucky","ClearTheMind"],"picked":"MentalFortress","floor":3.0},{"not_picked":["WaveOfTheHand","Worship"],"picked":"ClearTheMind","floor":5.0},{"not_picked":["DeusExMachina","CutThroughFate"],"picked":"WheelKick","floor":10.0},{"not_picked":["Crescendo","WaveOfTheHand","Nirvana"],"picked":"SKIP","floor":13.0},{"not_picked":["FollowUp+1","Indignation"],"picked":"MentalFortress","floor":14.0},{"not_picked":["PathToVictory","Nirvana","Sanctity"],"picked":"SKIP","floor":18.0},{"not_picked":["FollowUp+1","FlyingSleeves+1","EmptyFist+1"],"picked":"SKIP","floor":19.0},{"not_picked":["Crescendo","JustLucky+1"],"picked":"ThirdEye","floor":23.0},{"not_picked":["SignatureMove+1","Study"],"picked":"DeceiveReality+1","floor":24.0},{"not_picked":["ClearTheMind","JustLucky+1"],"picked":"ReachHeaven+1","floor":25.0},{"not_picked":["PathToVictory","Collect+1","WaveOfTheHand"],"picked":"SKIP","floor":27.0},{"not_picked":["ThirdEye","Evaluate"],"picked":"LessonLearned+1","floor":29.0},{"not_picked":["Prostrate+1","EmptyBody"],"picked":"FearNoEvil+1","floor":31.0},{"not_picked":["FlurryOfBlows+1","LessonLearned+1"],"picked":"EmptyBody+1","floor":32.0},{"not_picked":["JustLucky+1","Halt","EmptyBody+1"],"picked":"SKIP","floor":35.0},{"not_picked":["CrushJoints+1","FlyingSleeves+1","InnerPeace"],"picked":"SKIP","floor":36.0},{"not_picked":["Evaluate+1","FlurryOfBlows+1","ThirdEye"],"picked":"SKIP","floor":37.0}],"player_experience":760983,"relics_obtained":[{"floor":9.0,"key":"Bag of Preparation"},{"floor":10.0,"key":"Gremlin Horn"},{"floor":13.0,"key":"Molten Egg 2"},{"floor":23.0,"key":"Dream Catcher"},{"floor":26.0,"key":"Art of War"}],"event_choices":[{"damage_healed":0.0,"max_hp_gain":0.0,"max_hp_loss":0.0,"gold_gain":0.0,"event_name":"Golden Idol","player_choice":"Take Damage","floor":4.0,"gold_loss":0.0,"damage_taken":18.0,"relics_obtained":["Golden Idol"]},{"damage_healed":0.0,"max_hp_gain":0.0,"max_hp_loss":0.0,"gold_gain":0.0,"event_name":"Liars Game","player_choice":"Ignored","floor":6.0,"gold_loss":0.0,"damage_taken":0.0},{"damage_healed":0.0,"max_hp_gain":0.0,"max_hp_loss":0.0,"gold_gain":0.0,"event_name":"Accursed Blacksmith","player_choice":"Forge","floor":8.0,"gold_loss":0.0,"damage_taken":0.0,"cards_upgraded":["Eruption"]},{"damage_healed":0.0,"max_hp_gain":0.0,"max_hp_loss":0.0,"gold_gain":0.0,"event_name":"Forgotten Altar","player_choice":"Gave Idol","floor":20.0,"relics_lost":["Golden Idol"],"gold_loss":0.0,"damage_taken":0.0,"relics_obtained":["Bloody Idol"]},{"cards_removed":["Strike_P"],"damage_healed":0.0,"max_hp_gain":0.0,"max_hp_loss":0.0,"gold_gain":0.0,"event_name":"Beggar","player_choice":"Gave Gold","floor":21.0,"gold_loss":75.0,"damage_taken":0.0},{"damage_healed":0.0,"max_hp_gain":0.0,"max_hp_loss":0.0,"gold_gain":270.0,"event_name":"Knowing Skull","player_choice":"GOLD GOLD GOLD ","floor":30.0,"potions_obtained":[],"gold_loss":0.0,"damage_taken":27.0,"cards_obtained":[]}],"is_beta":false,"boss_relics":[{"not_picked":["Ectoplasm","Tiny House"],"picked":"SlaversCollar"},{"not_picked":["Philosopher\u0027s Stone","Busted Crown"],"picked":"Fusion Hammer"}],"items_purged_floors":[22],"is_endless":false,"potions_floor_spawned":[5,13,14,16,18,19,23,33,35,37],"killed_by":"Writhing Mass","ascension_level":7}}