{"host":"97feeoqujgl2pi7v","time":1610030969,"event":{"mods":["AchievementEnabler","Act Like it!","Aspiration","Bard","BaseMod","Better Third Choice","Colored Map","Colored Powertips","Conspire","DeckTracker","Downfall","Duelist Mod","Gensokyo","GifTheSpireLib","Gremlin Mod","Halation","Hallownest","Hermit","Hubris","Infinite Spire","Jorbs\u0027s Wanderer Trilogy","Koishi","Mad Scientist","Marisa（霧雨　魔理沙）","Minty Spire (QoL Compilation)","Rare Cards Sparkle","Reimu（博丽灵梦）","Replay The Spire","Robot Space Explorer","Shop Mod","StSLib","Td1madao Mod","The Administrix","The Animator","The Blackbeard","The Bladedancer","The Bug Knight","The Construct","The Cursed","The Disciple","The Dragon Tamer","The Marked","The Mystic","The Necromancer","The Runesmith","The Saiyan","The Senshi","The Servant 0.9.4","TheBandit","Yuri Mod"],"gold_per_floor":[119,133,144,158,170,170,198,10,86,113,145,145,163,178,178,275,275,293,311,322,342,342,377,405,417,485,514,514],"floor_reached":27,"playtime":5281,"items_purged":[],"score":399,"play_id":"3ae5fafe-f0ec-425e-9327-b548b450cad6","local_time":"20210107094929","daily_mods":["Draft","Vintage","DeadlyEvents"],"is_ascension_mode":false,"campfire_choices":[{"data":"theSenshi:MoonPrincessHalation","floor":6,"key":"SMITH"},{"data":"theSenshi:MoonCrisisMakeUp","floor":15,"key":"SMITH"}],"circlet_count":0,"master_deck":["theSenshi:SailorMercuryAssists","theSenshi:SailorMarsAssists","theSenshi:SailorMarsAssists","theSenshi:MoonPunch","theSenshi:MoonPrincessHalation+1","theSenshi:MoonHealingEscalation","theSenshi:MoonTiaraMagic","theSenshi:Sidestep","theSenshi:SailorUranusAssists","theSenshi:MoonCosmicPowerMakeUp","theSenshi:SupersonicWaves","theSenshi:TallSilhouette","theSenshi:MoonTiaraMagic","theSenshi:MoonTiaraMagic","theSenshi:SailorVenusAssists","theSenshi:UranusStrength","theSenshi:MoonCrisisMakeUp","theSenshi:MoonCrisisMakeUp+1","theSenshi:MoonGorgeousMeditation","theSenshi:LunaWiseMentor","theSenshi:GlimpseOfThePast","Limit Break"],"relics":["theSenshi:TransformationBroochRelic","MealTicket","hubris:PeanutButter","Omamori","WingedGreaves","Darkstone Periapt","MerchantsRug","Quantum Egg","ReplayTheSpireMod:Lightbulb","infinitespire:Lucky Rock","aspiration:HiddenCompartment","ReplayFunnel","aspiration:IroncladSkillbook","Mirror","hubris:ToyBattleship","aspiration:StickyExplosives_weak","Kunai","hubris:SphereOfDissonance","HollowMod:PaleOreRelic","aspiration:Lifesprig","Pondfish Scales","Singing Bowl","hubris:DeckOfHolding"],"acts_visited":["Exordium","TheCity"],"potions_floor_usage":[5,10,11,16,16,18,18,24],"damage_taken":[{"damage":0,"enemies":"Cultist","floor":1,"turns":3},{"damage":0,"enemies":"2 Louse","floor":2,"turns":2},{"damage":2,"enemies":"conspire:RoseBush","floor":3,"turns":2},{"damage":0,"enemies":"2 Fungi Beasts","floor":4,"turns":2},{"damage":4,"enemies":"Large Slime","floor":5,"turns":3},{"damage":0,"enemies":"Gremlin Nob","floor":7,"turns":3},{"damage":0,"enemies":"HollowMod:MossKnight","floor":10,"turns":3},{"damage":10,"enemies":"3 Sentries","floor":11,"turns":4},{"damage":0,"enemies":"Exordium Wildlife","floor":13,"turns":3},{"damage":2,"enemies":"Looter","floor":14,"turns":2},{"damage":28,"enemies":"Hexaghost","floor":16,"turns":7},{"damage":0,"enemies":"2 Thieves","floor":18,"turns":3},{"damage":16,"enemies":"Centurion and Healer","floor":19,"turns":6},{"damage":1,"enemies":"Chosen and Byrds","floor":20,"turns":5},{"damage":0,"enemies":"conspire:HollyBat","floor":21,"turns":8},{"damage":0,"enemies":"conspire:Head Lice","floor":23,"turns":5},{"damage":0,"enemies":"HollowMod:Nosk","floor":24,"turns":6},{"damage":59,"enemies":"3 Cultists","floor":25,"turns":6},{"damage":26,"enemies":"theDuelist:KaibaA2","floor":27,"turns":5}],"seed_played":"4463976126596643785","potions_obtained":[{"floor":1,"key":"hexamod:EctoCoolerPotion"},{"floor":4,"key":"AttackPotion"},{"floor":7,"key":"SteroidPotion"},{"floor":10,"key":"Explosive Potion"},{"floor":11,"key":"Dexterity Potion"},{"floor":14,"key":"Adrenaline Potion"},{"floor":16,"key":"Regen Potion"},{"floor":19,"key":"Ancient Potion"},{"floor":21,"key":"Elixir"},{"floor":23,"key":"hexamod:EctoCoolerPotion"}],"is_trial":true,"path_per_floor":["M","M","M","M","M","R","E","$","T","E","E","?","M","M","R_BF","B",null,"M","M","M","M","?","E","E","M","T","E"],"character_chosen":"THE_SENSHI","items_purchased":["MerchantsRug","theSenshi:MoonCrisisMakeUp"],"campfire_rested":0,"item_purchase_floors":[8,8],"current_hp_per_floor":[75,75,73,73,69,69,79,85,85,85,75,75,80,78,78,55,85,85,78,81,85,85,85,85,30,30,10,10],"gold":514,"neow_bonus":"","is_daily":false,"chose_seed":false,"campfire_upgraded":2,"win_rate":0.0,"timestamp":1610030969,"path_taken":["M","M","M","M","M","R","E","?","T","E","E","?","M","M","R_BF","BOSS","M","M","M","?","?","E","E","M","T","?"],"items_purchased_type":["Relic","Card"],"build_version":"2020-12-22","purchased_purges":0,"victory":false,"max_hp_per_floor":[75,75,75,75,75,75,85,85,85,85,85,85,85,85,85,85,85,85,85,85,85,85,85,85,85,85,87,87],"card_choices":[{"not_picked":["theSenshi:PlutosSolemnity","theSenshi:NeptunesGrace"],"picked":"theSenshi:SailorMercuryAssists","floor":0},{"not_picked":["theSenshi:SchoolBag","theSenshi:SailorVenusAssists"],"picked":"theSenshi:SailorMarsAssists","floor":0},{"not_picked":["theSenshi:MoonPunch","theSenshi:TallSilhouette"],"picked":"theSenshi:SailorMarsAssists","floor":0},{"not_picked":["theSenshi:LunasBite","theSenshi:SailorNeptuneAssists"],"picked":"theSenshi:MoonPunch","floor":0},{"not_picked":["theSenshi:MoonlightKnight","theSenshi:SailorChibiMoonAssists"],"picked":"theSenshi:MoonPrincessHalation","floor":0},{"not_picked":["theSenshi:SailorStarMakerAssists","theSenshi:MoonKick"],"picked":"theSenshi:MoonHealingEscalation","floor":0},{"not_picked":["theSenshi:MoonPunch","theSenshi:HesSoDreamy"],"picked":"theSenshi:MoonTiaraMagic","floor":0},{"not_picked":["theSenshi:PlutosSolemnity","theSenshi:SchoolBag"],"picked":"theSenshi:Sidestep","floor":0},{"not_picked":["theSenshi:MoonPunch","theSenshi:TuxedoSmokingBomber"],"picked":"theSenshi:SailorUranusAssists","floor":0},{"not_picked":["theSenshi:OdangoHead","theSenshi:SailorNeptuneAssists"],"picked":"theSenshi:MoonCosmicPowerMakeUp","floor":0},{"not_picked":["theSenshi:NeptunesGrace","theSenshi:SailorChibiMoonAssists"],"picked":"theSenshi:SupersonicWaves","floor":0},{"not_picked":["theSenshi:SchoolBag","theSenshi:EncouragingSpeech"],"picked":"theSenshi:TallSilhouette","floor":0},{"not_picked":["theSenshi:SailorMarsAssists","theSenshi:SailorChibiMoonAssists"],"picked":"theSenshi:MoonTiaraMagic","floor":0},{"not_picked":["theSenshi:SailorStarFighterAssists","theSenshi:SailorUranusAssists"],"picked":"theSenshi:MoonTiaraMagic","floor":0},{"not_picked":["theSenshi:SailorV","theSenshi:MoonTiaraMagic"],"picked":"theSenshi:SailorVenusAssists","floor":0},{"not_picked":["theSenshi:MoonSpiralHeartAttack","theSenshi:MoonTiaraMagic"],"picked":"theSenshi:UranusStrength","floor":7},{"not_picked":["theSenshi:SailorVenusAssists","theSenshi:MoonSpiralHeartAttack"],"picked":"theSenshi:MoonGorgeousMeditation","floor":10},{"not_picked":["theSenshi:SailorChibiMoonAssists","theSenshi:MoonsReflection"],"picked":"theSenshi:LunaWiseMentor","floor":11},{"not_picked":["theSenshi:StudyParty","theSenshi:LunaSensingAllies"],"picked":"theSenshi:GlimpseOfThePast","floor":16},{"not_picked":["Warcry","Uppercut","Perfected Strike+1","Clash"],"picked":"SKIP","floor":23},{"not_picked":["Perfected Strike+1","Flex","Heavy Blade"],"picked":"Limit Break","floor":24},{"not_picked":["infinitespire:OneForAll","Warcry+1","Thunderclap","conspire:Purge"],"picked":"Singing Bowl","floor":27}],"player_experience":454210,"relics_obtained":[{"floor":1,"key":"MealTicket"},{"floor":2,"key":"hubris:PeanutButter"},{"floor":3,"key":"Omamori"},{"floor":4,"key":"WingedGreaves"},{"floor":5,"key":"Darkstone Periapt"},{"floor":7,"key":"Pear"},{"floor":9,"key":"Quantum Egg"},{"floor":10,"key":"ReplayTheSpireMod:Lightbulb"},{"floor":11,"key":"infinitespire:Lucky Rock"},{"floor":13,"key":"aspiration:HiddenCompartment"},{"floor":14,"key":"ReplayFunnel"},{"floor":18,"key":"Mirror"},{"floor":19,"key":"hubris:ToyBattleship"},{"floor":20,"key":"aspiration:StickyExplosives_weak"},{"floor":21,"key":"Kunai"},{"floor":23,"key":"HollowMod:PaleOreRelic"},{"floor":24,"key":"aspiration:Lifesprig"},{"floor":25,"key":"Pondfish Scales"},{"floor":26,"key":"Singing Bowl"},{"floor":27,"key":"hubris:DeckOfHolding"}],"event_choices":[{"damage_healed":0,"gold_gain":0,"player_choice":"Ignored","damage_taken":0,"max_hp_gain":0,"max_hp_loss":0,"event_name":"NoteForYourself","floor":12,"gold_loss":0}],"is_beta":false,"boss_relics":[{"not_picked":["aspiration:WatcherSkillbook","Philosopher\u0027s Stone"],"picked":"aspiration:IroncladSkillbook"}],"items_purged_floors":[],"is_endless":false,"potions_floor_spawned":[1,4,7,10,11,14,16,19,21,23],"killed_by":"theDuelist:KaibaA2","ascension_level":0}}