{"host":"p4v0hquynnreu717","time":1610039034,"event":{"mods":["BaseMod","Better Vampires","DeckTracker","Googly Eyes","Minty Spire (QoL Compilation)","Quick Restart","StSLib","SuperFastMode"],"gold_per_floor":[117,42,117,117,117,117,117,117,117,149,178,1,36,81,81,156,156,168,218,218,236,286,319,319,346,416,78,78,91,91,91,91,168,168,185,185,185,60,60,60,78,78,78,112,112,131,131,131,131],"floor_reached":48,"playtime":1020,"items_purged":["Defend_P","Strike_P","Decay"],"score":1083,"play_id":"94d5b634-aa63-4b5a-a55d-163bd3a137d9","local_time":"20210108010354","is_ascension_mode":true,"campfire_choices":[{"data":"Eruption","floor":6.0,"key":"SMITH"},{"data":"Fasting2","floor":8.0,"key":"SMITH"},{"data":"Ragnarok","floor":15.0,"key":"SMITH"},{"data":"1","floor":24.0,"key":"LIFT"},{"data":"2","floor":28.0,"key":"LIFT"},{"data":"3","floor":30.0,"key":"LIFT"},{"data":"Tantrum","floor":32.0,"key":"SMITH"},{"data":"Prostrate","floor":40.0,"key":"SMITH"},{"data":"Prostrate","floor":42.0,"key":"SMITH"},{"data":"Adaptation","floor":45.0,"key":"SMITH"},{"data":"Master of Strategy","floor":47.0,"key":"SMITH"}],"circlet_count":0,"master_deck":["AscendersBane","Strike_P","Strike_P","Vigilance","Fasting2+1","Ragnarok+1","Evaluate","Prostrate+1","Brilliance","Prostrate+1","ClearTheMind","DevaForm","EmptyMind+1","MasterReality+1","FearNoEvil+1","Tantrum+1","Adaptation+1","Adaptation+1","Master of Strategy+1","DeusExMachina"],"relics":["PureWater","NeowsBlessing","Juzu Bracelet","Girya","Bottled Tornado","Odd Mushroom","PreservedInsect","Astrolabe","Pen Nib","Lantern","Mummified Hand","SlaversCollar","Blue Candle","Bottled Lightning"],"acts_visited":["Exordium","TheCity","TheBeyond"],"potions_floor_usage":[48],"damage_taken":[{"damage":0.0,"enemies":"2 Louse","floor":1.0,"turns":1.0},{"damage":0.0,"enemies":"Lagavulin","floor":10.0,"turns":1.0},{"damage":0.0,"enemies":"The Mushroom Lair","floor":11.0,"turns":1.0},{"damage":26.0,"enemies":"3 Sentries","floor":13.0,"turns":8.0},{"damage":0.0,"enemies":"Slime Boss","floor":16.0,"turns":3.0},{"damage":12.0,"enemies":"Spheric Guardian","floor":18.0,"turns":4.0},{"damage":0.0,"enemies":"Chosen","floor":21.0,"turns":2.0},{"damage":0.0,"enemies":"Gremlin Leader","floor":23.0,"turns":6.0},{"damage":26.0,"enemies":"Slavers","floor":25.0,"turns":2.0},{"damage":10.0,"enemies":"Snecko","floor":29.0,"turns":3.0},{"damage":10.0,"enemies":"Champ","floor":33.0,"turns":4.0},{"damage":0.0,"enemies":"3 Darklings","floor":35.0,"turns":2.0},{"damage":5.0,"enemies":"3 Shapes","floor":41.0,"turns":5.0},{"damage":37.0,"enemies":"Nemesis","floor":44.0,"turns":5.0},{"damage":0.0,"enemies":"Sphere and 2 Shapes","floor":46.0,"turns":2.0},{"damage":0,"enemies":"Reptomancer","floor":48,"turns":2}],"seed_played":"4070071801502692918","potions_obtained":[{"floor":1.0,"key":"CultistPotion"},{"floor":10.0,"key":"Weak Potion"},{"floor":44.0,"key":"SkillPotion"}],"is_trial":false,"path_per_floor":["M","$","?","?","?","R","?","R","T","E","?","$","E","T","R","B",null,"M","?","?","M","?","E","R","E","T","$","R","M","R","?","R","B",null,"M","?","?","$","?","R","M","R","T","E","R","M","R","E"],"character_chosen":"WATCHER","items_purchased":["Brilliance","Prostrate","Adaptation","Master of Strategy"],"campfire_rested":0,"item_purchase_floors":[12,12,27,27],"current_hp_per_floor":[61,61,50,50,50,50,55,55,55,55,55,55,29,29,29,29,62,50,50,50,50,50,50,50,24,24,24,24,14,14,14,14,4,56,56,56,56,56,56,56,51,51,51,14,14,14,14,14,14],"gold":131,"neow_bonus":"THREE_ENEMY_KILL","is_daily":false,"chose_seed":false,"campfire_upgraded":8,"win_rate":0.0,"timestamp":1610039034,"path_taken":["M","$","?","?","?","R","?","R","T","E","?","$","E","?","R","BOSS","M","?","?","M","?","E","R","E","T","$","R","M","R","?","R","BOSS","M","?","?","$","?","R","M","R","T","E","R","M","R","E"],"items_purchased_type":["Card","Card","Card","Card"],"build_version":"2020-12-22","purchased_purges":3,"victory":false,"max_hp_per_floor":[68,68,68,68,68,68,73,73,73,73,73,73,73,73,73,73,73,73,73,73,73,73,73,73,73,73,73,73,73,73,73,73,73,73,73,73,69,69,69,69,69,69,69,69,69,69,69,69,69],"card_choices":[{"not_picked":["ForeignInfluence","SashWhip"],"picked":"Fasting2","floor":1.0},{"not_picked":["WreathOfFlame","Sanctity"],"picked":"Evaluate","floor":10.0},{"not_picked":["BowlingBash","Evaluate"],"picked":"Prostrate","floor":11.0},{"not_picked":["EmptyFist","Collect"],"picked":"ClearTheMind","floor":13.0},{"not_picked":["Omniscience","Brilliance"],"picked":"DevaForm","floor":16.0},{"not_picked":["FlyingSleeves","Prostrate","CutThroughFate"],"picked":"SKIP","floor":18.0},{"not_picked":["JustLucky","BowlingBash","Tantrum"],"picked":"SKIP","floor":21.0},{"not_picked":["BowlingBash","ClearTheMind","CutThroughFate"],"picked":"SKIP","floor":23.0},{"not_picked":["Scrawl","Protect"],"picked":"Adaptation+1","floor":25.0},{"not_picked":["PathToVictory","BattleHymn","FearNoEvil"],"picked":"SKIP","floor":29.0},{"not_picked":["DevaForm","Establishment"],"picked":"DeusExMachina","floor":33.0},{"not_picked":["EmptyMind","EmptyFist","Consecrate"],"picked":"SKIP","floor":35.0},{"not_picked":["Swivel","ReachHeaven+1","Evaluate"],"picked":"SKIP","floor":41.0},{"not_picked":["EmptyMind","ClearTheMind","Worship"],"picked":"SKIP","floor":44.0},{"not_picked":["DeceiveReality+1","Protect","FlurryOfBlows"],"picked":"SKIP","floor":46.0}],"player_experience":769204,"relics_obtained":[{"floor":9.0,"key":"Girya"},{"floor":10.0,"key":"Bottled Tornado"},{"floor":11.0,"key":"Odd Mushroom"},{"floor":13.0,"key":"PreservedInsect"},{"floor":23.0,"key":"Pen Nib"},{"floor":25.0,"key":"Lantern"},{"floor":26.0,"key":"Mummified Hand"},{"floor":43.0,"key":"Blue Candle"},{"floor":44.0,"key":"Bottled Lightning"}],"event_choices":[{"damage_healed":0.0,"max_hp_gain":0.0,"max_hp_loss":0.0,"gold_gain":75.0,"event_name":"World of Goop","player_choice":"Gather Gold","floor":3.0,"gold_loss":0.0,"damage_taken":11.0},{"damage_healed":0.0,"max_hp_gain":0.0,"max_hp_loss":0.0,"gold_gain":0.0,"event_name":"Match and Keep!","player_choice":"1 cards matched","floor":4.0,"gold_loss":0.0,"damage_taken":0.0,"cards_obtained":["Ragnarok"]},{"cards_removed":["Defend_P"],"damage_healed":0.0,"max_hp_gain":0.0,"max_hp_loss":0.0,"gold_gain":0.0,"event_name":"Bonfire Elementals","player_choice":"Offered Basic","floor":5.0,"gold_loss":0.0,"damage_taken":0.0},{"damage_healed":0.0,"max_hp_gain":5.0,"max_hp_loss":0.0,"gold_gain":0.0,"event_name":"Big Fish","player_choice":"Donut","floor":7.0,"gold_loss":0.0,"damage_taken":0.0},{"damage_healed":0.0,"max_hp_gain":0.0,"max_hp_loss":0.0,"gold_gain":0.0,"event_name":"Mushrooms","player_choice":"Fought Mushrooms","floor":11.0,"gold_loss":0.0,"damage_taken":0.0},{"damage_healed":0.0,"max_hp_gain":0.0,"max_hp_loss":0.0,"gold_gain":50.0,"event_name":"Golden Shrine","player_choice":"Pray","floor":19.0,"gold_loss":0.0,"damage_taken":0.0},{"damage_healed":0.0,"max_hp_gain":0.0,"max_hp_loss":0.0,"gold_gain":0.0,"event_name":"The Library","player_choice":"Read","floor":20.0,"gold_loss":0.0,"damage_taken":0.0,"cards_obtained":["Tantrum"]},{"damage_healed":0.0,"max_hp_gain":0.0,"max_hp_loss":0.0,"gold_gain":50.0,"event_name":"Nest","player_choice":"Stole From Cult","floor":22.0,"gold_loss":0.0,"damage_taken":0.0},{"damage_healed":0.0,"max_hp_gain":0.0,"max_hp_loss":0.0,"gold_gain":0.0,"event_name":"Wheel of Change","player_choice":"Cursed","floor":31.0,"gold_loss":0.0,"damage_taken":0.0,"cards_obtained":["Decay"]},{"damage_healed":0.0,"max_hp_gain":0.0,"max_hp_loss":0.0,"gold_gain":0.0,"event_name":"Tomb of Lord Red Mask","player_choice":"Ignored","floor":36.0,"gold_loss":0.0,"damage_taken":0.0},{"damage_healed":0.0,"max_hp_gain":0.0,"max_hp_loss":4.0,"gold_gain":0.0,"event_name":"Winding Halls","player_choice":"Max HP","floor":37.0,"gold_loss":0.0,"damage_taken":0.0},{"cards_removed":["Eruption"],"damage_healed":0.0,"max_hp_gain":0.0,"max_hp_loss":0.0,"gold_gain":0.0,"event_name":"Falling","player_choice":"Removed Attack","floor":39.0,"gold_loss":0.0,"damage_taken":0.0}],"is_beta":false,"boss_relics":[{"not_picked":["Black Star","Velvet Choker"],"picked":"Astrolabe"},{"not_picked":["Runic Dome","Philosopher\u0027s Stone"],"picked":"SlaversCollar"}],"items_purged_floors":[2,27,38],"is_endless":false,"potions_floor_spawned":[1,10,25,29,44],"killed_by":"Reptomancer","ascension_level":15}}