{"host":"w05x4i13f2m9joq1","time":1610062836,"event":{"mods":["BaseMod","Colored Map","Colored Powertips","Googly Eyes","Marisa????????","Minty Spire (QoL Compilation)","StSLib","The Runesmith"],"gold_per_floor":[110,126,126,126,47,73,73,93,118,137,137,166,182,182,182,284,284,301,351,364,374,374,374,374,374],"floor_reached":24,"playtime":1445,"items_purged":[],"score":231,"play_id":"0aae0d4b-edd5-44ce-b62a-2404ac7463c8","local_time":"20210107184036","is_ascension_mode":false,"campfire_choices":[{"data":"Runesmith:CraftVitae","floor":7,"key":"SMITH"},{"floor":11,"key":"REST"},{"floor":15,"key":"REST"},{"floor":23,"key":"REST"}],"circlet_count":0,"master_deck":["Runesmith:Strike_RS","Runesmith:Strike_RS","Runesmith:Strike_RS","Runesmith:Strike_RS","Runesmith:Defend_RS","Runesmith:Defend_RS","Runesmith:Defend_RS+1","Runesmith:Defend_RS","Runesmith:CraftFirestone+1","Runesmith:Fortify","Runesmith:Reinforce","Runesmith:ShiftingStrike","Runesmith:CraftVitae+1","Runesmith:Malloc","Runesmith:HammerThrow","Runesmith:CraftIncendium","Runesmith:Firestorm","Runesmith:ChiselStab","Runesmith:DuctTape","Runesmith:UnstableHammer","Runesmith:CraftMedicinae","Runesmith:Firewall"],"relics":["Runesmith:BrokenRuby","NeowsBlessing","Bag of Preparation","Runesmith:MiniCore","PreservedInsect","Sozu"],"acts_visited":["Exordium","TheCity"],"potions_floor_usage":[12],"damage_taken":[{"damage":0,"enemies":"Small Slimes","floor":1,"turns":1},{"damage":0,"enemies":"Jaw Worm","floor":2,"turns":1},{"damage":0,"enemies":"Lagavulin","floor":6,"turns":1},{"damage":1,"enemies":"Cultist","floor":8,"turns":3},{"damage":8,"enemies":"Large Slime","floor":10,"turns":7},{"damage":29,"enemies":"Gremlin Nob","floor":12,"turns":5},{"damage":11,"enemies":"Looter","floor":13,"turns":3},{"damage":30,"enemies":"Slime Boss","floor":16,"turns":7},{"damage":18,"enemies":"Spheric Guardian","floor":18,"turns":6},{"damage":16,"enemies":"3 Byrds","floor":20,"turns":4},{"damage":35,"enemies":"Centurion and Healer","floor":21,"turns":6},{"damage":52,"enemies":"Gremlin Leader","floor":24,"turns":3}],"seed_played":"7999631456172026140","potions_obtained":[{"floor":1,"key":"Weak Potion"},{"floor":2,"key":"SteroidPotion"},{"floor":8,"key":"SkillPotion"},{"floor":13,"key":"LiquidMemories"}],"is_trial":false,"path_per_floor":["M","M","?","?","$","E","R","M","T","M","R","E","M","?","R","B",null,"M","?","M","M","?","R","E"],"character_chosen":"RUNESMITH_CLASS","items_purchased":["Runesmith:CraftVitae"],"campfire_rested":3,"item_purchase_floors":[5],"current_hp_per_floor":[70,70,56,56,56,56,56,55,55,47,68,39,28,51,70,40,70,52,52,36,1,24,45,0,0],"gold":374,"neow_bonus":"THREE_ENEMY_KILL","is_daily":false,"chose_seed":false,"campfire_upgraded":1,"win_rate":0.0,"timestamp":1610062836,"path_taken":["M","M","?","?","$","E","R","M","T","M","R","E","M","?","R","BOSS","M","?","?","M","?","R","E"],"items_purchased_type":["Card"],"build_version":"2020-12-22","purchased_purges":0,"victory":false,"max_hp_per_floor":[70,70,70,70,70,70,70,70,70,70,70,70,70,70,70,70,70,70,70,70,70,70,70,70,70],"card_choices":[{"not_picked":["Runesmith:HammerAndChisel","Runesmith:Grindstone"],"picked":"Runesmith:Reinforce","floor":1},{"not_picked":["Runesmith:EnergizedChisel","Runesmith:Overpower"],"picked":"Runesmith:ShiftingStrike","floor":2},{"not_picked":["Runesmith:Overpower","Runesmith:Accelerate"],"picked":"Runesmith:Malloc","floor":6},{"not_picked":["Runesmith:Reinforce","Runesmith:StaticCage"],"picked":"Runesmith:HammerThrow","floor":8},{"not_picked":["Runesmith:RuneHurl","Runesmith:FieryHammer"],"picked":"Runesmith:CraftIncendium","floor":10},{"not_picked":["Runesmith:CraftMagma","Runesmith:StaticCage"],"picked":"Runesmith:Firestorm","floor":12},{"not_picked":["Runesmith:UnstableHammer","Runesmith:MakeshiftArmor"],"picked":"Runesmith:ChiselStab","floor":13},{"not_picked":["Runesmith:GrandSlam","Runesmith:FissionHammer"],"picked":"Runesmith:DuctTape","floor":16},{"not_picked":["Runesmith:ShiftingStrike","Runesmith:RuneHurl"],"picked":"Runesmith:UnstableHammer","floor":18},{"not_picked":["Runesmith:Grindstone","Runesmith:BackupBattery"],"picked":"Runesmith:CraftMedicinae","floor":20},{"not_picked":["Runesmith:EarthShield","Runesmith:RuneHurl"],"picked":"Runesmith:Firewall","floor":21}],"player_experience":49239,"relics_obtained":[{"floor":6,"key":"Bag of Preparation"},{"floor":9,"key":"Runesmith:MiniCore"},{"floor":12,"key":"PreservedInsect"}],"event_choices":[{"damage_healed":0,"gold_gain":0,"player_choice":"Entered Light","damage_taken":14,"max_hp_gain":0,"max_hp_loss":0,"event_name":"Shining Light","floor":3,"gold_loss":0,"cards_upgraded":["Runesmith:Defend_RS","Runesmith:CraftFirestone"]},{"damage_healed":0,"gold_gain":0,"player_choice":"Ignored","damage_taken":0,"max_hp_gain":0,"max_hp_loss":0,"event_name":"Liars Game","floor":4,"gold_loss":0},{"damage_healed":23,"gold_gain":0,"player_choice":"Banana","damage_taken":0,"max_hp_gain":0,"max_hp_loss":0,"event_name":"Big Fish","floor":14,"gold_loss":0},{"damage_healed":0,"gold_gain":100,"player_choice":"Bet on Murderer","damage_taken":0,"max_hp_gain":0,"max_hp_loss":0,"event_name":"The Joust","floor":19,"gold_loss":50},{"damage_healed":23,"gold_gain":0,"player_choice":"Heal","damage_taken":0,"max_hp_gain":0,"max_hp_loss":0,"event_name":"The Library","floor":22,"gold_loss":0}],"is_beta":false,"boss_relics":[{"not_picked":["Fusion Hammer","Astrolabe"],"picked":"Sozu"}],"items_purged_floors":[],"is_endless":false,"potions_floor_spawned":[1,2,8,13,18,20],"killed_by":"Gremlin Leader","ascension_level":0}}