{"host":"yuhy0i501zzmn1iz","time":1610007007,"event":{"mods":["AchievementEnabler","AlwaysNeverKeys","BaseMod","Bestiary","Better Match","Better Third Choice","Curses Come First","Downfall","Minty Spire (QoL Compilation)","StSLib","The Blue Laboratory","slay the spire mod where everything is the same but ironclad has a cowboy hat"],"gold_per_floor":[115,290,290,290,35,35,53,84,164,164,164,184,210,210,210,311,311,330,344,418,428,439,75,94,119,119,130,130,162,162,261,261,359,359,372,372,594,640,80,80,106,134,179,179,194,194,207,226,226,226,226,226,46,72,72],"floor_reached":56,"playtime":2685,"items_purged":["Doubt","Scrape"],"score":1427,"play_id":"58846ce0-cb27-4d8e-b105-d5ff4a9d81a8","local_time":"20210107031007","is_ascension_mode":true,"campfire_choices":[{"data":"BootSequence","floor":11.0,"key":"SMITH"},{"floor":15.0,"key":"REST"},{"floor":28.0,"key":"REST"},{"floor":30.0,"key":"RECALL"},{"floor":32.0,"key":"REST"},{"data":"Gash","floor":40.0,"key":"PURGE"},{"data":"hexamod:Haunted","floor":44.0,"key":"PURGE"},{"floor":46.0,"key":"REST"},{"data":"Strike_B","floor":49.0,"key":"PURGE"},{"data":"Sunder","floor":52.0,"key":"PURGE"}],"circlet_count":0,"master_deck":["Strike_B","Strike_B","Strike_B","Defend_B","Defend_B","Defend_B","Zap","Dualcast","BootSequence+1","Apotheosis+1","Skim","Steam","Wallop","Devotion+1","Genetic Algorithm","Biased Cognition","Loop","Cold Snap+1","Compile Driver","Consume","Loop","Darkness","Defragment","Hologram","Lockon+1","Rainbow","Leap+1","Madness","Madness","Fusion+1","Electrodynamics","Seek","Barrage","Ball Lightning","Beam Cell","Creative AI","Redo+1","Loop","White Noise+1"],"relics":["Cracked Core","NeowsBlessing","Symbiotic Virus","StrikeDummy","Darkstone Periapt","White Beast Statue","WingedGreaves","Bottled Lightning","HornCleat","Inserter","Eternal Feather","Oddly Smooth Stone","Question Card","Incense Burner","Red Mask","Cursed Key","Peace Pipe","ClockworkSouvenir","Mango","Potion Belt","Sling","TungstenRod"],"acts_visited":["Exordium","TheCity","TheBeyond","TheEnding"],"potions_floor_usage":[55],"damage_taken":[{"damage":0.0,"enemies":"Small Slimes","floor":1.0,"turns":1.0},{"damage":0.0,"enemies":"2 Louse","floor":7.0,"turns":1.0},{"damage":0.0,"enemies":"Gremlin Nob","floor":8.0,"turns":1.0},{"damage":0.0,"enemies":"Cultist","floor":12.0,"turns":2.0},{"damage":38.0,"enemies":"3 Sentries","floor":13.0,"turns":9.0},{"damage":24.0,"enemies":"The Guardian","floor":16.0,"turns":7.0},{"damage":0.0,"enemies":"3 Byrds","floor":18.0,"turns":4.0},{"damage":0.0,"enemies":"Chosen","floor":19.0,"turns":4.0},{"damage":19.0,"enemies":"Snake Plant","floor":21.0,"turns":5.0},{"damage":1.0,"enemies":"Centurion and Healer","floor":22.0,"turns":5.0},{"damage":0.0,"enemies":"Snecko","floor":24.0,"turns":4.0},{"damage":22.0,"enemies":"Gremlin Leader","floor":25.0,"turns":5.0},{"damage":12.0,"enemies":"Shelled Parasite and Fungi","floor":27.0,"turns":5.0},{"damage":39.0,"enemies":"Masked Bandits","floor":29.0,"turns":4.0},{"damage":39.0,"enemies":"Collector","floor":33.0,"turns":6.0},{"damage":1.0,"enemies":"3 Shapes","floor":35.0,"turns":6.0},{"damage":5.0,"enemies":"2 Orb Walkers","floor":38.0,"turns":5.0},{"damage":23.0,"enemies":"Reptomancer","floor":41.0,"turns":4.0},{"damage":47.0,"enemies":"Nemesis","floor":42.0,"turns":7.0},{"damage":0.0,"enemies":"Orb Walker","floor":45.0,"turns":2.0},{"damage":0.0,"enemies":"4 Shapes","floor":47.0,"turns":4.0},{"damage":43.0,"enemies":"Writhing Mass","floor":48.0,"turns":4.0},{"damage":27.0,"enemies":"Donu and Deca","floor":50.0,"turns":7.0},{"damage":56.0,"enemies":"Shield and Spear","floor":54.0,"turns":5.0},{"damage":37,"enemies":"The Heart","floor":55,"turns":8}],"seed_played":"3692936378528372450","potions_obtained":[{"floor":1.0,"key":"Ancient Potion"},{"floor":7.0,"key":"FairyPotion"},{"floor":12.0,"key":"BlessingOfTheForge"},{"floor":13.0,"key":"FairyPotion"},{"floor":16.0,"key":"blueLaboratory:RelayPotion"},{"floor":29.0,"key":"Ancient Potion"},{"floor":38.0,"key":"PotionOfCapacity"},{"floor":42.0,"key":"blueLaboratory:NullPotion"},{"floor":45.0,"key":"blueLaboratory:PhilterOfMotion"},{"floor":47.0,"key":"FocusPotion"},{"floor":48.0,"key":"Dexterity Potion"},{"floor":54.0,"key":"hexamod:EctoCoolerPotion"}],"is_trial":false,"path_per_floor":["M","?","?","?","$","?","M","E","T","?","R","M","E","T","R","B",null,"M","M","T","M","M","$","M","E","T","M","R","?","R","?","R","B",null,"M","?","?","?","$","R","E","E","T","R","M","R","M","M","R","B",null,"R","$","E","B",null],"character_chosen":"DEFECT","items_purchased":["Symbiotic Virus","Consume","Oddly Smooth Stone","Loop","Electrodynamics","ClockworkSouvenir","Seek","Sling","Loop"],"campfire_rested":4,"item_purchase_floors":[5,23,23,23,39,39,39,53,53],"current_hp_per_floor":[75,75,80,80,80,80,80,80,80,42,42,42,4,4,28,4,80,80,80,80,61,60,60,60,38,38,26,65,26,41,41,80,41,80,79,69,69,64,64,80,71,24,30,51,51,100,100,57,78,51,100,100,100,44,7],"gold":72,"neow_bonus":"THREE_ENEMY_KILL","is_daily":false,"chose_seed":false,"campfire_upgraded":1,"win_rate":0.0,"timestamp":1610007007,"path_taken":["M","?","?","?","$","?","M","E","T","?","R","M","E","?","R","BOSS","M","M","?","M","M","$","M","E","T","M","R","?","R","?","R","BOSS","M","?","?","?","$","R","E","E","T","R","M","R","M","M","R","BOSS","R","$","E","BOSS"],"items_purchased_type":["Relic","Card","Relic","Card","Card","Relic","Card","Relic","Card"],"build_version":"2020-12-22","purchased_purges":2,"victory":true,"max_hp_per_floor":[75,75,80,80,80,80,80,80,80,80,80,80,80,80,80,80,80,80,80,80,80,80,80,80,80,80,80,80,80,80,80,80,80,80,80,80,80,80,80,80,94,94,100,100,100,100,100,100,100,100,100,100,100,100,100],"card_choices":[{"not_picked":["Stack","Streamline"],"picked":"BootSequence","floor":1.0},{"not_picked":["Leap","Beam Cell"],"picked":"Gash","floor":7.0},{"not_picked":["Rebound","Conserve Battery"],"picked":"Steam","floor":8.0},{"not_picked":["Steam","Go for the Eyes"],"picked":"Scrape","floor":12.0},{"not_picked":["Streamline","Force Field"],"picked":"Genetic Algorithm","floor":13.0},{"not_picked":["Seek","Machine Learning"],"picked":"Biased Cognition","floor":16.0},{"not_picked":["Leap","Compile Driver+1"],"picked":"Loop","floor":18.0},{"not_picked":["Rebound","Chill"],"picked":"Cold Snap+1","floor":19.0},{"not_picked":["Recycle","Leap"],"picked":"Compile Driver","floor":21.0},{"not_picked":["Skim","Ball Lightning"],"picked":"Sunder","floor":22.0},{"not_picked":["All For One","Scrape"],"picked":"Darkness","floor":24.0},{"not_picked":["BootSequence","Ball Lightning+1"],"picked":"Defragment","floor":25.0},{"not_picked":["Genetic Algorithm","Gash+1","Barrage"],"picked":"Hologram","floor":27.0},{"not_picked":["Barrage","Stack","Go for the Eyes"],"picked":"Lockon+1","floor":29.0},{"not_picked":["All For One","Seek","Thunder Strike"],"picked":"Rainbow","floor":33.0},{"not_picked":["Compile Driver","Rebound","Loop"],"picked":"Leap+1","floor":35.0},{"not_picked":["Compile Driver","Steam+1","Stack"],"picked":"Fusion+1","floor":38.0},{"not_picked":["Coolheaded+1","Fission","Go for the Eyes+1"],"picked":"Barrage","floor":41.0},{"not_picked":["Coolheaded","Go for the Eyes","Sunder"],"picked":"Ball Lightning","floor":42.0},{"not_picked":["Conserve Battery","Streamline+1","Coolheaded"],"picked":"Beam Cell","floor":45.0},{"not_picked":["Static Discharge+1","Go for the Eyes+1","Steam+1"],"picked":"Creative AI","floor":47.0},{"not_picked":["Fusion","Streamline","Stack"],"picked":"Redo+1","floor":48.0},{"not_picked":["Rip and Tear+1","Hologram","Defragment+1"],"picked":"White Noise+1","floor":54.0}],"player_experience":267971,"relics_obtained":[{"floor":8.0,"key":"StrikeDummy"},{"floor":9.0,"key":"Darkstone Periapt"},{"floor":13.0,"key":"Bottled Lightning"},{"floor":14.0,"key":"HornCleat"},{"floor":20.0,"key":"Eternal Feather"},{"floor":25.0,"key":"Question Card"},{"floor":26.0,"key":"Incense Burner"},{"floor":29.0,"key":"Red Mask"},{"floor":38.0,"key":"Peace Pipe"},{"floor":41.0,"key":"Mango"},{"floor":42.0,"key":"Potion Belt"},{"floor":54.0,"key":"TungstenRod"}],"event_choices":[{"damage_healed":0.0,"max_hp_gain":0.0,"max_hp_loss":0.0,"gold_gain":175.0,"event_name":"betterThird:BetterSerpent","player_choice":"AGREE","floor":2.0,"gold_loss":0.0,"damage_taken":115.0},{"damage_healed":0.0,"max_hp_gain":5.0,"max_hp_loss":0.0,"gold_gain":0.0,"event_name":"Big Fish","player_choice":"Donut","floor":3.0,"gold_loss":0.0,"damage_taken":0.0},{"damage_healed":80.0,"max_hp_gain":0.0,"max_hp_loss":80.0,"gold_gain":0.0,"event_name":"betterThird:BetterShining","player_choice":"Embrace","floor":4.0,"gold_loss":0.0,"damage_taken":0.0},{"damage_healed":0.0,"max_hp_gain":0.0,"max_hp_loss":0.0,"gold_gain":0.0,"cards_transformed":["Defend_B"],"event_name":"Living Wall","player_choice":"Change","floor":6.0,"gold_loss":0.0,"damage_taken":0.0,"cards_obtained":["Skim"]},{"damage_healed":0.0,"max_hp_gain":0.0,"max_hp_loss":0.0,"gold_gain":0.0,"event_name":"Masked Bandits","player_choice":"Fought Bandits","floor":29.0,"gold_loss":0.0,"damage_taken":0.0},{"damage_healed":0.0,"max_hp_gain":0.0,"max_hp_loss":0.0,"gold_gain":99.0,"event_name":"betterThird:BetterNest","player_choice":"Steal","floor":31.0,"gold_loss":0.0,"damage_taken":0.0},{"damage_healed":0.0,"max_hp_gain":0.0,"max_hp_loss":0.0,"gold_gain":0.0,"event_name":"Winding Halls","player_choice":"Embrace Madness","floor":36.0,"gold_loss":0.0,"damage_taken":10.0,"cards_obtained":["Madness","Madness"]},{"damage_healed":0.0,"max_hp_gain":0.0,"max_hp_loss":0.0,"gold_gain":222.0,"event_name":"Tomb of Lord Red Mask","player_choice":"Wore Mask","floor":37.0,"gold_loss":0.0,"damage_taken":0.0},{"damage_healed":0.0,"max_hp_gain":0.0,"max_hp_loss":0.0,"gold_gain":0.0,"event_name":"Mysterious Sphere","player_choice":"Fight","floor":38.0,"gold_loss":0.0,"damage_taken":0.0}],"is_beta":false,"boss_relics":[{"not_picked":["Snecko Eye","Astrolabe"],"picked":"Inserter"},{"not_picked":["Runic Dome","Runic Pyramid"],"picked":"Cursed Key"}],"items_purged_floors":[23,39],"is_endless":false,"potions_floor_spawned":[1,7,12,13,16,18,19,21,22,24,25,27,29,33,35,38,41,42,45,47,48,54],"ascension_level":2}}