{"host":"t5s60ss6drvva5tc","time":1610059029,"event":{"mods":["BaseMod","Colored Map","Colored Powertips","Minty Spire (QoL Compilation)"],"gold_per_floor":[110,122,72,147,162,190,207,238,238,257,287,351,351,370,370,370,370],"floor_reached":16,"playtime":875,"items_purged":[],"score":147,"play_id":"1fc4f018-52db-4642-84fe-85817671e872","local_time":"20210108013709","is_ascension_mode":false,"campfire_choices":[{"floor":13,"key":"REST"},{"floor":15,"key":"REST"}],"circlet_count":0,"master_deck":["Strike_R","Strike_R","Strike_R","Strike_R","Strike_R","Defend_R","Defend_R","Defend_R","Bash","Feed","Thunderclap","Shrug It Off","Battle Trance","Reaper","Bloodletting+1","Flex+1","Spot Weakness+1","Pommel Strike"],"relics":["Burning Blood","Toxic Egg 2","Mummified Hand","Mercury Hourglass","HornCleat"],"acts_visited":["Exordium"],"potions_floor_usage":[8,11],"damage_taken":[{"damage":4,"enemies":"Small Slimes","floor":1,"turns":3},{"damage":3,"enemies":"Jaw Worm","floor":2,"turns":4},{"damage":1,"enemies":"2 Louse","floor":5,"turns":3},{"damage":34,"enemies":"Gremlin Nob","floor":6,"turns":5},{"damage":26,"enemies":"Blue Slaver","floor":7,"turns":4},{"damage":43,"enemies":"3 Sentries","floor":8,"turns":9},{"damage":3,"enemies":"Lots of Slimes","floor":10,"turns":2},{"damage":25,"enemies":"Lagavulin","floor":11,"turns":6},{"damage":16,"enemies":"Large Slime","floor":14,"turns":4},{"damage":74,"enemies":"The Guardian","floor":16,"turns":9}],"seed_played":"-4679331935666289063","potions_obtained":[{"floor":5,"key":"Ancient Potion"},{"floor":7,"key":"Energy Potion"},{"floor":10,"key":"PowerPotion"},{"floor":14,"key":"Dexterity Potion"}],"is_trial":false,"path_per_floor":["M","M","?","?","M","E","M","E","T","M","E","?","R","M","R","B"],"character_chosen":"IRONCLAD","items_purchased":[],"campfire_rested":2,"item_purchase_floors":[],"current_hp_per_floor":[83,86,86,75,83,55,39,17,17,23,8,8,36,37,66,0,0],"gold":370,"neow_bonus":"ONE_RANDOM_RARE_CARD","is_daily":false,"chose_seed":false,"campfire_upgraded":0,"win_rate":0.0,"timestamp":1610059029,"path_taken":["M","M","?","?","M","E","M","E","T","M","E","?","R","?","R","BOSS"],"items_purchased_type":[],"build_version":"2020-12-22","purchased_purges":0,"victory":false,"max_hp_per_floor":[83,86,86,86,89,89,89,92,92,95,95,95,95,98,98,98,98],"card_choices":[{"not_picked":["Dual Wield","Anger"],"picked":"Thunderclap","floor":1},{"not_picked":["Twin Strike","Burning Pact"],"picked":"Shrug It Off","floor":2},{"not_picked":["Rupture","Clash"],"picked":"Battle Trance","floor":5},{"not_picked":["Armaments+1","Flex+1"],"picked":"Reaper","floor":6},{"not_picked":["Clothesline","Flex+1"],"picked":"Bloodletting+1","floor":7},{"not_picked":["Shrug It Off+1","Burning Pact+1","Berserk"],"picked":"SKIP","floor":8},{"not_picked":["Shrug It Off+1","Clash"],"picked":"Flex+1","floor":10},{"not_picked":["Anger","Seeing Red+1"],"picked":"Spot Weakness+1","floor":11},{"not_picked":["Iron Wave","Clash"],"picked":"Pommel Strike","floor":14}],"player_experience":4920,"relics_obtained":[{"floor":6,"key":"Toxic Egg 2"},{"floor":8,"key":"Mummified Hand"},{"floor":9,"key":"Mercury Hourglass"},{"floor":11,"key":"HornCleat"}],"event_choices":[{"cards_removed":["Defend_R"],"damage_healed":0,"gold_gain":0,"player_choice":"Card Removal","damage_taken":0,"max_hp_gain":0,"max_hp_loss":0,"event_name":"The Cleric","floor":3,"gold_loss":50},{"damage_healed":0,"gold_gain":75,"player_choice":"Gather Gold","damage_taken":11,"max_hp_gain":0,"max_hp_loss":0,"event_name":"World of Goop","floor":4,"gold_loss":0},{"damage_healed":0,"gold_gain":64,"player_choice":"Gained Gold","damage_taken":0,"max_hp_gain":0,"max_hp_loss":0,"event_name":"Golden Wing","floor":12,"gold_loss":0}],"is_beta":false,"boss_relics":[],"items_purged_floors":[],"is_endless":false,"potions_floor_spawned":[5,7,10,14],"killed_by":"The Guardian","ascension_level":0}}