{"host":"j3h0p3l2xgzxhnx7","time":1610022592,"event":{"mods":["BaseMod","Luminous","Marisa????????","Minty Spire (QoL Compilation)","Remilia??????","StSLib","The Bug Knight","The Cursed","The Servant 0.9.4"],"gold_per_floor":[116,62,72,82,98,133,308,308,386,402,402,402,402],"floor_reached":12,"playtime":547,"items_purged":[],"score":92,"play_id":"292eaf85-848a-4c9c-b4de-1e8fcbae7a68","local_time":"20210107202952","is_ascension_mode":true,"campfire_choices":[{"floor":8,"key":"REST"},{"data":"Sabotage","floor":11,"key":"SMITH"}],"circlet_count":0,"master_deck":["Strike_S","Strike_S","Strike_S","Strike_S","Defend_S","Defend_S","Defend_S","Defend_S","KidneyShot","Exchange","Defy","FastForward","Starlight","MoonPhase","GearUp","Alleviate","Doubt","Sabotage+1"],"relics":["Uniform","Unceasing Top","HollowMod:QueensCombRelic","Mummified Hand"],"acts_visited":["Exordium"],"potions_floor_usage":[6,12],"damage_taken":[{"damage":0,"enemies":"Cultist","floor":1,"turns":3},{"damage":5,"enemies":"Jaw Worm","floor":3,"turns":5},{"damage":3,"enemies":"2 Louse","floor":4,"turns":4},{"damage":5,"enemies":"2 Fungi Beasts","floor":5,"turns":5},{"damage":36,"enemies":"Gremlin Nob","floor":6,"turns":7},{"damage":0,"enemies":"Blue Slaver","floor":10,"turns":6},{"damage":43,"enemies":"Lagavulin","floor":12,"turns":13}],"seed_played":"-229161035664791754","potions_obtained":[{"floor":4,"key":"SkillPotion"},{"floor":10,"key":"EssenceOfSteel"}],"is_trial":false,"path_per_floor":["M","$","M","M","M","E","?","R","T","M","R","E"],"character_chosen":"THE_SERVANT","items_purchased":["FastForward"],"campfire_rested":1,"item_purchase_floors":[2],"current_hp_per_floor":[59,59,54,51,46,10,10,21,21,38,38,0,0],"gold":402,"neow_bonus":"ONE_RARE_RELIC","is_daily":false,"chose_seed":false,"campfire_upgraded":1,"win_rate":0.0,"timestamp":1610022592,"path_taken":["M","?","M","M","M","E","?","R","T","M","R","E"],"items_purchased_type":["Card"],"build_version":"2020-12-22","purchased_purges":0,"victory":false,"max_hp_per_floor":[59,59,59,59,59,38,38,38,38,38,38,38,38],"card_choices":[{"not_picked":["ShatteredReality","Foresight"],"picked":"Defy","floor":1},{"not_picked":["FastForward","Misdirection"],"picked":"Starlight","floor":3},{"not_picked":["TimeWarp","Shuttle"],"picked":"MoonPhase","floor":4},{"not_picked":["Desolation","Rearm"],"picked":"GearUp","floor":5},{"not_picked":["Foresight","Unruled"],"picked":"Alleviate","floor":6},{"not_picked":["Defy","TimeWarp"],"picked":"Sabotage","floor":10}],"player_experience":96605,"relics_obtained":[{"floor":6,"key":"HollowMod:QueensCombRelic"},{"floor":9,"key":"Mummified Hand"}],"event_choices":[{"damage_healed":0,"gold_gain":175,"player_choice":"AGREE","damage_taken":0,"max_hp_gain":0,"max_hp_loss":0,"event_name":"Liars Game","floor":7,"gold_loss":0,"cards_obtained":["Doubt"]}],"is_beta":false,"boss_relics":[],"items_purged_floors":[],"is_endless":false,"potions_floor_spawned":[4,10],"killed_by":"Lagavulin","ascension_level":3}}