{"host":"kabf61oc9jgfwufg","time":1610030359,"event":{"mods":["AchievementEnabler","Act Like it!","Aspiration","BaseMod","Conspire","GifTheSpireLib","Halation","HexUI Lib","Hubris","Infinite Spire","Minty Spire (QoL Compilation)","Quick Restart","Rare Cards Sparkle","Replay The Spire","Shop Mod","StSLib","Waifu the Spire"],"gold_per_floor":[117,133,133,133,133,133,143,153,153,164,184,184,184,32,32,127,127,141,152,77,121,136,136,153,153,178,178,178,178,202,214,229,241,241,342,342,354,9,19,19,119,119,119,13,13,33,33,62,80,94,94,94],"floor_reached":53,"playtime":2063,"items_purged":["Strike_G","Defend_G"],"score":731,"play_id":"ba08c900-e93f-44ec-bd69-8066f51a7176","local_time":"20210107143919","is_ascension_mode":false,"campfire_choices":[{"data":"infinitespire:Gouge+2","floor":6,"key":"SMITH"},{"data":"infinitespire:Gouge+3","floor":13,"key":"SMITH"},{"data":"infinitespire:Gouge+4","floor":23,"key":"SMITH"},{"data":"Neutralize","floor":25,"key":"SMITH"},{"floor":34,"key":"REST"},{"data":"infinitespire:Gouge+5","floor":43,"key":"SMITH"},{"data":"infinitespire:Gouge+6","floor":51,"key":"SMITH"}],"circlet_count":0,"master_deck":["infinitespire:Gouge+7","Strike_G","Strike_G","Strike_G","Defend_G","Defend_G","Defend_G","Defend_G","Survivor","Neutralize+1","Bane","Calculated Gamble","Cloak And Dagger","Deadly Poison+1","Slice","After Image","infinitespire:TheBestDefense","Decay","Slice"],"relics":["Busted Crown","conspire:InfiniteJournal","hubris:MysteriousPyramids","Bottled Flame","conspire:RunicOctahedron","Ice Cream","aspiration:Lifesprig","SlaversCollar","Vajra","MerchantsRug","hubris:Towel","aspiration:PoetsPen_weak","Singing Bowl","Lantern","Counterbalance"],"acts_visited":["Exordium","TheCity","TheBeyond"],"potions_floor_usage":[16,16,32,33,35,52,52],"damage_taken":[{"damage":0,"enemies":"Small Slimes","floor":1,"turns":3},{"damage":0,"enemies":"2 Louse","floor":2,"turns":2},{"damage":4,"enemies":"Cultist","floor":7,"turns":3},{"damage":0,"enemies":"Exordium Wildlife","floor":8,"turns":3},{"damage":0,"enemies":"Large Slime","floor":10,"turns":3},{"damage":2,"enemies":"Exordium Thugs","floor":11,"turns":3},{"damage":54,"enemies":"Slime Boss","floor":16,"turns":12},{"damage":0,"enemies":"Spheric Guardian","floor":18,"turns":2},{"damage":4,"enemies":"2 Thieves","floor":19,"turns":3},{"damage":26,"enemies":"conspire:MimicChest","floor":21,"turns":6},{"damage":6,"enemies":"Centurion and Healer","floor":22,"turns":5},{"damage":4,"enemies":"Chosen and Byrds","floor":24,"turns":5},{"damage":0,"enemies":"Snake Plant","floor":31,"turns":2},{"damage":8,"enemies":"Centurion and Healer","floor":32,"turns":3},{"damage":1,"enemies":"Snecko","floor":33,"turns":3},{"damage":24,"enemies":"hubris:MusketHawk","floor":35,"turns":5},{"damage":9,"enemies":"3 Darklings","floor":37,"turns":5},{"damage":8,"enemies":"3 Shapes","floor":39,"turns":5},{"damage":0,"enemies":"Jaw Worm Horde","floor":46,"turns":2},{"damage":1,"enemies":"Giant Head","floor":48,"turns":3},{"damage":0,"enemies":"Spire Growth","floor":49,"turns":2},{"damage":0,"enemies":"Writhing Mass","floor":50,"turns":1},{"damage":25,"enemies":"Time Eater","floor":52,"turns":6}],"seed_played":"4199264312944238048","potions_obtained":[{"floor":2,"key":"Poison Potion"},{"floor":11,"key":"Elixir"},{"floor":22,"key":"Poison Potion"},{"floor":24,"key":"Milkshake"},{"floor":31,"key":"Fire Potion"},{"floor":33,"key":"Death Potion"},{"floor":39,"key":"LiquidBronze"},{"floor":46,"key":"EssenceOfSteel"}],"is_trial":false,"path_per_floor":["M","M","?","?","?","R","M","M","T","M","M","T","R","$","R","B",null,"M","M","?","?","M","R","M","R","T","PTL","PTL","?","T","M","M","M","R","B",null,"M","$","M","?","?","AVR","R","$","T","M","?","E","M","M","R","B",null],"character_chosen":"THE_SILENT","items_purchased":["halation:Sosunser","Vajra","MerchantsRug","Singing Bowl"],"campfire_rested":1,"item_purchase_floors":[14,38,38,44],"current_hp_per_floor":[70,70,67,72,72,72,68,68,68,68,66,66,66,66,66,12,75,75,71,71,45,39,39,35,35,35,35,35,35,35,35,27,26,48,24,75,66,66,58,58,58,58,58,58,58,60,60,59,61,63,63,38],"gold":94,"neow_bonus":"BOSS_RELIC","is_daily":false,"chose_seed":false,"campfire_upgraded":6,"win_rate":0.0,"timestamp":1610030359,"path_taken":["M","M","?","?","?","R","M","M","T","M","?","?","R","$","R","BOSS","M","M","?","?","?","R","M","R","T","PTL","PTL","?","?","M","M","M","R","BOSS","M","$","M","?","?","AVR","R","$","T","?","?","E","M","M","R","BOSS"],"items_purchased_type":["Relic","Relic","Relic","Relic"],"build_version":"2020-12-22","purchased_purges":2,"victory":true,"max_hp_per_floor":[70,70,70,75,75,75,75,75,75,75,75,75,75,75,75,75,75,75,75,75,75,75,75,75,75,75,75,75,75,75,75,75,75,75,75,75,75,75,75,75,75,75,75,75,75,77,77,77,79,81,81,81],"card_choices":[{"not_picked":[],"picked":"Bane","floor":1},{"not_picked":["Outmaneuver"],"picked":"SKIP","floor":2},{"not_picked":[],"picked":"Calculated Gamble","floor":7},{"not_picked":["Predator"],"picked":"SKIP","floor":8},{"not_picked":[],"picked":"Cloak And Dagger","floor":10},{"not_picked":["Backflip"],"picked":"SKIP","floor":11},{"not_picked":["Underhanded Strike"],"picked":"SKIP","floor":18},{"not_picked":["ReplayTheSpireMod:Speed Training"],"picked":"SKIP","floor":19},{"not_picked":["Dagger Throw"],"picked":"SKIP","floor":22},{"not_picked":["PiercingWail"],"picked":"SKIP","floor":24},{"not_picked":[],"picked":"Deadly Poison+1","floor":31},{"not_picked":["Underhanded Strike"],"picked":"SKIP","floor":32},{"not_picked":[],"picked":"Slice","floor":33},{"not_picked":[],"picked":"After Image","floor":35},{"not_picked":["Noxious Fumes+1"],"picked":"SKIP","floor":37},{"not_picked":["Noxious Fumes+1"],"picked":"SKIP","floor":37},{"not_picked":["Acrobatics"],"picked":"SKIP","floor":39},{"not_picked":["Deflect"],"picked":"Singing Bowl","floor":46},{"not_picked":[],"picked":"Slice","floor":48},{"not_picked":["Riddle With Holes+1"],"picked":"Singing Bowl","floor":49},{"not_picked":["Poisoned Stab+1"],"picked":"Singing Bowl","floor":50}],"player_experience":59007,"relics_obtained":[{"floor":9,"key":"hubris:MysteriousPyramids"},{"floor":12,"key":"Bottled Flame"},{"floor":21,"key":"Ice Cream"},{"floor":26,"key":"aspiration:Lifesprig"},{"floor":30,"key":"aspiration:VileToxins"},{"floor":45,"key":"Lantern"},{"floor":48,"key":"Counterbalance"}],"event_choices":[{"damage_healed":0,"gold_gain":0,"player_choice":"Success","damage_taken":3,"relics_obtained":["conspire:InfiniteJournal"],"max_hp_gain":0,"max_hp_loss":0,"event_name":"Scrap Ooze","floor":3,"gold_loss":0},{"damage_healed":0,"gold_gain":0,"player_choice":"Donut","damage_taken":0,"max_hp_gain":5,"max_hp_loss":0,"event_name":"Big Fish","floor":4,"gold_loss":0},{"damage_healed":0,"gold_gain":0,"player_choice":"Forge","damage_taken":0,"max_hp_gain":0,"max_hp_loss":0,"event_name":"Accursed Blacksmith","floor":5,"gold_loss":0,"cards_upgraded":["infinitespire:Gouge"]},{"cards_removed":["Strike_G"],"damage_healed":0,"gold_gain":0,"player_choice":"Gave Gold","damage_taken":0,"max_hp_gain":0,"max_hp_loss":0,"event_name":"Beggar","floor":20,"gold_loss":75},{"damage_healed":0,"gold_gain":100,"player_choice":"Pray","damage_taken":0,"max_hp_gain":0,"max_hp_loss":0,"event_name":"Golden Shrine","floor":41,"gold_loss":0},{"damage_healed":0,"gold_gain":0,"player_choice":"Cursed","damage_taken":0,"max_hp_gain":0,"max_hp_loss":0,"event_name":"Wheel of Change","floor":47,"gold_loss":0,"cards_obtained":["Decay"]}],"is_beta":false,"boss_relics":[{"not_picked":["conspire:SeveredTorchhead","hubris:ScarierMask"],"picked":"conspire:RunicOctahedron"},{"not_picked":["Velvet Choker","halation:HeavySnake"],"picked":"SlaversCollar"}],"items_purged_floors":[38,42],"is_endless":false,"potions_floor_spawned":[2,11,22,24,31,33,39,46,48],"ascension_level":0}}