{"host":"ig7tc0uedzltt2sr","time":1610004128,"event":{"mods":["BaseMod","Better Twitch Integration","Block Reminder","Colored Map","Colored Powertips","Communication Mod","Current Relic Mod","GifTheSpireLib","HexUI Lib","Minty Spire (QoL Compilation)","Quick Restart","Random Character Button","Rare Cards Sparkle","Relic Sorter","Relic Stats","Slay the Relics Exporter","StSLib","SuperFastMode","Synergy Search","Twitch Decklist","Twitch Utils","everything is the same but u backflip on backflip","slay the spire mod where everything is the same but ironclad has a cowboy hat"],"gold_per_floor":[111,12,23,98,98,98,98],"floor_reached":6,"playtime":56,"items_purged":[],"score":34,"play_id":"557a6ed7-bbd6-4b04-a914-fc4b6c4a0e4c","local_time":"20210106232208","is_ascension_mode":false,"campfire_choices":[],"circlet_count":0,"master_deck":["Strike_R","Strike_R","Strike_R","Strike_R","Strike_R","Defend_R","Defend_R","Defend_R","Bash","Warcry","Clothesline","Headbutt"],"relics":["Burning Blood","MealTicket"],"acts_visited":["Exordium"],"potions_floor_usage":[],"damage_taken":[{"damage":7,"enemies":"Small Slimes","floor":1,"turns":8},{"damage":7,"enemies":"2 Louse","floor":3,"turns":5},{"damage":69,"enemies":"3 Sentries","floor":6,"turns":8}],"seed_played":"2161641430357268095","potions_obtained":[{"floor":3,"key":"Dexterity Potion"}],"is_trial":false,"path_per_floor":["M","$","M","?","?","E"],"character_chosen":"IRONCLAD","items_purchased":["Warcry","Clothesline"],"campfire_rested":0,"item_purchase_floors":[2,2],"current_hp_per_floor":[79,80,79,68,68,0,0],"gold":98,"neow_bonus":"RANDOM_COMMON_RELIC","is_daily":false,"chose_seed":false,"campfire_upgraded":0,"win_rate":0.0,"timestamp":1610004128,"path_taken":["M","$","M","?","?","E"],"items_purchased_type":["Card","Card"],"build_version":"2020-12-22","purchased_purges":0,"victory":false,"max_hp_per_floor":[80,80,80,80,80,80,80],"relic_stats":{"counters":[3,21],"MealTicket":1,"obtain_stats":[{"MealTicket":0,"Burning Blood":0},{"MealTicket":0,"Burning Blood":0},{"MealTicket":0,"Burning Blood":0}],"Burning Blood":12},"card_choices":[{"not_picked":["True Grit","Bloodletting","Whirlwind"],"picked":"SKIP","floor":1},{"not_picked":["Body Slam","Sever Soul"],"picked":"Headbutt","floor":3}],"player_experience":1453081,"relics_obtained":[],"event_choices":[{"damage_healed":0,"gold_gain":75,"player_choice":"Gather Gold","damage_taken":11,"max_hp_gain":0,"max_hp_loss":0,"event_name":"World of Goop","floor":4,"gold_loss":0},{"cards_removed":["Defend_R"],"damage_healed":0,"gold_gain":0,"player_choice":"Forget","damage_taken":0,"max_hp_gain":0,"max_hp_loss":0,"event_name":"Living Wall","floor":5,"gold_loss":0}],"is_beta":false,"boss_relics":[],"items_purged_floors":[],"is_endless":false,"potions_floor_spawned":[3],"killed_by":"3 Sentries","ascension_level":0}}