{"host":"j61pjxqytd94o6ng","time":1610049596,"event":{"mods":["BaseMod","Bestiary","Colored Map","Colored Powertips","Curses Come First","Minty Spire (QoL Compilation)","StSLib"],"gold_per_floor":[118,128,146,146,166,166,181,191,216,216,216],"floor_reached":10,"playtime":1332,"items_purged":[],"score":109,"play_id":"95d05a21-6385-4899-86ad-b7133963fb53","local_time":"20210107125956","is_ascension_mode":true,"campfire_choices":[{"data":"Malaise","floor":6,"key":"SMITH"}],"circlet_count":0,"master_deck":["AscendersBane","Strike_G","Strike_G","Strike_G","Strike_G","Strike_G","Defend_G","Defend_G","Defend_G","Defend_G","Defend_G","Survivor","Neutralize","Malaise+1","Sucker Punch","Infinite Blades","Noxious Fumes","Poisoned Stab","Backflip","Blade Dance"],"relics":["Ring of the Snake","Matryoshka","Regal Pillow","Blood Vial"],"acts_visited":["Exordium"],"potions_floor_usage":[3],"damage_taken":[{"damage":4,"enemies":"Jaw Worm","floor":1,"turns":7},{"damage":4,"enemies":"Small Slimes","floor":2,"turns":5},{"damage":4,"enemies":"Cultist","floor":3,"turns":3},{"damage":7,"enemies":"Looter","floor":5,"turns":5},{"damage":1,"enemies":"Large Slime","floor":7,"turns":6},{"damage":4,"enemies":"Blue Slaver","floor":8,"turns":5},{"damage":26,"enemies":"3 Sentries","floor":10,"turns":5}],"seed_played":"2375448212632637889","potions_obtained":[{"floor":2,"key":"SteroidPotion"},{"floor":5,"key":"SteroidPotion"}],"is_trial":false,"path_per_floor":["M","M","M","?","M","R","M","M","T","E"],"character_chosen":"THE_SILENT","items_purchased":[],"campfire_rested":0,"item_purchase_floors":[],"current_hp_per_floor":[55,51,47,36,29,29,28,24,24,0,0],"gold":216,"neow_bonus":"ONE_RANDOM_RARE_CARD","is_daily":false,"chose_seed":false,"campfire_upgraded":1,"win_rate":0.0,"timestamp":1610049596,"path_taken":["M","M","M","?","M","R","M","M","T","E"],"items_purchased_type":[],"build_version":"2020-12-22","purchased_purges":0,"victory":false,"max_hp_per_floor":[66,66,66,66,66,66,66,66,66,66,66],"card_choices":[{"not_picked":["Quick Slash","Eviscerate"],"picked":"Sucker Punch","floor":1},{"not_picked":["Underhanded Strike","Quick Slash"],"picked":"Infinite Blades","floor":2},{"not_picked":["Blade Dance","Slice"],"picked":"Noxious Fumes","floor":3},{"not_picked":["Backstab","Well Laid Plans"],"picked":"Poisoned Stab","floor":5},{"not_picked":["Concentrate","Prepared"],"picked":"Backflip","floor":7},{"not_picked":["Reflex","Phantasmal Killer"],"picked":"Blade Dance","floor":8}],"player_experience":489315,"relics_obtained":[{"floor":9,"key":"Regal Pillow"},{"floor":9,"key":"Blood Vial"}],"event_choices":[{"damage_healed":0,"gold_gain":0,"player_choice":"Success","damage_taken":11,"relics_obtained":["Matryoshka"],"max_hp_gain":0,"max_hp_loss":0,"event_name":"Scrap Ooze","floor":4,"gold_loss":0}],"is_beta":false,"boss_relics":[],"items_purged_floors":[],"is_endless":false,"potions_floor_spawned":[2,5],"killed_by":"3 Sentries","ascension_level":15}}