{"host":"69bxgjr0sv0a6xc4","time":1610045218,"event":{"mods":["Act Like it!","BaseMod","Better Altar","Better Match","Better Note","Better Sensory Stone","Better Skull","Better Third Choice","BetterRewards","DeckTracker","Friendly Minions","Jorbs\u0027s Wanderer Trilogy","Lobotomy","LobotomyExtend","Minty Spire (QoL Compilation)","Relic Stats","Spicy Shops","StSLib","The Bladedancer","Unceasing Turn Reminder"],"gold_per_floor":[274,293,14,14,27,53,53,53,105,105,135,85,97,113,113,185,185,202,219,219,234,234,234],"floor_reached":22,"playtime":6686,"items_purged":["Strike_G"],"score":518,"play_id":"baf24f22-204a-41e7-abc6-72043d6b9616","local_time":"20210107194658","is_ascension_mode":true,"campfire_choices":[{"data":"Catalyst","floor":8,"key":"SMITH"},{"data":"Neutralize","floor":10,"key":"SMITH"},{"data":"Footwork","floor":15,"key":"SMITH"}],"circlet_count":0,"master_deck":["AscendersBane","Strike_G","Strike_G","Strike_G","Defend_G","Defend_G","Defend_G","Defend_G","Defend_G","Survivor","Neutralize+1","QueenOfHatred","Bouncing Flask+1","Deflect","BlueStar","Catalyst+1","UniverseFragment","Blur","Footwork+1","Deadly Poison","MeatLantern","Writhe"],"relics":["Ring of the Snake","CogitoBucket","LetterFromLob","Blood Vial","PreservedInsect","Anchor","Happy Flower","Smiling Mask","SkinProphecy","Busted Crown","Vajra","BehaviorAdjustment"],"acts_visited":["Exordium","TheCity"],"potions_floor_usage":[6],"damage_taken":[{"damage":8,"enemies":"2 Louse","floor":1,"turns":4},{"damage":3,"enemies":"Cultist","floor":2,"turns":4},{"damage":7,"enemies":"Jaw Worm","floor":5,"turns":4},{"damage":0,"enemies":"Gremlin Nob","floor":6,"turns":3},{"damage":0,"enemies":"3 Sentries","floor":11,"turns":5},{"damage":3,"enemies":"Lots of Slimes","floor":13,"turns":5},{"damage":0,"enemies":"Gremlin Gang","floor":14,"turns":3},{"damage":0,"enemies":"Slime Boss","floor":16,"turns":6},{"damage":0,"enemies":"2 Thieves","floor":18,"turns":4},{"damage":0,"enemies":"Spheric Guardian","floor":19,"turns":3},{"damage":70,"enemies":"3 Cultists","floor":21,"turns":5},{"damage":41,"enemies":"Snake Plant","floor":22,"turns":1}],"seed_played":"-7118275507030910280","potions_obtained":[{"floor":2,"key":"Block Potion"},{"floor":14,"key":"FearPotion"},{"floor":18,"key":"LiquidMemories"},{"floor":21,"key":"DistilledChaos"}],"is_trial":false,"path_per_floor":["M","M","$","?","M","E","?","R","T","R","E","$","M","M","R","B",null,"M","M","?","M","M"],"character_chosen":"THE_SILENT","items_purchased":["Blood Vial","PreservedInsect","Deflect"],"campfire_rested":0,"item_purchase_floors":[3,3,3],"current_hp_per_floor":[51,57,57,57,58,66,66,66,66,66,66,66,66,68,68,70,70,71,74,74,6,0,0],"gold":234,"neow_bonus":"","is_daily":false,"chose_seed":false,"campfire_upgraded":3,"win_rate":0.0,"timestamp":1610045218,"path_taken":["M","M","$","?","?","E","?","R","T","R","E","$","?","M","R","BOSS","M","M","?","M","M"],"items_purchased_type":["Relic","Relic","Card"],"build_version":"2020-12-22","purchased_purges":1,"victory":false,"max_hp_per_floor":[66,66,66,66,66,66,66,66,66,66,66,66,66,68,68,70,70,72,74,74,78,80,80],"relic_stats":{"Blood Vial":18,"Busted Crown":14,"Happy Flower":[11],"counters":[14,49],"PreservedInsect":54,"Smiling Mask":25,"obtain_stats":[{"Blood Vial":3,"CogitoBucket":0,"Anchor":6,"Busted Crown":17,"Happy Flower":9,"Vajra":20,"PreservedInsect":3,"BehaviorAdjustment":21,"LetterFromLob":1,"SkinProphecy":13,"Smiling Mask":11,"Ring of the Snake":0},{"Blood Vial":2,"CogitoBucket":0,"Anchor":4,"Busted Crown":9,"Happy Flower":4,"Vajra":11,"PreservedInsect":2,"BehaviorAdjustment":13,"LetterFromLob":1,"SkinProphecy":7,"Smiling Mask":5,"Ring of the Snake":0},{"Blood Vial":8,"CogitoBucket":0,"Anchor":15,"Busted Crown":35,"Happy Flower":15,"Vajra":42,"PreservedInsect":8,"BehaviorAdjustment":48,"LetterFromLob":4,"SkinProphecy":26,"Smiling Mask":20,"Ring of the Snake":0}],"Ring of the Snake":[28]},"card_choices":[{"not_picked":["ShyLook","SnowQueen"],"picked":"QueenOfHatred","floor":1},{"not_picked":["Sucker Punch","Choke"],"picked":"Bouncing Flask","floor":1},{"not_picked":["A Thousand Cuts","Cloak And Dagger","PiercingWail"],"picked":"SKIP","floor":2},{"not_picked":["OldLady","FairyFestival"],"picked":"BlueStar","floor":5},{"not_picked":["Terror","Leg Sweep"],"picked":"Catalyst","floor":5},{"not_picked":["VoidDream","HappyTeddy"],"picked":"UniverseFragment","floor":6},{"not_picked":["Expertise","Backflip","Accuracy"],"picked":"SKIP","floor":6},{"not_picked":["Terror","Wraith Form v2"],"picked":"Footwork","floor":11},{"not_picked":["Poisoned Stab","Masterful Stab"],"picked":"Deadly Poison","floor":13},{"not_picked":["Underhanded Strike","Dodge and Roll","Crippling Poison"],"picked":"SKIP","floor":14},{"not_picked":["MHz","SnowQueen"],"picked":"MeatLantern","floor":18},{"not_picked":["Caltrops"],"picked":"SKIP","floor":18},{"not_picked":["Sucker Punch"],"picked":"SKIP","floor":19},{"not_picked":["Sucker Punch+1"],"picked":"SKIP","floor":21}],"player_experience":871836,"relics_obtained":[{"floor":1,"key":"LetterFromLob"},{"floor":6,"key":"Anchor"},{"floor":9,"key":"Happy Flower"},{"floor":11,"key":"Smiling Mask"}],"event_choices":[{"damage_healed":0,"gold_gain":0,"player_choice":"Upgraded","damage_taken":0,"max_hp_gain":0,"max_hp_loss":0,"event_name":"Upgrade Shrine","floor":4,"gold_loss":0,"cards_upgraded":["Bouncing Flask"]},{"damage_healed":0,"gold_gain":0,"cards_transformed":["Strike_G"],"player_choice":"Transformed","damage_taken":0,"max_hp_gain":0,"max_hp_loss":0,"event_name":"Transmorgrifier","floor":7,"gold_loss":0,"cards_obtained":["Blur"]},{"damage_healed":0,"gold_gain":0,"player_choice":"Opened","damage_taken":0,"relics_obtained":["Vajra"],"max_hp_gain":0,"max_hp_loss":0,"event_name":"The Mausoleum","floor":20,"gold_loss":0,"cards_obtained":["Writhe"]}],"is_beta":false,"boss_relics":[{"not_picked":["Runic Dome","Cursed Key"],"picked":"Busted Crown"}],"items_purged_floors":[12],"is_endless":false,"potions_floor_spawned":[2,14,18,21],"killed_by":"Snake Plant","ascension_level":15}}