{"host":"zzf13dk0jcen0ncv","time":1610001366,"event":{"mods":["AchievementEnabler","BaseMod","BetterRewards","Colored Map","Keyboard Shortcuts","Minty Spire (QoL Compilation)","Quick Restart","Shop Mod","StSLib","SuperFastMode","The Dragon Tamer","Waifu the Spire"],"gold_per_floor":[118,137,40,64,33,33,63,63,89,89,107,146,221,221,221,330,330,355,355,59,84,52,91,91,109,132,241,241,263,298,314,314,427,454,548,548,566,670,158,264,264,377,403,403,3,106,216,144,144,144,144,144],"floor_reached":50,"playtime":1616,"items_purged":[],"score":1349,"play_id":"6e58ba4a-5e32-474e-8024-b73cfbe03216","local_time":"20210107153606","is_ascension_mode":true,"metric_token":799,"campfire_choices":[{"data":"DTMod:Harmonize","floor":6,"key":"SMITH"},{"data":"DTMod:ForkedFire","floor":10,"key":"SMITH"},{"data":"DTMod:Haste","floor":15,"key":"SMITH"},{"data":"DTMod:HeadStart","floor":24,"key":"SMITH"},{"data":"DTMod:BurningEnergy","floor":28,"key":"SMITH"},{"data":"DTMod:Safeguard","floor":32,"key":"SMITH"},{"floor":41,"key":"RECALL"},{"data":"Trip","floor":44,"key":"SMITH"},{"data":"Forethought","floor":49,"key":"SMITH"}],"dtmod_dragon_data":[0,50,4,4,13,3],"circlet_count":0,"master_deck":["DTMod:TargetDefense","DTMod:TargetDefense","DTMod:TargetDefense","DTMod:TargetDefense","DTMod:SwitchingTactic","DTMod:Harmonize+1","DTMod:GhostSkin","Trip+1","DTMod:BurningEnergy+1","DTMod:WarmUp","DTMod:StarRain","DTMod:RecklessFlurry","DTMod:BizarreTactic+1","DTMod:RunningTactic","DTMod:DarkBreath","DTMod:DragonDance","DTMod:Shift","DTMod:ForkedFire+1","DTMod:Conduct+1","DTMod:Haste+1","DTMod:HeadStart+1","DTMod:WarmUp","DTMod:Coolant","DTMod:BalancedStrike","DTMod:LastStand+1","DTMod:Safeguard+1","DTMod:Cover+1","DTMod:PurifyingFlame+1","DTMod:ShadowImage","DTMod:TauntingStrike+1","DTMod:TriAttack+1","DTMod:Astonish+1","DTMod:TauntingStrike","Bandage Up","Forethought+1","DTMod:BurningEnergy","DTMod:RunningTactic","DTMod:CrossStep+1","DTMod:BurningEnergy","DTMod:LastStand","DTMod:DragonDance"],"relics":["DTMod:PactStone","CeramicFish","DTMod:TacticalNote","HandDrill","Toy Ornithopter","Regal Pillow","Chemical X","Bag of Preparation","PreservedInsect","Kunai","DTMod:MindBender","Potion Belt","MealTicket","Bronze Scales","Runic Dome","Bird Faced Urn","Matryoshka","Oddly Smooth Stone","Du-Vu Doll","StrikeDummy","Darkstone Periapt","Astrolabe","Bag of Marbles","WingedGreaves","DTMod:DragonFood","Calipers","Nunchaku","Blood Vial","Happy Flower","Letter Opener","War Paint"],"acts_visited":["Exordium","TheCity","TheBeyond"],"potions_floor_usage":[50],"damage_taken":[{"damage":0,"enemies":"2 Louse","floor":1,"turns":3},{"damage":0,"enemies":"Cultist","floor":2,"turns":2},{"damage":0,"enemies":"Small Slimes","floor":4,"turns":2},{"damage":0,"enemies":"Gremlin Nob","floor":7,"turns":3},{"damage":0,"enemies":"Looter","floor":11,"turns":2},{"damage":0,"enemies":"Lagavulin","floor":12,"turns":4},{"damage":0,"enemies":"Slime Boss","floor":16,"turns":6},{"damage":0,"enemies":"2 Thieves","floor":18,"turns":2},{"damage":0,"enemies":"Shell Parasite","floor":21,"turns":1},{"damage":12,"enemies":"Slavers","floor":23,"turns":2},{"damage":13,"enemies":"Colosseum Slavers","floor":27,"turns":2},{"damage":0,"enemies":"Colosseum Nobs","floor":27,"turns":2},{"damage":0,"enemies":"Chosen and Byrds","floor":29,"turns":2},{"damage":0,"enemies":"Book of Stabbing","floor":30,"turns":2},{"damage":0,"enemies":"Snecko","floor":31,"turns":2},{"damage":11,"enemies":"Champ","floor":33,"turns":10},{"damage":0,"enemies":"Orb Walker","floor":35,"turns":2},{"damage":0,"enemies":"3 Shapes","floor":38,"turns":2},{"damage":0,"enemies":"Reptomancer","floor":40,"turns":1},{"damage":0,"enemies":"Giant Head","floor":42,"turns":5},{"damage":3,"enemies":"Sphere and 2 Shapes","floor":46,"turns":2},{"damage":0,"enemies":"Reptomancer","floor":47,"turns":2},{"damage":66,"enemies":"Awakened One","floor":50,"turns":11}],"seed_played":"2714319891027934092","potions_obtained":[{"floor":1,"key":"FearPotion"},{"floor":11,"key":"Fire Potion"},{"floor":12,"key":"FearPotion"},{"floor":23,"key":"Swift Potion"},{"floor":27,"key":"Energy Potion"},{"floor":29,"key":"SkillPotion"},{"floor":31,"key":"CultistPotion"},{"floor":33,"key":"FearPotion"},{"floor":35,"key":"Dexterity Potion"},{"floor":46,"key":"DuplicationPotion"}],"is_trial":false,"path_per_floor":["M","M","$","M","$","R","E","$","T","R","M","E","?","?","R","B",null,"M","?","$","M","$","E","R","?","T","?","R","M","E","M","R","B",null,"M","?","?","M","$","E","R","E","T","R","$","M","E","$","R","B"],"character_chosen":"THE_DT","items_purchased":["CeramicFish","DTMod:TacticalNote","HandDrill","DTMod:Harmonize","Toy Ornithopter","Regal Pillow","DTMod:GhostSkin","Trip","Chemical X","Bag of Preparation","DTMod:BurningEnergy","PreservedInsect","Kunai","DTMod:MindBender","DTMod:WarmUp","DTMod:StarRain","DTMod:RecklessFlurry","DTMod:BizarreTactic","DTMod:DragonDance","DTMod:Shift","DTMod:Conduct","Bird Faced Urn","DTMod:BalancedStrike","Bag of Marbles","WingedGreaves","DTMod:RunningTactic","Happy Flower","Letter Opener","DTMod:DragonDance"],"campfire_rested":0,"item_purchase_floors":[0,0,0,0,0,0,0,0,0,0,0,0,0,0,0,0,0,0,3,3,5,20,22,39,39,39,45,45,48],"current_hp_per_floor":[41,41,41,41,41,41,41,41,41,41,41,41,30,23,23,23,40,40,40,45,45,45,33,33,33,33,32,32,36,40,44,44,36,43,45,43,33,43,43,43,43,43,43,43,43,40,43,43,43,0,0,0],"gold":144,"neow_bonus":"","is_daily":false,"chose_seed":false,"campfire_upgraded":8,"win_rate":0.0,"timestamp":1610001366,"path_taken":["M","M","$","M","$","R","E","$","T","R","M","E","?","?","R","BOSS","M","?","$","?","$","E","R","?","T","?","R","M","E","M","R","BOSS","M","?","?","M","$","E","R","E","T","R","?","M","E","$","R","BOSS"],"items_purchased_type":["Relic","Relic","Relic","Card","Relic","Relic","Card","Card","Relic","Relic","Card","Relic","Relic","Relic","Card","Card","Card","Card","Card","Card","Card","Relic","Card","Relic","Relic","Card","Relic","Relic","Card"],"build_version":"2020-12-22","purchased_purges":0,"victory":false,"max_hp_per_floor":[45,45,45,45,45,45,45,45,45,45,45,45,45,45,45,45,45,45,45,45,45,45,45,45,45,45,45,45,45,45,45,45,45,45,45,43,43,43,43,43,43,43,43,43,43,43,43,43,43,43,43,43],"card_choices":[{"not_picked":["DTMod:BurningEnergy","DTMod:Punisher"],"picked":"DTMod:RunningTactic","floor":1},{"not_picked":["DTMod:BizarreTactic","DTMod:Punisher"],"picked":"DTMod:DarkBreath","floor":2},{"not_picked":["DTMod:CleansingStrike","DTMod:BizarreTactic"],"picked":"DTMod:ForkedFire","floor":4},{"not_picked":["DTMod:Feint","DTMod:MaximumCharge","DTMod:RecklessFlurry"],"picked":"SKIP","floor":7},{"not_picked":["DTMod:CalculatedDefense","DTMod:BreakAttack","DTMod:BuildUp"],"picked":"SKIP","floor":11},{"not_picked":["DTMod:Dissolve","DTMod:Punisher"],"picked":"DTMod:Haste","floor":12},{"not_picked":["DTMod:RepeatStrike","DTMod:Prediction"],"picked":"DTMod:HeadStart","floor":16},{"not_picked":["DTMod:MagicField+1","DTMod:DeepFocus+1"],"picked":"DTMod:WarmUp","floor":18},{"not_picked":["DTMod:BlazingStrike","DTMod:BuildUp"],"picked":"DTMod:Coolant","floor":21},{"not_picked":["DTMod:ComboAttack","DTMod:InvisibleFlame+1"],"picked":"DTMod:LastStand+1","floor":23},{"not_picked":["DTMod:Feint","DTMod:Dissolve"],"picked":"DTMod:Cover+1","floor":27},{"not_picked":["DTMod:TauntingStrike+1","DTMod:BlazingStrike+1"],"picked":"DTMod:PurifyingFlame+1","floor":29},{"not_picked":["DTMod:CleansingStrike+1","DTMod:MagicField+1","DTMod:BizarreTactic"],"picked":"SKIP","floor":30},{"not_picked":["DTMod:Feint","DTMod:BuildUp","DTMod:MagicField"],"picked":"SKIP","floor":31},{"not_picked":["DTMod:OpeningTactic","DTMod:Safeguard"],"picked":"DTMod:ShadowImage","floor":33},{"not_picked":["DTMod:CleansingStrike+1","DTMod:ForkedFire"],"picked":"DTMod:TauntingStrike","floor":35},{"not_picked":["HandOfGreed","Mayhem"],"picked":"Bandage Up","floor":37},{"not_picked":["Mind Blast","Flash of Steel"],"picked":"Forethought","floor":37},{"not_picked":["DTMod:Weaken+1","DTMod:LastStand+1"],"picked":"DTMod:BurningEnergy","floor":38},{"not_picked":["DTMod:ComboAttack+1","DTMod:MagicField","DTMod:StarRain"],"picked":"SKIP","floor":40},{"not_picked":["DTMod:DeepFocus","DTMod:BalancedStrike+1"],"picked":"DTMod:CrossStep+1","floor":42},{"not_picked":["DTMod:BurningForce+1","DTMod:WarmUp"],"picked":"DTMod:BurningEnergy","floor":46},{"not_picked":["DTMod:Weaken","DTMod:WarmUp"],"picked":"DTMod:LastStand","floor":47}],"player_experience":934002,"relics_obtained":[{"floor":7,"key":"Potion Belt"},{"floor":9,"key":"MealTicket"},{"floor":12,"key":"Bronze Scales"},{"floor":23,"key":"Matryoshka"},{"floor":26,"key":"Oddly Smooth Stone"},{"floor":27,"key":"Du-Vu Doll"},{"floor":27,"key":"StrikeDummy"},{"floor":30,"key":"Darkstone Periapt"},{"floor":40,"key":"DTMod:DragonFood"},{"floor":42,"key":"Calipers"},{"floor":43,"key":"Nunchaku"},{"floor":43,"key":"Blood Vial"},{"floor":47,"key":"War Paint"}],"event_choices":[{"damage_healed":0,"gold_gain":75,"player_choice":"Gather Gold","damage_taken":11,"max_hp_gain":0,"max_hp_loss":0,"event_name":"World of Goop","floor":13,"gold_loss":0},{"cards_removed":["DTMod:Strike"],"damage_healed":0,"gold_gain":0,"player_choice":"Card Removal","damage_taken":7,"max_hp_gain":0,"max_hp_loss":0,"event_name":"Golden Wing","floor":14,"gold_loss":0},{"damage_healed":0,"gold_gain":0,"player_choice":"Ignored","damage_taken":0,"max_hp_gain":0,"max_hp_loss":0,"event_name":"Duplicator","floor":19,"gold_loss":0},{"damage_healed":0,"gold_gain":0,"cards_transformed":["DTMod:Strike","DTMod:Strike"],"player_choice":"Became Test Subject","damage_taken":0,"max_hp_gain":0,"max_hp_loss":0,"event_name":"Drug Dealer","floor":25,"gold_loss":0,"cards_obtained":["DTMod:ComboAttack","DTMod:Safeguard"]},{"damage_healed":0,"gold_gain":0,"player_choice":"Fight","damage_taken":0,"max_hp_gain":0,"max_hp_loss":0,"event_name":"Colosseum","floor":27,"gold_loss":0},{"damage_healed":0,"gold_gain":0,"player_choice":"Fought Nobs","damage_taken":0,"max_hp_gain":0,"max_hp_loss":0,"event_name":"Colosseum","floor":27,"gold_loss":0},{"damage_healed":0,"gold_gain":0,"player_choice":"Max HP","damage_taken":0,"max_hp_gain":0,"max_hp_loss":2,"event_name":"Winding Halls","floor":36,"gold_loss":0},{"damage_healed":0,"gold_gain":0,"player_choice":"Memory 3","damage_taken":10,"max_hp_gain":0,"max_hp_loss":0,"event_name":"SensoryStone","floor":37,"gold_loss":0}],"is_beta":false,"boss_relics":[{"not_picked":["Busted Crown","Velvet Choker"],"picked":"Runic Dome"},{"not_picked":["Calling Bell","Black Star"],"picked":"Astrolabe"}],"items_purged_floors":[],"is_endless":false,"potions_floor_spawned":[1,11,12,23,27,29,31,33,35,40,46],"killed_by":"Awakened One","ascension_level":6}}