{"host":"bpkhhmvsfrvlto2l","time":1610055549,"event":{"mods":["2.2 Compatiblity","Act Like it!","AlwaysNeverKeys","Aspiration","BaseMod","Better Silent Start","Challenge The Spire","Colored Map","Colored Powertips","Custom Start","Downfall","Energized Spire","Friendly Minions","GifTheSpireLib","Halation","Hubris","Infinite Spire","Ironclad Rager","Mimic Mod","Minty Spire (QoL Compilation)","Permanent Neow","Quick Restart","Random Character Button","Relic Sorter","Replay The Spire","Spikes Relics","StSLib","Stuff the Spire","Swap Starting Deck Mod","Trackpad"],"gold_per_floor":[113,127,127,137,153,184,184,107,180,180,180,196,229,239,239,339,339,357,376,376,396,66,66,86,86,86,129,129,155,183,183,183,299,299,328,328,363,143,176,176,208,208,208,244,244,244,244,284,284,286],"floor_reached":51,"playtime":1009,"items_purged":["Strike_B","Strike_B"],"score":884,"play_id":"e456223d-4d92-4307-b2c1-cc641259d29c","local_time":"20210107163909","is_ascension_mode":true,"campfire_choices":[{"data":"Static Discharge","floor":10,"key":"SMITH"},{"floor":15,"key":"REST"},{"floor":23,"key":"REST"},{"floor":25,"key":"REST"},{"floor":32,"key":"REST"},{"data":"Echo Form","floor":40,"key":"SMITH"},{"floor":42,"key":"REST"},{"data":"Electrodynamics","floor":47,"key":"SMITH"},{"data":"Storm","floor":49,"key":"SMITH"}],"circlet_count":0,"master_deck":["Strike_B+1","Strike_B+1","Defend_B","Defend_B","Defend_B","Defend_B","Zap+1","Dualcast","Static Discharge+1","Static Discharge+1","Echo Form","Storm+1","Defragment+1","Echo Form+1","Self Repair+1","Parasite","Electrodynamics+1","hubris:NaturalOne"],"relics":["StuffTheSpire:OccultApparatus","hubris:Icosahedron","halation:PinkSoulGem","Dream Catcher","Gremlin Horn","StuffTheSpire:Rhapsscallions","hubris:Backtick","Mummified Hand","Replay:Bandana","aspiration:BursterCore","halation:Toothbrush","Mango","trackpad:RapidFire","CherryCoatedStake","infinitespire:EvilPickle","aspiration:SneckoTail","Whetstone","Replay:Towering Pillar of Hats"],"acts_visited":["Exordium","TheCity","TheBeyond"],"potions_floor_usage":[13,13,16,27,33,33,50,50],"damage_taken":[{"damage":0,"enemies":"Cultist","floor":1,"turns":4},{"damage":0,"enemies":"2 Louse","floor":2,"turns":2},{"damage":7,"enemies":"Small Slimes","floor":4,"turns":2},{"damage":29,"enemies":"Gremlin Gang","floor":5,"turns":3},{"damage":5,"enemies":"3 Sentries","floor":6,"turns":3},{"damage":1,"enemies":"Exordium Wildlife","floor":12,"turns":3},{"damage":24,"enemies":"Gremlin Nob","floor":13,"turns":3},{"damage":11,"enemies":"Looter","floor":14,"turns":3},{"damage":15,"enemies":"Hexaghost","floor":16,"turns":5},{"damage":0,"enemies":"3 Byrds","floor":18,"turns":1},{"damage":29,"enemies":"2 Thieves","floor":19,"turns":2},{"damage":15,"enemies":"Shelled Parasite and Fungi","floor":21,"turns":2},{"damage":35,"enemies":"Centurion and Healer","floor":24,"turns":4},{"damage":0,"enemies":"Slavers","floor":27,"turns":1},{"damage":20,"enemies":"Book of Stabbing","floor":29,"turns":3},{"damage":24,"enemies":"Snake Plant","floor":30,"turns":2},{"damage":6,"enemies":"Pondfish","floor":33,"turns":2},{"damage":10,"enemies":"Orb Walker","floor":35,"turns":3},{"damage":17,"enemies":"3 Darklings","floor":37,"turns":2},{"damage":0,"enemies":"4 Shapes","floor":39,"turns":1},{"damage":54,"enemies":"Writhing Mass","floor":41,"turns":3},{"damage":18,"enemies":"Spire Growth","floor":44,"turns":2},{"damage":4,"enemies":"Transient","floor":48,"turns":5},{"damage":26,"enemies":"Time Eater","floor":50,"turns":3}],"seed_played":"1500300390011374334","potions_obtained":[{"floor":2,"key":"Venom Potion"},{"floor":4,"key":"sneckomod:MuddlingPotion"},{"floor":6,"key":"EssenceOfDarkness"},{"floor":12,"key":"FocusPotion"},{"floor":14,"key":"CultistPotion"},{"floor":18,"key":"Elixir"},{"floor":24,"key":"ColorlessPotion"},{"floor":29,"key":"FocusPotion"},{"floor":30,"key":"PowerPotion"},{"floor":35,"key":"Elixir"},{"floor":39,"key":"Dexterity Potion"}],"is_trial":false,"path_per_floor":["M","M","?","M","M","E","?","$","T","R","?","M","E","M","R","B",null,"M","M","AVR","M","$","R","M","R","T","E","?","E","M","?","R","B",null,"M","AVR","M","$","M","R","M","R","T","M","?","?","R","M","R","B",null],"character_chosen":"DEFECT","items_purchased":["Static Discharge","Storm","halation:Toothbrush","Whetstone"],"campfire_rested":5,"item_purchase_floors":[8,22,22,38],"current_hp_per_floor":[75,75,75,68,39,34,34,34,34,34,34,33,14,3,27,12,80,80,51,51,36,36,60,25,49,63,63,63,43,19,19,47,41,94,84,87,70,73,83,83,39,69,69,61,61,61,61,67,67,51],"gold":286,"neow_bonus":"UPGRADE_CARD","is_daily":false,"chose_seed":false,"campfire_upgraded":4,"win_rate":0.0,"timestamp":1610055549,"path_taken":["M","M","?","M","M","E","?","$","T","R","?","?","E","M","R","BOSS","M","M","AVR","M","$","R","M","R","T","E","?","E","M","?","R","BOSS","M","AVR","M","$","?","R","M","R","T","M","?","?","R","?","R","BOSS"],"items_purchased_type":["Card","Card","Relic","Relic"],"build_version":"2020-12-22","purchased_purges":2,"victory":true,"max_hp_per_floor":[75,75,75,75,75,75,75,75,75,75,75,75,80,80,80,80,80,80,80,80,80,80,80,80,80,94,94,94,94,94,94,94,94,94,94,97,97,100,100,100,100,100,100,100,100,100,100,100,100,100],"card_choices":[{"not_picked":["Streamline","BasicCrystalCard"],"picked":"Static Discharge","floor":4},{"not_picked":["Biased Cognition","Fission"],"picked":"Echo Form","floor":16},{"not_picked":["Turbo","Melter"],"picked":"Defragment+1","floor":29},{"not_picked":["Machine Learning","StuffTheSpire:LaunchingStrike"],"picked":"Echo Form","floor":33},{"not_picked":["Steam+1","StuffTheSpire:LoadUp+1"],"picked":"Self Repair+1","floor":35},{"not_picked":["Sweeping Beam+1","Lockon+1"],"picked":"Electrodynamics","floor":41},{"not_picked":["ReplayTheSpireMod:Reroute Power","Reprogram","Coolheaded+1"],"picked":"SKIP","floor":48}],"player_experience":37809,"relics_obtained":[{"floor":6,"key":"Dream Catcher"},{"floor":9,"key":"Gremlin Horn"},{"floor":13,"key":"StuffTheSpire:Rhapsscallions"},{"floor":26,"key":"Mango"},{"floor":27,"key":"trackpad:RapidFire"},{"floor":29,"key":"CherryCoatedStake"},{"floor":43,"key":"Replay:Towering Pillar of Hats"}],"event_choices":[{"damage_healed":0,"gold_gain":0,"player_choice":"1 cards matched","damage_taken":0,"max_hp_gain":0,"max_hp_loss":0,"event_name":"Match and Keep!","floor":11,"gold_loss":0,"cards_obtained":["expansioncontent:Sear"]},{"damage_healed":0,"gold_gain":0,"player_choice":"Ignored","damage_taken":0,"max_hp_gain":0,"max_hp_loss":0,"event_name":"Transmorgrifier","floor":31,"gold_loss":0}],"is_beta":false,"boss_relics":[{"not_picked":["ReplayTheSpireMod:DimensionalGlitch","Velvet Choker"],"picked":"hubris:Backtick"},{"not_picked":["aspiration:RunicSpoon","infinitespire:Cupcake","hubris:TerracottaHorce"]}],"items_purged_floors":[36,38],"is_endless":false,"potions_floor_spawned":[2,4,6,12,14,18,24,29,30,35,39],"ascension_level":4}}