{"host":"p6y17sixyu8q9v1f","time":1610055995,"event":{"mods":["BaseMod","Colored Map","Minty Spire (QoL Compilation)"],"gold_per_floor":[110,35,0,14,32,32,64,64,114,84,259,5,21,33,33,131,131,148,148,110,184,59,59,77,96,96,11,11,11,27,44,44,44,44],"floor_reached":33,"playtime":30081,"items_purged":["Strike_G","Doubt","Defend_G"],"score":306,"play_id":"ab31a00d-5c05-4a21-abf0-49ba37a0daf4","local_time":"20210107154635","is_ascension_mode":true,"campfire_choices":[{"data":"Phantasmal Killer","floor":6,"key":"SMITH"},{"floor":8,"key":"REST"},{"data":"Distraction","floor":15,"key":"SMITH"},{"data":"Footwork","floor":23,"key":"SMITH"},{"floor":29,"key":"REST"},{"floor":32,"key":"REST"}],"circlet_count":0,"master_deck":["Strike_G","Strike_G","Strike_G","Strike_G","Defend_G","Defend_G","Defend_G","Defend_G","Survivor","Neutralize","Phantasmal Killer+1","Poisoned Stab","Deadly Poison","Noxious Fumes","Distraction+1","Poisoned Stab","Backstab","Backflip","Burst","Footwork+1","Blade Dance+1","Poisoned Stab","Blade Dance"],"relics":["Ring of the Snake","Tiny Chest","Anchor","TwistedFunnel","WristBlade","Bottled Flame","Pen Nib"],"acts_visited":["Exordium","TheCity"],"potions_floor_usage":[16,31,31,31,33],"damage_taken":[{"damage":11,"enemies":"Small Slimes","floor":1,"turns":4},{"damage":1,"enemies":"Jaw Worm","floor":4,"turns":4},{"damage":1,"enemies":"2 Louse","floor":5,"turns":3},{"damage":54,"enemies":"Lagavulin","floor":7,"turns":10},{"damage":0,"enemies":"Looter","floor":10,"turns":4},{"damage":0,"enemies":"3 Louse","floor":13,"turns":3},{"damage":0,"enemies":"Blue Slaver","floor":14,"turns":2},{"damage":12,"enemies":"The Guardian","floor":16,"turns":8},{"damage":6,"enemies":"3 Byrds","floor":18,"turns":5},{"damage":4,"enemies":"Chosen","floor":24,"turns":4},{"damage":19,"enemies":"Snecko","floor":25,"turns":5},{"damage":12,"enemies":"3 Cultists","floor":30,"turns":4},{"damage":8,"enemies":"Snake Plant","floor":31,"turns":2},{"damage":43,"enemies":"Automaton","floor":33,"turns":4}],"seed_played":"8679321554813070911","potions_obtained":[{"floor":13,"key":"GamblersBrew"},{"floor":14,"key":"AttackPotion"},{"floor":16,"key":"Energy Potion"},{"floor":25,"key":"SpeedPotion"},{"floor":31,"key":"Swift Potion"}],"is_trial":false,"path_per_floor":["M","$","?","M","M","R","E","R","T","M","?","$","M","M","R","B",null,"M","?","$","T","$","R","M","M","T","?","$","R","M","M","R","B"],"character_chosen":"THE_SILENT","items_purchased":["TwistedFunnel","Footwork"],"campfire_rested":3,"item_purchase_floors":[12,20],"current_hp_per_floor":[59,59,70,69,68,68,14,35,35,35,35,35,35,35,35,23,58,52,39,39,39,39,39,35,16,16,16,16,38,26,18,40,0,0],"gold":44,"neow_bonus":"ONE_RANDOM_RARE_CARD","is_daily":false,"chose_seed":false,"campfire_upgraded":3,"win_rate":0.0,"timestamp":1610055995,"path_taken":["M","$","?","M","M","R","E","R","T","M","?","?","M","M","R","BOSS","M","?","$","?","$","R","M","M","T","?","?","R","M","?","R","BOSS"],"items_purchased_type":["Relic","Card"],"build_version":"2020-12-22","purchased_purges":3,"victory":false,"max_hp_per_floor":[70,70,70,70,70,70,70,70,70,70,70,70,70,70,70,70,70,70,75,75,75,75,75,75,75,75,75,75,75,75,75,75,75,75],"card_choices":[{"not_picked":["PiercingWail","Blade Dance"],"picked":"Poisoned Stab","floor":1},{"not_picked":["Underhanded Strike","Quick Slash"],"picked":"Deadly Poison","floor":4},{"not_picked":["Catalyst","PiercingWail"],"picked":"Noxious Fumes","floor":5},{"not_picked":["PiercingWail","Reflex"],"picked":"Distraction","floor":7},{"not_picked":["Tools of the Trade","Deadly Poison"],"picked":"Poisoned Stab","floor":10},{"not_picked":["Slice","Dodge and Roll"],"picked":"Backstab","floor":13},{"not_picked":["Concentrate","Blade Dance"],"picked":"Backflip","floor":14},{"not_picked":["Glass Knife","Unload"],"picked":"Burst","floor":16},{"not_picked":["PiercingWail","Dodge and Roll","Quick Slash"],"picked":"SKIP","floor":18},{"not_picked":["PiercingWail","Masterful Stab+1","Sucker Punch+1"],"picked":"SKIP","floor":24},{"not_picked":["Underhanded Strike","Leg Sweep"],"picked":"Blade Dance+1","floor":25},{"not_picked":["Slice","Skewer"],"picked":"Poisoned Stab","floor":30},{"not_picked":["Flechettes","Cloak And Dagger"],"picked":"Blade Dance","floor":31}],"player_experience":1012320,"relics_obtained":[{"floor":7,"key":"Tiny Chest"},{"floor":9,"key":"Anchor"},{"floor":21,"key":"Bottled Flame"}],"event_choices":[{"damage_healed":17,"gold_gain":0,"player_choice":"Healed","damage_taken":0,"max_hp_gain":0,"max_hp_loss":0,"event_name":"The Cleric","floor":3,"gold_loss":35},{"damage_healed":0,"gold_gain":175,"player_choice":"AGREE","damage_taken":0,"max_hp_gain":0,"max_hp_loss":0,"event_name":"Liars Game","floor":11,"gold_loss":0,"cards_obtained":["Doubt"]},{"damage_healed":0,"gold_gain":0,"player_choice":"Shed Blood","damage_taken":18,"max_hp_gain":5,"max_hp_loss":0,"event_name":"Forgotten Altar","floor":19,"gold_loss":0},{"damage_healed":0,"gold_gain":0,"player_choice":"Obtained Relic","damage_taken":0,"relics_obtained":["Pen Nib"],"max_hp_gain":0,"max_hp_loss":0,"event_name":"Addict","floor":27,"gold_loss":85}],"is_beta":false,"boss_relics":[{"not_picked":["Pandora\u0027s Box","Snecko Eye"],"picked":"WristBlade"}],"items_purged_floors":[2,12,22],"is_endless":false,"potions_floor_spawned":[13,14,16,25,31],"killed_by":"Automaton","ascension_level":5}}