{"host":"ygqjzatmv950topu","time":1610000536,"event":{"mods":["Aspiration","BaseMod","Colored Map","Colored Powertips","Downfall","Jorbs\u0027s Wanderer Trilogy","Minty Spire (QoL Compilation)","StSLib","The Hierophant","The Runesmith"],"gold_per_floor":[118,68,82,82,96,131,131,152,152,166,184,203,228,203,203,326,326,342,441,31,31,47,47,81,81,81,81,115,115,130,55,55,180,180,203,134,192,211,227,268,283,283,283,296,314,314,4,4,4,4],"floor_reached":51,"playtime":8117,"items_purged":[],"score":792,"play_id":"1b6d5b4c-ca83-441a-bb8b-cef6c6b5eb72","local_time":"20210106222216","is_ascension_mode":false,"campfire_choices":[{"data":"Runesmith:PoweredAnvil","floor":7,"key":"SMITH"},{"floor":15,"key":"REST"},{"data":"Runesmith:ReplicatingBarrier","floor":23,"key":"SMITH"},{"data":"Runesmith:DoubleUp","floor":25,"key":"SMITH"},{"data":"Runesmith:Accelerate","floor":29,"key":"SMITH"},{"floor":32,"key":"REST"},{"data":"Runesmith:MetallurgicalResearch","floor":46,"key":"SMITH"},{"data":"Runesmith:CreatorForm","floor":49,"key":"SMITH"}],"circlet_count":0,"master_deck":["Runesmith:Strike_RS+1","Runesmith:Strike_RS+1","Runesmith:Strike_RS+1","Runesmith:Defend_RS+1","Runesmith:Defend_RS+1","Runesmith:Defend_RS+1","Runesmith:Defend_RS+1","Runesmith:CraftFirestone","Runesmith:Fortify+1","Runesmith:Accelerate+1","Runesmith:Firestorm","Runesmith:HammerAndChisel","Runesmith:PoweredAnvil+1","Runesmith:Grindstone","Runesmith:FieryHammer","Runesmith:MakeshiftArmor","Runesmith:ReplicatingBarrier+1","Runesmith:DoubleUp+1","Runesmith:BackupBattery","Runesmith:CraftMagma+1","Runesmith:HeatedChisel+1","Runesmith:CraftIncendium+1","Runesmith:CreatorForm+1","Runesmith:Terraform","Runesmith:LithiumIon","Runesmith:Prism+1","Runesmith:PerfectChisel+1","Parasite","Runesmith:ChiselStab+1","Runesmith:MetallurgicalResearch+1","Runesmith:EnergizedChisel+1","Doubt","Runesmith:UnstableHammer+1","Runesmith:HeatExchange+1"],"relics":["Runesmith:BrokenRuby","Golden Idol","Shuriken","HornCleat","Lantern","expansioncontent:StudyCardRelic","Kunai","Juzu Bracelet","Smiling Mask","Molten Egg 2","Bronze Scales","Bag of Preparation","Runesmith:UraniumAnvil","aspiration:AnachronicSnailShell","Singing Bowl","Dream Catcher","Ice Cream"],"acts_visited":["Exordium","TheCity","TheBeyond"],"potions_floor_usage":[6,12,16,16,16,24,37,40,44],"damage_taken":[{"damage":0,"enemies":"Jaw Worm","floor":1,"turns":4},{"damage":0,"enemies":"2 Louse","floor":3,"turns":2},{"damage":0,"enemies":"Small Slimes","floor":5,"turns":4},{"damage":28,"enemies":"3 Sentries","floor":6,"turns":9},{"damage":15,"enemies":"3 Louse","floor":8,"turns":6},{"damage":0,"enemies":"Looter","floor":10,"turns":3},{"damage":0,"enemies":"Large Slime","floor":11,"turns":7},{"damage":5,"enemies":"Blue Slaver","floor":12,"turns":6},{"damage":15,"enemies":"The Guardian","floor":16,"turns":9},{"damage":0,"enemies":"3 Byrds","floor":18,"turns":4},{"damage":12,"enemies":"2 Thieves","floor":22,"turns":3},{"damage":24,"enemies":"Slavers","floor":24,"turns":6},{"damage":0,"enemies":"Gremlin Leader","floor":28,"turns":6},{"damage":5,"enemies":"Sentry and Sphere","floor":30,"turns":4},{"damage":24,"enemies":"Champ","floor":33,"turns":12},{"damage":12,"enemies":"Orb Walker","floor":35,"turns":4},{"damage":29,"enemies":"2 Orb Walkers","floor":37,"turns":6},{"damage":7,"enemies":"3 Darklings","floor":38,"turns":4},{"damage":2,"enemies":"Writhing Mass","floor":39,"turns":4},{"damage":7,"enemies":"Reptomancer","floor":40,"turns":6},{"damage":3,"enemies":"Jaw Worm Horde","floor":41,"turns":3},{"damage":8,"enemies":"3 Darklings","floor":44,"turns":5},{"damage":13,"enemies":"Transient","floor":45,"turns":5},{"damage":15,"enemies":"Time Eater","floor":50,"turns":9}],"seed_played":"3019377279613470024","potions_obtained":[{"floor":3,"key":"EntropicBrew"},{"floor":8,"key":"Slimebound:ThreeZeroPotion"},{"floor":12,"key":"DistilledChaos"},{"floor":22,"key":"Ancient Potion"},{"floor":33,"key":"AttackPotion"},{"floor":35,"key":"Explosive Potion"},{"floor":37,"key":"SteroidPotion"},{"floor":39,"key":"Block Potion"},{"floor":41,"key":"Energy Potion"}],"is_trial":false,"path_per_floor":["M","?","M","?","M","E","R","M","T","M","M","M","T","?","R","B",null,"M","?","$","?","M","R","E","R","T","?","E","R","M","?","R","B",null,"M","$","?","M","M","E","M","?","T","M","M","R","$","?","R","B",null],"character_chosen":"RUNESMITH_CLASS","items_purchased":["Kunai","Juzu Bracelet","Runesmith:LithiumIon","Ice Cream"],"campfire_rested":2,"item_purchase_floors":[20,20,36,47],"current_hp_per_floor":[70,70,70,53,53,25,25,10,10,10,10,5,5,5,26,11,70,70,70,70,70,58,58,34,34,34,34,34,34,29,29,50,26,70,58,58,29,22,20,13,10,70,70,62,49,49,49,61,61,46],"gold":4,"neow_bonus":"UPGRADE_CARD","is_daily":false,"chose_seed":false,"campfire_upgraded":6,"win_rate":0.0,"timestamp":1610000536,"path_taken":["M","?","M","?","M","E","R","M","T","M","M","M","?","?","R","BOSS","M","?","$","?","M","R","E","R","T","?","E","R","M","?","R","BOSS","M","$","?","M","M","E","M","?","T","M","M","R","$","?","R","BOSS"],"items_purchased_type":["Relic","Relic","Card","Relic"],"build_version":"2020-12-22","purchased_purges":0,"victory":true,"max_hp_per_floor":[70,70,70,70,70,70,70,70,70,70,70,70,70,70,70,70,70,70,70,70,70,70,70,70,70,70,70,70,70,70,70,70,70,70,70,70,70,70,70,70,70,70,70,70,70,70,70,61,61,61],"card_choices":[{"not_picked":["Runesmith:Repurpose","Runesmith:EnergizedChisel"],"picked":"Runesmith:Accelerate","floor":1},{"not_picked":["Runesmith:ChaoticBlast","Runesmith:UnstableHammer"],"picked":"Runesmith:Firestorm","floor":3},{"not_picked":["Runesmith:Firestorm","Runesmith:ShiftingStrike"],"picked":"Runesmith:HammerAndChisel","floor":5},{"not_picked":["Runesmith:NegativeSpace","Runesmith:UnstableHammer"],"picked":"Runesmith:PoweredAnvil","floor":6},{"not_picked":["Runesmith:BackupBattery","Runesmith:ShiftingStrike"],"picked":"Runesmith:RuneHurl","floor":8},{"not_picked":["Runesmith:HeatExchange","Runesmith:HeatedChisel"],"picked":"Runesmith:Grindstone","floor":10},{"not_picked":["Runesmith:Repurpose","Runesmith:OneForEveryone"],"picked":"Runesmith:FieryHammer","floor":11},{"not_picked":["Runesmith:Firestorm","Runesmith:HammerThrow"],"picked":"Runesmith:MakeshiftArmor","floor":12},{"not_picked":["Runesmith:GenerateForcefield","Runesmith:FissionHammer"],"picked":"Runesmith:ReplicatingBarrier","floor":16},{"not_picked":["Runesmith:CraftProtectio","Runesmith:HeatExchange"],"picked":"Runesmith:DoubleUp","floor":18},{"not_picked":["Runesmith:CraftProtectio+1","Runesmith:Attraction+1"],"picked":"Runesmith:BackupBattery","floor":22},{"not_picked":["Runesmith:Empowerment","Runesmith:Repurpose"],"picked":"Runesmith:CraftMagma+1","floor":24},{"not_picked":["Runesmith:DuctTape","Runesmith:HeatExchange+1"],"picked":"Runesmith:HeatedChisel+1","floor":28},{"not_picked":["Runesmith:CraftProtectio","Runesmith:HammerThrow+1"],"picked":"Runesmith:CraftIncendium+1","floor":30},{"not_picked":["Runesmith:GrandSlam+1","Runesmith:Supernova"],"picked":"Runesmith:CreatorForm","floor":33},{"not_picked":["Runesmith:CraftMagma+1","Runesmith:EnergizedChisel+1"],"picked":"Runesmith:Terraform","floor":35},{"not_picked":["Runesmith:RuneHurl+1","Runesmith:ShiftingStrike+1"],"picked":"Runesmith:Prism+1","floor":37},{"not_picked":["Runesmith:CraftSpiculum","Runesmith:Overpower+1"],"picked":"Runesmith:PerfectChisel+1","floor":38},{"not_picked":["Runesmith:EarthShield","Runesmith:Attraction"],"picked":"Runesmith:ChiselStab+1","floor":39},{"not_picked":["Runesmith:HeatExchange+1","Runesmith:ShiftingStrike+1"],"picked":"Runesmith:MetallurgicalResearch","floor":40},{"not_picked":["Runesmith:BackupBattery+1","Runesmith:Superposition+1"],"picked":"Runesmith:EnergizedChisel+1","floor":41},{"not_picked":["Runesmith:Attraction+1","Runesmith:ShiftingStrike+1"],"picked":"Runesmith:UnstableHammer+1","floor":44},{"not_picked":["Runesmith:EnergizedChisel+1","Runesmith:FieryHammer+1"],"picked":"Runesmith:HeatExchange+1","floor":45}],"player_experience":736225,"relics_obtained":[{"floor":6,"key":"Shuriken"},{"floor":9,"key":"HornCleat"},{"floor":13,"key":"Lantern"},{"floor":24,"key":"Smiling Mask"},{"floor":26,"key":"Molten Egg 2"},{"floor":28,"key":"Bag of Preparation"},{"floor":37,"key":"aspiration:AnachronicSnailShell"},{"floor":40,"key":"Singing Bowl"},{"floor":43,"key":"Dream Catcher"}],"event_choices":[{"cards_removed":["Runesmith:Strike_RS"],"damage_healed":0,"gold_gain":0,"player_choice":"Card Removal","damage_taken":0,"max_hp_gain":0,"max_hp_loss":0,"event_name":"The Cleric","floor":2,"gold_loss":50},{"damage_healed":0,"gold_gain":0,"player_choice":"Take Damage","damage_taken":17,"relics_obtained":["Golden Idol"],"max_hp_gain":0,"max_hp_loss":0,"event_name":"Golden Idol","floor":4,"gold_loss":0},{"damage_healed":0,"gold_gain":0,"player_choice":"Left Gold","damage_taken":0,"max_hp_gain":0,"max_hp_loss":0,"event_name":"World of Goop","floor":14,"gold_loss":25},{"damage_healed":0,"gold_gain":99,"player_choice":"Stole From Cult","damage_taken":0,"max_hp_gain":0,"max_hp_loss":0,"event_name":"Nest","floor":19,"gold_loss":0},{"damage_healed":0,"gold_gain":0,"player_choice":"Simplicity","damage_taken":0,"max_hp_gain":0,"max_hp_loss":0,"event_name":"Back to Basics","floor":21,"gold_loss":0,"cards_upgraded":["Runesmith:Strike_RS","Runesmith:Strike_RS","Runesmith:Strike_RS","Runesmith:Defend_RS","Runesmith:Defend_RS","Runesmith:Defend_RS","Runesmith:Defend_RS"]},{"damage_healed":0,"gold_gain":0,"player_choice":"Opened","damage_taken":0,"relics_obtained":["Bronze Scales"],"max_hp_gain":0,"max_hp_loss":0,"event_name":"The Mausoleum","floor":27,"gold_loss":0},{"cards_removed":["Runesmith:RuneHurl"],"damage_healed":0,"gold_gain":0,"player_choice":"Gave Gold","damage_taken":0,"max_hp_gain":0,"max_hp_loss":0,"event_name":"Beggar","floor":31,"gold_loss":75},{"damage_healed":0,"gold_gain":0,"player_choice":"Fight","damage_taken":0,"max_hp_gain":0,"max_hp_loss":0,"event_name":"Mysterious Sphere","floor":37,"gold_loss":0},{"damage_healed":60,"gold_gain":0,"player_choice":"Heal","damage_taken":0,"max_hp_gain":0,"max_hp_loss":0,"event_name":"MindBloom","floor":42,"gold_loss":0,"cards_obtained":["Doubt"]},{"damage_healed":61,"gold_gain":0,"player_choice":"Heal","damage_taken":0,"max_hp_gain":0,"max_hp_loss":9,"event_name":"The Moai Head","floor":48,"gold_loss":0}],"is_beta":false,"boss_relics":[{"not_picked":["Busted Crown","aspiration:SilentSkillbook"],"picked":"expansioncontent:StudyCardRelic"},{"not_picked":["aspiration:PoetsPen_weak","SlaversCollar"],"picked":"Runesmith:UraniumAnvil"}],"items_purged_floors":[],"is_endless":false,"potions_floor_spawned":[3,8,11,12,22,33,35,37,39,41],"ascension_level":0}}