{"host":"qmufev141yub3yf0","time":1610011661,"event":{"mods":["BaseMod","Minty Spire (QoL Compilation)","Quick Restart","StSLib","SuperFastMode"],"gold_per_floor":[109,109,59,78,88,120,120,154,154,9,9,9,9],"floor_reached":12,"playtime":268,"items_purged":["Strike_R"],"score":99,"play_id":"2284a49b-f2ec-4fc9-b321-2e5e99547b67","local_time":"20210107172741","is_ascension_mode":true,"campfire_choices":[{"data":"Body Slam","floor":7,"key":"SMITH"},{"floor":11,"key":"REST"}],"circlet_count":0,"master_deck":["Strike_R","Strike_R","Strike_R","Strike_R","Defend_R","Defend_R","Defend_R","Defend_R","Bash","Body Slam+1"],"relics":["Burning Blood","NeowsBlessing","Smiling Mask","Ornamental Fan","WingedGreaves","Gremlin Horn","MealTicket"],"acts_visited":["Exordium"],"potions_floor_usage":[6,8],"damage_taken":[{"damage":0,"enemies":"Cultist","floor":1,"turns":1},{"damage":0,"enemies":"2 Louse","floor":4,"turns":1},{"damage":0,"enemies":"Small Slimes","floor":5,"turns":1},{"damage":39,"enemies":"Gremlin Nob","floor":6,"turns":5},{"damage":35,"enemies":"3 Sentries","floor":8,"turns":10},{"damage":56,"enemies":"Lagavulin","floor":12,"turns":8}],"seed_played":"-3445684255848684650","potions_obtained":[{"floor":5,"key":"Explosive Potion"},{"floor":6,"key":"Strength Potion"}],"is_trial":false,"path_per_floor":["M","T","$","M","M","E","R","E","T","$","R","E"],"character_chosen":"IRONCLAD","items_purchased":["MealTicket"],"campfire_rested":1,"item_purchase_floors":[10],"current_hp_per_floor":[80,80,80,80,80,47,47,18,18,18,42,0,0],"gold":9,"neow_bonus":"THREE_ENEMY_KILL","is_daily":false,"chose_seed":false,"campfire_upgraded":1,"win_rate":0.0,"timestamp":1610011661,"path_taken":["M","?","$","?","?","E","R","E","T","$","R","E"],"items_purchased_type":["Relic"],"build_version":"2020-12-22","purchased_purges":1,"victory":false,"max_hp_per_floor":[80,80,80,80,80,80,80,80,80,80,80,80,80],"card_choices":[{"not_picked":["Wild Strike","Sword Boomerang","Anger"],"picked":"SKIP","floor":1},{"not_picked":["True Grit","Dropkick","Sentinel"],"picked":"SKIP","floor":4},{"not_picked":["Clothesline","Flex","Seeing Red"],"picked":"SKIP","floor":5},{"not_picked":["Limit Break","Berserk"],"picked":"Body Slam","floor":6},{"not_picked":["Iron Wave","Wild Strike","Shockwave"],"picked":"SKIP","floor":8}],"player_experience":241223,"relics_obtained":[{"floor":2,"key":"Smiling Mask"},{"floor":6,"key":"Ornamental Fan"},{"floor":8,"key":"WingedGreaves"},{"floor":9,"key":"Gremlin Horn"}],"event_choices":[],"is_beta":false,"boss_relics":[],"items_purged_floors":[3],"is_endless":false,"potions_floor_spawned":[5,6],"killed_by":"Lagavulin","ascension_level":3}}