{"host":"1a3cjta80tad0aqj","time":1610049754,"event":{"mods":["2.2 Compatiblity","AchievementEnabler","BaseMod","Colored Map","DeckTracker","KOR Keyword Fix","Keyboard Shortcuts","Minty Spire (QoL Compilation)","Permanent Neow","Quick Restart","Random Character Button","StSLib","SuperFastMode","everything is the same but u backflip on backflip"],"gold_per_floor":[115,290,215,235,58,58,58,58,58,88,107,118,118,133,133,233,233,247,247,260,273,148,148,161,161,161,11,22,33,49,63,63,164,164,179,179,179,199,214,214,214,214],"floor_reached":41,"playtime":2004,"items_purged":["Doubt","Defend_P","Strike_P","Defend_P"],"score":447,"play_id":"1317638a-2061-4041-9912-11f5ead9b515","local_time":"20210108050234","is_ascension_mode":false,"campfire_choices":[{"data":"Eruption","floor":6.0,"key":"SMITH"},{"data":"FollowUp","floor":8.0,"key":"SMITH"},{"data":"EmptyFist","floor":13.0,"key":"SMITH"},{"data":"Vigilance","floor":15.0,"key":"SMITH"},{"floor":23.0,"key":"REST"},{"data":"Ragnarok","floor":25.0,"key":"SMITH"},{"floor":32.0,"key":"REST"},{"floor":40,"key":"REST"}],"circlet_count":0,"master_deck":["Strike_P","Strike_P","Strike_P","Defend_P","Defend_P","Eruption+1","Vigilance+1","FollowUp+1","FearNoEvil","Indignation","EmptyFist+1","Ragnarok+1","Omniscience","Trip","DeusExMachina"],"relics":["Cursed Key"],"acts_visited":["Exordium","TheCity","TheBeyond"],"potions_floor_usage":[39],"damage_taken":[{"damage":0.0,"enemies":"Jaw Worm","floor":1.0,"turns":4.0},{"damage":2.0,"enemies":"Small Slimes","floor":4.0,"turns":3.0},{"damage":9.0,"enemies":"3 Sentries","floor":10.0,"turns":9.0},{"damage":0.0,"enemies":"Cultist","floor":11.0,"turns":2.0},{"damage":0.0,"enemies":"3 Louse","floor":12.0,"turns":2.0},{"damage":5.0,"enemies":"2 Fungi Beasts","floor":14.0,"turns":3.0},{"damage":0.0,"enemies":"Slime Boss","floor":16.0,"turns":5.0},{"damage":6.0,"enemies":"Shell Parasite","floor":18.0,"turns":4.0},{"damage":0.0,"enemies":"2 Thieves","floor":20.0,"turns":1.0},{"damage":28.0,"enemies":"Centurion and Healer","floor":21.0,"turns":3.0},{"damage":5.0,"enemies":"Cultist and Chosen","floor":24.0,"turns":4.0},{"damage":0.0,"enemies":"Snake Plant","floor":28.0,"turns":1.0},{"damage":7.0,"enemies":"3 Cultists","floor":29.0,"turns":3.0},{"damage":15.0,"enemies":"Snecko","floor":30.0,"turns":4.0},{"damage":0.0,"enemies":"Snake Plant","floor":31.0,"turns":1.0},{"damage":43.0,"enemies":"Collector","floor":33.0,"turns":4.0},{"damage":15.0,"enemies":"3 Darklings","floor":35.0,"turns":5.0},{"damage":15.0,"enemies":"Orb Walker","floor":38.0,"turns":2.0},{"damage":25,"enemies":"Jaw Worm Horde","floor":39,"turns":4},{"damage":29,"enemies":"Maw","floor":41,"turns":5}],"seed_played":"5307346780381883643","potions_obtained":[{"floor":4.0,"key":"Dexterity Potion"},{"floor":12.0,"key":"Energy Potion"},{"floor":14.0,"key":"BlessingOfTheForge"},{"floor":18.0,"key":"Ambrosia"},{"floor":24.0,"key":"DistilledChaos"},{"floor":28.0,"key":"StancePotion"},{"floor":29.0,"key":"SpeedPotion"},{"floor":38.0,"key":"Explosive Potion"}],"is_trial":false,"path_per_floor":["M","?","$","M","$","R","?","R","T","E","M","M","R","M","R","B",null,"M","?","M","M","$","R","M","R","T","$","M","M","M","M","R","B",null,"M","?","?","M","M","R","M"],"character_chosen":"WATCHER","items_purchased":["FearNoEvil"],"campfire_rested":3,"item_purchase_floors":[5],"current_hp_per_floor":[72,72,72,70,70,70,70,70,70,61,61,61,61,56,56,56,72,66,66,66,38,38,59,54,54,54,54,54,47,32,32,53,10,72,57,57,57,42,17,38,9,9],"gold":214,"neow_bonus":"BOSS_RELIC","is_daily":false,"chose_seed":true,"campfire_upgraded":5,"win_rate":0.0,"timestamp":1610049754,"path_taken":["M","?","$","M","$","R","?","R","T","E","?","M","R","M","R","BOSS","M","?","M","M","$","R","M","R","T","$","M","M","M","M","R","BOSS","M","?","?","M","M","R","?"],"items_purchased_type":["Card"],"build_version":"2020-12-22","purchased_purges":4,"victory":false,"max_hp_per_floor":[72,72,72,72,72,72,72,72,72,72,72,72,72,72,72,72,72,72,72,72,72,72,72,72,72,72,72,72,72,72,72,72,72,72,72,72,72,72,72,72,72,72],"card_choices":[{"not_picked":["ForeignInfluence","FlurryOfBlows"],"picked":"FollowUp","floor":1.0},{"not_picked":["SashWhip","Prostrate","FlyingSleeves"],"picked":"SKIP","floor":4.0},{"not_picked":["Vengeance","Swivel"],"picked":"Indignation","floor":10.0},{"not_picked":["FearNoEvil","Halt","CrushJoints"],"picked":"SKIP","floor":11.0},{"not_picked":["Perseverance","WheelKick"],"picked":"EmptyFist","floor":12.0},{"not_picked":["Fasting2","Sanctity","FlurryOfBlows"],"picked":"SKIP","floor":14.0},{"not_picked":["SpiritShield","Wish"],"picked":"Ragnarok","floor":16.0},{"not_picked":["Halt","FlyingSleeves","ForeignInfluence+1"],"picked":"SKIP","floor":18.0},{"not_picked":["Crescendo+1","CrushJoints","Collect"],"picked":"SKIP","floor":20.0},{"not_picked":["Halt","SandsOfTime+1","Evaluate"],"picked":"SKIP","floor":21.0},{"not_picked":["FlurryOfBlows","JustLucky","Halt"],"picked":"SKIP","floor":24.0},{"not_picked":["Prostrate","JustLucky+1","Wish"],"picked":"SKIP","floor":28.0},{"not_picked":["Wireheading","SashWhip","Consecrate"],"picked":"SKIP","floor":29.0},{"not_picked":["Protect+1","Wallop+1","Evaluate"],"picked":"SKIP","floor":30.0},{"not_picked":["BowlingBash","Prostrate+1","ThirdEye+1"],"picked":"SKIP","floor":31.0},{"not_picked":["DevaForm","Establishment"],"picked":"Omniscience","floor":33.0},{"not_picked":["Pray+1","MentalFortress+1","DeceiveReality+1"],"picked":"SKIP","floor":35.0},{"not_picked":["Bandage Up","Discovery"],"picked":"Trip","floor":36.0},{"not_picked":["FlyingSleeves","Nirvana","Study+1"],"picked":"SKIP","floor":38.0},{"not_picked":["Crescendo","Weave+1","Tantrum"],"picked":"SKIP","floor":39},{"not_picked":["Crescendo","Weave+1","Tantrum"],"picked":"SKIP","floor":39}],"player_experience":179670,"relics_obtained":[],"event_choices":[{"damage_healed":0.0,"max_hp_gain":0.0,"max_hp_loss":0.0,"gold_gain":175.0,"event_name":"Liars Game","player_choice":"AGREE","floor":2.0,"gold_loss":0.0,"damage_taken":0.0,"cards_obtained":["Doubt"]},{"damage_healed":0.0,"max_hp_gain":0.0,"max_hp_loss":0.0,"gold_gain":0.0,"event_name":"Match and Keep!","player_choice":"0 cards matched","floor":7.0,"gold_loss":0.0,"damage_taken":0.0,"cards_obtained":[]},{"damage_healed":0.0,"max_hp_gain":0.0,"max_hp_loss":0.0,"gold_gain":0.0,"event_name":"Ghosts","player_choice":"Ignored","floor":19.0,"gold_loss":0.0,"damage_taken":0.0},{"damage_healed":0.0,"max_hp_gain":0.0,"max_hp_loss":0.0,"gold_gain":0.0,"event_name":"SensoryStone","player_choice":"Memory 1","floor":36.0,"gold_loss":0.0,"damage_taken":0.0},{"damage_healed":0.0,"max_hp_gain":0.0,"max_hp_loss":0.0,"gold_gain":0.0,"event_name":"Match and Keep!","player_choice":"1 cards matched","floor":37.0,"gold_loss":0.0,"damage_taken":0.0,"cards_obtained":["DeusExMachina"]}],"is_beta":false,"boss_relics":[{"not_picked":[]},{"not_picked":[]}],"items_purged_floors":[3,5,22,27],"is_endless":false,"potions_floor_spawned":[4,12,14,18,24,28,29,30,38],"killed_by":"Maw","ascension_level":0}}