{"host":"ue7jlgf7uv134an9","time":1610004611,"event":{"mods":["BaseMod","Better Third Choice","Defuse TimeMaze Blight","Minty Spire (QoL Compilation)","Quick Restart","Rare Cards Sparkle","Relic Stats","StSLib","UnlockEverythingMod"],"gold_per_floor":[113,38,65,82,82,82,109,109,109,121,121,140,175,175,175,248,248,268,278,203,203,203,203,215,242,242,271,232,252,286,386,386,464,464,483,501,548,108,118,118,118],"floor_reached":40,"playtime":5118,"items_purged":["Strike_G","Clumsy"],"score":954,"play_id":"162f7222-eac8-45c9-88ca-30c8e3347132","local_time":"20210107023011","is_ascension_mode":true,"campfire_choices":[{"data":"Phantasmal Killer","floor":6.0,"key":"SMITH"},{"data":"Blade Dance","floor":8.0,"key":"SMITH"},{"floor":15,"key":"REST"},{"floor":23,"key":"REST"},{"floor":32,"key":"REST"}],"circlet_count":0,"master_deck":["AscendersBane","Defend_G+1","Defend_G","Defend_G","Defend_G","Defend_G","Survivor","Neutralize+1","Dagger Spray","Dagger Spray","Phantasmal Killer+1","Blade Dance+1","Blade Dance","Terror","Accuracy+1","Finisher","Setup","Unload","Deflect+1","PiercingWail","Masterful Stab","After Image+1","Well Laid Plans+1","Corpse Explosion","Dash+1","Secret Weapon","Deflect"],"relics":["Ring of the Snake","NeowsBlessing","Potion Belt","MealTicket","Frozen Egg 2","Regal Pillow","Letter Opener","Cursed Key","Art of War","Pantograph","Boot","Molten Egg 2","Peace Pipe","Ninja Scroll","Runic Pyramid","Ice Cream","Oddly Smooth Stone"],"acts_visited":["Exordium","TheCity","TheBeyond"],"potions_floor_usage":[18,27,29,31,33,33,37],"damage_taken":[{"damage":0.0,"enemies":"Small Slimes","floor":1.0,"turns":1.0},{"damage":0.0,"enemies":"Jaw Worm","floor":4.0,"turns":1.0},{"damage":0.0,"enemies":"Gremlin Nob","floor":7.0,"turns":1.0},{"damage":0.0,"enemies":"2 Louse","floor":10.0,"turns":3.0},{"damage":0.0,"enemies":"Lots of Slimes","floor":12.0,"turns":2.0},{"damage":2.0,"enemies":"3 Sentries","floor":13.0,"turns":3.0},{"damage":26,"enemies":"Hexaghost","floor":16,"turns":9},{"damage":13,"enemies":"Shell Parasite","floor":18,"turns":4},{"damage":13,"enemies":"Spheric Guardian","floor":19,"turns":4},{"damage":11,"enemies":"3 Cultists","floor":24,"turns":4},{"damage":11,"enemies":"Gremlin Leader","floor":25,"turns":5},{"damage":20,"enemies":"Slavers","floor":27,"turns":4},{"damage":4,"enemies":"Sentry and Sphere","floor":29,"turns":3},{"damage":7,"enemies":"Gremlin Leader","floor":30,"turns":8},{"damage":9,"enemies":"Colosseum Slavers","floor":31,"turns":3},{"damage":0,"enemies":"Colosseum Nobs","floor":31,"turns":6},{"damage":5,"enemies":"Champ","floor":33,"turns":11},{"damage":12,"enemies":"3 Darklings","floor":35,"turns":4},{"damage":0,"enemies":"Orb Walker","floor":36,"turns":1},{"damage":44,"enemies":"2 Orb Walkers","floor":37,"turns":4},{"damage":1,"enemies":"Sphere and 2 Shapes","floor":39,"turns":5},{"damage":73,"enemies":"Giant Head","floor":40,"turns":7}],"seed_played":"-468627820849778041","potions_obtained":[{"floor":4.0,"key":"SteroidPotion"},{"floor":10.0,"key":"SkillPotion"},{"floor":12.0,"key":"FearPotion"},{"floor":13.0,"key":"Dexterity Potion"},{"floor":24,"key":"DuplicationPotion"},{"floor":27,"key":"SpeedPotion"},{"floor":31,"key":"Block Potion"},{"floor":36,"key":"Explosive Potion"}],"is_trial":false,"path_per_floor":["M","?","T","M","?","R","E","R","T","M","?","M","E","?","R","B",null,"M","M","$","?","?","R","M","E","T","E","$","M","E","?","R","B",null,"M","M","?","$","M","E"],"character_chosen":"THE_SILENT","items_purchased":["Masterful Stab","Oddly Smooth Stone","Secret Weapon"],"campfire_rested":3,"item_purchase_floors":[28,38,38],"current_hp_per_floor":[59,59,59,59,59,59,59,59,59,59,24,24,22,2,36,10,52,39,26,41,41,22,56,45,34,34,14,29,25,18,9,43,61,65,53,53,9,24,23,0,0],"gold":118,"neow_bonus":"THREE_ENEMY_KILL","is_daily":false,"chose_seed":false,"campfire_upgraded":2,"win_rate":0.0,"timestamp":1610004611,"path_taken":["M","?","?","M","?","R","E","R","T","M","?","?","E","?","R","BOSS","M","M","$","?","?","R","M","E","T","E","$","?","E","?","R","BOSS","M","M","?","$","M","E"],"items_purchased_type":["Card","Relic","Card"],"build_version":"2020-12-22","purchased_purges":2,"victory":false,"max_hp_per_floor":[66,66,66,66,66,66,66,66,66,66,66,66,66,66,66,66,66,66,66,66,66,66,66,66,66,66,66,66,66,66,66,66,66,66,66,66,66,66,66,66,66],"relic_stats":{"Peace Pipe":0,"Regal Pillow":45,"counters":[22,93],"Pantograph":23,"MealTicket":45,"Art of War":[7],"Letter Opener":[158],"Cursed Key":1,"Boot":[77],"obtain_stats":[{"Potion Belt":3,"Ice Cream":37,"Regal Pillow":11,"NeowsBlessing":0,"Oddly Smooth Stone":38,"Letter Opener":13,"Frozen Egg 2":9,"Cursed Key":17,"Boot":27,"Peace Pipe":31,"Ninja Scroll":31,"Pantograph":26,"MealTicket":7,"Molten Egg 2":30,"Art of War":25,"Ring of the Snake":0,"Runic Pyramid":34},{"Potion Belt":1,"Ice Cream":20,"Regal Pillow":4,"NeowsBlessing":0,"Oddly Smooth Stone":20,"Letter Opener":6,"Frozen Egg 2":3,"Cursed Key":7,"Boot":12,"Peace Pipe":16,"Ninja Scroll":16,"Pantograph":11,"MealTicket":3,"Molten Egg 2":14,"Art of War":11,"Ring of the Snake":0,"Runic Pyramid":17},{"Potion Belt":1,"Ice Cream":81,"Regal Pillow":6,"NeowsBlessing":0,"Oddly Smooth Stone":81,"Letter Opener":11,"Frozen Egg 2":3,"Cursed Key":20,"Boot":41,"Peace Pipe":61,"Ninja Scroll":61,"Pantograph":37,"MealTicket":3,"Molten Egg 2":52,"Art of War":37,"Ring of the Snake":0,"Runic Pyramid":72}],"Ring of the Snake":[44]},"card_choices":[{"not_picked":["Terror","Sucker Punch"],"picked":"Dagger Spray","floor":1.0},{"not_picked":["Eviscerate","Escape Plan"],"picked":"Dagger Spray","floor":4.0},{"not_picked":["Outmaneuver","Setup"],"picked":"Blade Dance","floor":7.0},{"not_picked":["Escape Plan","Dagger Spray"],"picked":"Blade Dance","floor":10.0},{"not_picked":["Eviscerate","Distraction"],"picked":"Terror","floor":12.0},{"not_picked":["Infinite Blades+1","Dodge and Roll","Terror"],"picked":"SKIP","floor":13.0},{"not_picked":["Choke","Dagger Spray"],"picked":"Accuracy+1","floor":18},{"not_picked":["Catalyst","Footwork+1"],"picked":"Finisher","floor":19},{"not_picked":["Distraction","Acrobatics","Catalyst+1"],"picked":"SKIP","floor":24},{"not_picked":["Flying Knee","Expertise+1"],"picked":"Deflect+1","floor":25},{"not_picked":["Deflect","Dagger Throw"],"picked":"PiercingWail","floor":27},{"not_picked":["Footwork+1","Slice+1"],"picked":"After Image+1","floor":29},{"not_picked":["Reflex","Accuracy+1"],"picked":"Well Laid Plans+1","floor":30},{"not_picked":["Adrenaline","Die Die Die+1"],"picked":"Corpse Explosion","floor":33},{"not_picked":["Flying Knee+1","Masterful Stab+1","Acrobatics"],"picked":"SKIP","floor":35},{"not_picked":["Flying Knee+1","Caltrops+1","Heel Hook+1"],"picked":"SKIP","floor":36},{"not_picked":["Leg Sweep","Calculated Gamble"],"picked":"Dash+1","floor":37},{"not_picked":["Sucker Punch+1","Outmaneuver"],"picked":"Deflect","floor":39}],"player_experience":53867,"relics_obtained":[{"floor":3.0,"key":"Potion Belt"},{"floor":7.0,"key":"MealTicket"},{"floor":9.0,"key":"Frozen Egg 2"},{"floor":13.0,"key":"Letter Opener"},{"floor":25,"key":"Art of War"},{"floor":26,"key":"Pantograph"},{"floor":27,"key":"Boot"},{"floor":30,"key":"Molten Egg 2"},{"floor":31,"key":"Peace Pipe"},{"floor":31,"key":"Ninja Scroll"},{"floor":37,"key":"Ice Cream"}],"event_choices":[{"cards_removed":["Strike_G"],"damage_healed":0.0,"max_hp_gain":0.0,"max_hp_loss":0.0,"gold_gain":0.0,"event_name":"The Cleric","player_choice":"Card Removal","floor":2.0,"gold_loss":75.0,"damage_taken":0.0},{"damage_healed":0.0,"max_hp_gain":0.0,"max_hp_loss":0.0,"gold_gain":0.0,"cards_transformed":["Strike_G"],"event_name":"Living Wall","player_choice":"Change","floor":5.0,"gold_loss":0.0,"damage_taken":0.0,"cards_obtained":["Phantasmal Killer"]},{"damage_healed":0.0,"max_hp_gain":0.0,"max_hp_loss":0.0,"gold_gain":0.0,"event_name":"betterThird:BetterScrap","player_choice":"Relic ","floor":11.0,"gold_loss":0.0,"damage_taken":35.0,"cards_obtained":["Self Repair"]},{"damage_healed":22,"gold_gain":0,"player_choice":"Upgrade","damage_taken":20,"max_hp_gain":0,"max_hp_loss":66,"event_name":"betterThird:BetterShining","floor":14,"gold_loss":0,"cards_upgraded":["Defend_G","Neutralize"]},{"damage_healed":0,"gold_gain":0,"cards_transformed":["Strike_G","Strike_G"],"player_choice":"Became Test Subject","damage_taken":0,"max_hp_gain":0,"max_hp_loss":0,"event_name":"Drug Dealer","floor":21,"gold_loss":0,"cards_obtained":["Setup","Unload"]},{"damage_healed":0,"gold_gain":0,"player_choice":"POTION POTION ","damage_taken":19,"max_hp_gain":0,"max_hp_loss":0,"event_name":"Knowing Skull","floor":22,"potions_obtained":["Poison Potion","FairyPotion"],"gold_loss":0,"cards_obtained":[]},{"damage_healed":0,"gold_gain":0,"player_choice":"Fight","damage_taken":0,"max_hp_gain":0,"max_hp_loss":0,"event_name":"Colosseum","floor":31,"gold_loss":0},{"damage_healed":0,"gold_gain":0,"player_choice":"Fought Nobs","damage_taken":0,"max_hp_gain":0,"max_hp_loss":0,"event_name":"Colosseum","floor":31,"gold_loss":0},{"damage_healed":0,"gold_gain":0,"player_choice":"Fight","damage_taken":0,"max_hp_gain":0,"max_hp_loss":0,"event_name":"Mysterious Sphere","floor":37,"gold_loss":0}],"is_beta":false,"boss_relics":[{"not_picked":["Empty Cage","SlaversCollar"],"picked":"Cursed Key"},{"not_picked":["Fusion Hammer","Tiny House"],"picked":"Runic Pyramid"}],"items_purged_floors":[20,38],"is_endless":false,"potions_floor_spawned":[4,10,12,13,24,27,31,31,36],"killed_by":"Giant Head","ascension_level":20}}