{"host":"ktoxvvst1mwxww91","time":1610036462,"event":{"mods":["BaseMod","Hermit","Minty Spire (QoL Compilation)","StSLib","The Hierophant","The Mystic","The Necromancer"],"gold_per_floor":[110,185,185,29,44,74,74,106,131,149,149,159,175,194,194,268,318,332,247,247,262,279,279,8,22,22,22,22,22,22,41,41,118,118,136,45,60,71,87,87,87,87],"floor_reached":41,"playtime":1539,"items_purged":["Strike_B","Strike_B","Zap"],"score":842,"play_id":"c5d3b28a-2faa-45bb-b664-6c206e3ee468","local_time":"20210107172102","is_ascension_mode":true,"campfire_choices":[{"data":"Blizzard","floor":11.0,"key":"SMITH"},{"data":"Hologram","floor":15.0,"key":"SMITH"},{"data":"Capacitor","floor":23.0,"key":"SMITH"},{"floor":28.0,"key":"REST"},{"floor":32.0,"key":"REST"},{"data":"Barrage","floor":40,"key":"SMITH"}],"circlet_count":0,"master_deck":["AscendersBane","Strike_B+1","Defend_B+1","Defend_B+1","Defend_B+1","Defend_B+1","Dualcast","Blizzard+1","Cold Snap","Cold Snap","Capacitor+1","Conserve Battery","Glacier","Cold Snap","Hologram+1","Machine Learning","Barrage+1","Beam Cell+1","Capacitor+1","Leap","Reboot","Chill","Loop","Hologram","Cold Snap","Barrage+1"],"relics":["FrozenCore","NeowsBlessing","Tiny Chest","Art of War","Smiling Mask","Toy Ornithopter","Tiny House","Regal Pillow","Blood Vial","DollysMirror","Letter Opener"],"acts_visited":["Exordium","TheCity","TheBeyond"],"potions_floor_usage":[38,39],"damage_taken":[{"damage":0.0,"enemies":"Jaw Worm","floor":1.0,"turns":1.0},{"damage":0.0,"enemies":"2 Louse","floor":5.0,"turns":1.0},{"damage":0.0,"enemies":"Lagavulin","floor":6.0,"turns":1.0},{"damage":35.0,"enemies":"Gremlin Nob","floor":8.0,"turns":5.0},{"damage":2.0,"enemies":"Cultist","floor":10.0,"turns":4.0},{"damage":16.0,"enemies":"Exordium Wildlife","floor":12.0,"turns":5.0},{"damage":6.0,"enemies":"Looter","floor":13.0,"turns":2.0},{"damage":0.0,"enemies":"2 Fungi Beasts","floor":14.0,"turns":3.0},{"damage":19.0,"enemies":"Hexaghost","floor":16.0,"turns":11.0},{"damage":11.0,"enemies":"Shell Parasite","floor":18.0,"turns":8.0},{"damage":5.0,"enemies":"Chosen","floor":21.0,"turns":9.0},{"damage":23.0,"enemies":"Snecko","floor":22.0,"turns":8.0},{"damage":22.0,"enemies":"Shelled Parasite and Fungi","floor":25.0,"turns":8.0},{"damage":23.0,"enemies":"Chosen and Byrds","floor":31.0,"turns":11.0},{"damage":69.0,"enemies":"Champ","floor":33.0,"turns":12.0},{"damage":10.0,"enemies":"Orb Walker","floor":35.0,"turns":6.0},{"damage":0,"enemies":"3 Shapes","floor":37,"turns":5},{"damage":10,"enemies":"Maw","floor":38,"turns":9},{"damage":13,"enemies":"Spire Growth","floor":39,"turns":6},{"damage":71,"enemies":"Giant Head","floor":41,"turns":7}],"seed_played":"8376387875656941788","potions_obtained":[{"floor":1.0,"key":"Regen Potion"},{"floor":8.0,"key":"CultistPotion"},{"floor":12.0,"key":"AttackPotion"},{"floor":14.0,"key":"LiquidBronze"},{"floor":17.0,"key":"Weak Potion"},{"floor":18.0,"key":"EssenceOfSteel"},{"floor":22.0,"key":"Fire Potion"},{"floor":31.0,"key":"BlessingOfTheForge"},{"floor":33.0,"key":"BlessingOfTheForge"},{"floor":37,"key":"FocusPotion"},{"floor":38,"key":"Fruit Juice"}],"is_trial":false,"path_per_floor":["M","?","?","$","M","E","?","E","T","M","R","M","M","M","R","B",null,"M","?","T","M","M","R","$","M","T","?","R","$","?","M","R","B",null,"M","$","M","M","M","R","E"],"character_chosen":"DEFECT","items_purchased":["Blizzard","DollysMirror","Leap","Loop"],"campfire_rested":2,"item_purchase_floors":[4,24,24,36],"current_hp_per_floor":[64,53,53,53,53,53,53,32,32,30,30,19,18,18,18,4,59,53,53,53,55,34,34,34,19,19,19,56,56,56,35,72,10,60,52,52,54,56,50,50,0,0],"gold":87,"neow_bonus":"THREE_ENEMY_KILL","is_daily":false,"chose_seed":false,"campfire_upgraded":4,"win_rate":0.0,"timestamp":1610036462,"path_taken":["M","?","?","$","M","E","?","E","T","M","R","M","?","M","R","BOSS","M","?","?","M","M","R","$","M","T","?","R","$","?","M","R","BOSS","M","$","M","M","?","R","E"],"items_purchased_type":["Card","Relic","Card","Card"],"build_version":"2020-12-22","purchased_purges":3,"victory":false,"max_hp_per_floor":[71,71,71,71,71,71,71,71,71,71,71,71,71,71,71,71,76,76,76,76,76,76,76,76,76,76,76,76,76,76,76,76,76,76,76,76,76,81,81,81,81,81],"card_choices":[{"not_picked":["Tempest","Consume"],"picked":"Rebound","floor":1.0},{"not_picked":["Scrape","Beam Cell"],"picked":"Cold Snap","floor":5.0},{"not_picked":["Steam","Sweeping Beam"],"picked":"Cold Snap","floor":6.0},{"not_picked":["Ball Lightning","Double Energy"],"picked":"Capacitor","floor":8.0},{"not_picked":["Ball Lightning","BootSequence"],"picked":"Conserve Battery","floor":10.0},{"not_picked":["Turbo","BootSequence"],"picked":"Glacier","floor":12.0},{"not_picked":["Skim","White Noise"],"picked":"Cold Snap","floor":13.0},{"not_picked":["Rainbow","Gash"],"picked":"Hologram","floor":14.0},{"not_picked":["Biased Cognition","Creative AI"],"picked":"Machine Learning","floor":16.0},{"not_picked":["Storm","Rip and Tear"],"picked":"Barrage","floor":17.0},{"not_picked":["Coolheaded","Self Repair"],"picked":"Beam Cell+1","floor":18.0},{"not_picked":["Double Energy","Lockon","Heatsinks"],"picked":"SKIP","floor":21.0},{"not_picked":["Stack","Go for the Eyes","Ball Lightning"],"picked":"SKIP","floor":22.0},{"not_picked":["Go for the Eyes","Turbo"],"picked":"Reboot","floor":25.0},{"not_picked":["Go for the Eyes","Auto Shields"],"picked":"Chill","floor":31.0},{"not_picked":["Streamline","Lockon","Stack+1"],"picked":"SKIP","floor":35.0},{"not_picked":["Self Repair","Beam Cell"],"picked":"Hologram","floor":37},{"not_picked":["Go for the Eyes","Auto Shields"],"picked":"Cold Snap","floor":38},{"not_picked":["FTL","Tempest"],"picked":"Barrage","floor":39}],"player_experience":983584,"relics_obtained":[{"floor":6.0,"key":"Tiny Chest"},{"floor":8.0,"key":"Smiling Mask"},{"floor":9.0,"key":"Toy Ornithopter"},{"floor":20.0,"key":"Blood Vial"},{"floor":26.0,"key":"Letter Opener"}],"event_choices":[{"damage_healed":0.0,"max_hp_gain":0.0,"max_hp_loss":0.0,"gold_gain":75.0,"event_name":"World of Goop","player_choice":"Gather Gold","floor":2.0,"gold_loss":0.0,"damage_taken":11.0},{"cards_removed":["Strike_B"],"damage_healed":0.0,"max_hp_gain":0.0,"max_hp_loss":0.0,"gold_gain":0.0,"event_name":"Living Wall","player_choice":"Forget","floor":3.0,"gold_loss":0.0,"damage_taken":0.0},{"cards_removed":["Rebound"],"damage_healed":0.0,"max_hp_gain":0.0,"max_hp_loss":0.0,"gold_gain":0.0,"event_name":"WeMeetAgain","player_choice":"Gave Card","floor":7.0,"gold_loss":0.0,"damage_taken":0.0,"relics_obtained":["Art of War"]},{"damage_healed":0.0,"max_hp_gain":0.0,"max_hp_loss":0.0,"gold_gain":0.0,"event_name":"Addict","player_choice":"Obtained Relic","floor":19.0,"gold_loss":85.0,"damage_taken":0.0,"relics_obtained":["Regal Pillow"]},{"damage_healed":0.0,"max_hp_gain":0.0,"max_hp_loss":0.0,"gold_gain":0.0,"event_name":"Back to Basics","player_choice":"Simplicity","floor":27.0,"gold_loss":0.0,"damage_taken":0.0,"cards_upgraded":["Defend_B","Defend_B","Defend_B","Defend_B"]},{"damage_healed":0.0,"max_hp_gain":0.0,"max_hp_loss":0.0,"gold_gain":0.0,"event_name":"Accursed Blacksmith","player_choice":"Forge","floor":30.0,"gold_loss":0.0,"damage_taken":0.0,"cards_upgraded":["Barrage"]}],"is_beta":false,"boss_relics":[{"not_picked":["Runic Dome","Pandora\u0027s Box"],"picked":"Tiny House"},{"not_picked":["Inserter","Astrolabe"],"picked":"FrozenCore"}],"items_purged_floors":[4,24,36],"is_endless":false,"potions_floor_spawned":[1,8,12,14,18,22,31,33,37,38],"killed_by":"Giant Head","ascension_level":18}}