{"host":"sav7uxregyirlf69","time":1610012375,"event":{"mods":["AchievementEnabler","BaseMod","Colored Map","DeckTracker","Keyboard Shortcuts","Minty Spire (QoL Compilation)","READ ME - Guardian Mod","StSLib","SuperFastMode"],"gold_per_floor":[118,129,143,103,69,102,102,102,102,141,161,180,211,231,231,337,337,356,241,241,215,215,215,215],"floor_reached":23,"playtime":462,"items_purged":["Strike_R"],"score":222,"play_id":"3eccab4d-99ce-4a54-9c76-975ff4ae7655","local_time":"20210107183935","daily_mods":["Heirloom"],"is_ascension_mode":true,"campfire_choices":[{"data":"Hemokinesis","floor":8,"key":"SMITH"},{"data":"Evolve","floor":15,"key":"SMITH"}],"circlet_count":0,"master_deck":["Strike_R+1","Strike_R+1","Strike_R+1","Strike_R+1","Defend_R+1","Defend_R+1","Defend_R+1","Defend_R+1","Bash","Shrug It Off","Evolve+1","Second Wind","Hemokinesis+1","Pommel Strike","Uppercut","Flame Barrier","Clash","Limit Break","Armaments+1","Body Slam","Inflame"],"relics":["Burning Blood","Turnip","StoneCalendar","CeramicFish","Peace Pipe","Oddly Smooth Stone","Shuriken","Black Star"],"acts_visited":["Exordium","TheCity"],"potions_floor_usage":[4,6,10,12,14,23,23,23],"damage_taken":[{"damage":6,"enemies":"Cultist","floor":1,"turns":3},{"damage":5,"enemies":"Jaw Worm","floor":2,"turns":4},{"damage":0,"enemies":"Small Slimes","floor":3,"turns":4},{"damage":14,"enemies":"3 Sentries","floor":6,"turns":5},{"damage":16,"enemies":"Gremlin Nob","floor":10,"turns":3},{"damage":6,"enemies":"2 Fungi Beasts","floor":11,"turns":2},{"damage":4,"enemies":"Lots of Slimes","floor":12,"turns":4},{"damage":32,"enemies":"Lagavulin","floor":13,"turns":6},{"damage":13,"enemies":"Red Slaver","floor":14,"turns":2},{"damage":33,"enemies":"Slime Boss","floor":16,"turns":9},{"damage":21,"enemies":"3 Byrds","floor":18,"turns":5},{"damage":37,"enemies":"2 Thieves","floor":21,"turns":5},{"damage":52,"enemies":"Book of Stabbing","floor":23,"turns":6}],"seed_played":"-5163139589874656019","potions_obtained":[{"floor":2,"key":"PowerPotion"},{"floor":3,"key":"BloodPotion"},{"floor":4,"key":"Fruit Juice"},{"floor":4,"key":"EntropicBrew"},{"floor":6,"key":"AttackPotion"},{"floor":10,"key":"Block Potion"},{"floor":12,"key":"Ancient Potion"},{"floor":14,"key":"Fruit Juice"}],"is_trial":true,"path_per_floor":["M","M","M","?","$","E","?","R","T","E","M","M","E","M","R","B",null,"M","$","?","M","?","E"],"character_chosen":"IRONCLAD","items_purchased":["Hemokinesis","Body Slam"],"campfire_rested":0,"item_purchase_floors":[5,19],"current_hp_per_floor":[80,80,80,85,85,77,70,70,70,60,60,62,36,46,46,19,85,70,70,70,39,39,0,0],"gold":215,"neow_bonus":"","is_daily":false,"chose_seed":false,"campfire_upgraded":2,"win_rate":0.0,"timestamp":1610012375,"path_taken":["M","M","M","?","?","E","?","R","T","E","M","?","E","M","R","BOSS","M","$","?","M","?","E"],"items_purchased_type":["Card","Card"],"build_version":"2020-12-22","purchased_purges":1,"victory":false,"max_hp_per_floor":[80,80,80,85,85,85,85,85,85,85,85,85,85,85,85,85,85,85,85,85,85,85,90,90],"card_choices":[{"not_picked":["Spot Weakness","Body Slam"],"picked":"Shrug It Off","floor":1},{"not_picked":["Cleave","Clash"],"picked":"Evolve","floor":2},{"not_picked":["Twin Strike","Flex"],"picked":"Second Wind","floor":3},{"not_picked":["Havoc","Infernal Blade"],"picked":"Pommel Strike","floor":6},{"not_picked":["Anger","Rupture"],"picked":"Uppercut","floor":10},{"not_picked":["Bloodletting","Entrench"],"picked":"Flame Barrier","floor":11},{"not_picked":["Cleave","Exhume"],"picked":"Clash","floor":12},{"not_picked":["Havoc","True Grit","Entrench"],"picked":"SKIP","floor":13},{"not_picked":["Pummel","Heavy Blade","Perfected Strike"],"picked":"SKIP","floor":14},{"not_picked":["Exhume","Demon Form"],"picked":"Limit Break","floor":16},{"not_picked":["Combust","Blood for Blood"],"picked":"Armaments+1","floor":18},{"not_picked":["Metallicize+1","Whirlwind"],"picked":"Inflame","floor":21}],"player_experience":1179114,"relics_obtained":[{"floor":6,"key":"StoneCalendar"},{"floor":9,"key":"Peace Pipe"},{"floor":10,"key":"Oddly Smooth Stone"},{"floor":13,"key":"Shuriken"}],"event_choices":[{"damage_healed":0,"gold_gain":0,"player_choice":"Bought 3 Potions","damage_taken":0,"max_hp_gain":0,"max_hp_loss":0,"event_name":"The Woman in Blue","floor":4,"gold_loss":0},{"damage_healed":0,"gold_gain":0,"player_choice":"Success","damage_taken":7,"relics_obtained":["CeramicFish"],"max_hp_gain":0,"max_hp_loss":0,"event_name":"Scrap Ooze","floor":7,"gold_loss":0},{"damage_healed":0,"gold_gain":0,"player_choice":"Ignored","damage_taken":0,"max_hp_gain":0,"max_hp_loss":0,"event_name":"The Mausoleum","floor":20,"gold_loss":0},{"damage_healed":0,"gold_gain":0,"player_choice":"Simplicity","damage_taken":0,"max_hp_gain":0,"max_hp_loss":0,"event_name":"Back to Basics","floor":22,"gold_loss":0,"cards_upgraded":["Strike_R","Strike_R","Strike_R","Strike_R","Defend_R","Defend_R","Defend_R","Defend_R"]}],"is_beta":false,"boss_relics":[{"not_picked":["SlaversCollar","Coffee Dripper"],"picked":"Black Star"}],"items_purged_floors":[19],"is_endless":false,"potions_floor_spawned":[2,3,6,10,12,14],"killed_by":"Book of Stabbing","ascension_level":1}}