{"host":"sc0o2qwpf9j16a4i","time":1610025332,"event":{"mods":["AchievementEnabler","BaseMod","BetterRewards","Block Reminder","Colored Map","Colored Powertips","Custom Start","Highlight Path","Minty Spire (QoL Compilation)","Relic Stats"],"gold_per_floor":[110,110,124,124,139,139,193,193,193,205,197,209,242,293,305,413,425,460,65,65,89,89,89],"floor_reached":22,"playtime":448,"items_purged":["Strike_B"],"score":564,"play_id":"bd5e2a44-6f2f-455b-a6b5-c8c2976a7b73","local_time":"20210107151532","is_ascension_mode":true,"campfire_choices":[{"floor":6,"key":"REST"},{"floor":12,"key":"REST"},{"floor":15,"key":"REST"}],"circlet_count":0,"master_deck":["AscendersBane","Strike_B","Strike_B","Strike_B","Defend_B","Defend_B","Defend_B","Defend_B","Zap","Dualcast","Loop+1","Capacitor+1","Sweeping Beam","Ball Lightning+1","Conserve Battery","Cold Snap","Self Repair+1","Machine Learning+1","Defragment+1","Capacitor+1","Consume","Loop+1","Reinforced Body"],"relics":["Cracked Core","Frozen Egg 2","Matryoshka","Pen Nib","Mummified Hand","Golden Idol","MawBank","Emotion Chip","Shovel","Cursed Key","Lantern"],"acts_visited":["Exordium","TheCity"],"potions_floor_usage":[16],"damage_taken":[{"damage":7,"enemies":"Small Slimes","floor":1,"turns":4},{"damage":7,"enemies":"Jaw Worm","floor":3,"turns":3},{"damage":0,"enemies":"Cultist","floor":5,"turns":2},{"damage":9,"enemies":"Exordium Wildlife","floor":13,"turns":3},{"damage":9,"enemies":"3 Sentries","floor":14,"turns":5},{"damage":31,"enemies":"Slime Boss","floor":16,"turns":5},{"damage":21,"enemies":"2 Thieves","floor":18,"turns":4},{"damage":20,"enemies":"3 Byrds","floor":21,"turns":4},{"damage":38,"enemies":"Shelled Parasite and Fungi","floor":22,"turns":2}],"seed_played":"-6392641262252507965","potions_obtained":[{"floor":3,"key":"CultistPotion"},{"floor":5,"key":"Strength Potion"},{"floor":11,"key":"AttackPotion"},{"floor":21,"key":"Dexterity Potion"}],"is_trial":false,"path_per_floor":["M","?","M","?","M","R","?","?","T","$","?","R","M","E","R","B",null,"M","$","?","M","M"],"character_chosen":"DEFECT","items_purchased":["Frozen Egg 2","Matryoshka","Loop+1","Capacitor+1","Pen Nib","Mummified Hand","Sweeping Beam","Capacitor+1","Lantern","Consume"],"campfire_rested":3,"item_purchase_floors":[0,0,0,0,0,0,0,19,19,19],"current_hp_per_floor":[16,16,9,9,9,30,30,30,30,30,30,49,40,31,50,29,55,44,44,44,34,0,0],"gold":89,"neow_bonus":"","is_daily":false,"chose_seed":false,"campfire_upgraded":0,"win_rate":0.0,"timestamp":1610025332,"path_taken":["M","?","M","?","M","R","?","?","T","$","?","R","M","E","R","BOSS","M","$","?","M","M"],"items_purchased_type":["Relic","Relic","Card","Card","Relic","Relic","Card","Card","Relic","Card"],"build_version":"2020-12-22","purchased_purges":1,"victory":false,"max_hp_per_floor":[71,71,71,71,71,71,71,64,64,64,64,64,64,64,64,64,64,64,64,64,64,64,64],"relic_stats":{"Emotion Chip":[23,18,5,0,0],"Shovel":0,"counters":[70,350],"Mummified Hand":[26],"Golden Idol":41,"Pen Nib":[4],"MawBank":288,"Cursed Key":0,"obtain_stats":[{"Lantern":19,"Calipers":38,"Gremlin Horn":19,"CeramicFish":27,"Runic Capacitor":54,"Bag of Preparation":0,"Ginger":0,"Ancient Tea Set":0,"Smiling Mask":8,"Cursed Key":17,"ClockworkSouvenir":12,"Centennial Puzzle":36,"Emotion Chip":55,"HornCleat":25,"Matryoshka":0,"Shovel":14,"Sundial":13,"Mummified Hand":0,"Strawberry":31,"Tiny Chest":0,"MealTicket":10,"Cracked Core":0,"InkBottle":10,"Potion Belt":24,"Happy Flower":54,"Golden Idol":3,"Oddly Smooth Stone":12,"Eternal Feather":0,"Pen Nib":0,"Omamori":0,"War Paint":9,"Frozen Egg 2":0,"MawBank":7,"Akabeko":26,"Cables":23,"OrangePellets":11,"SlaversCollar":17,"Anchor":9,"DataDisk":14,"Snecko Eye":17,"Black Star":34,"Symbiotic Virus":45,"FossilizedHelix":13,"Toy Ornithopter":55},{"Lantern":68,"Calipers":35,"Gremlin Horn":24,"CeramicFish":28,"Runic Capacitor":42,"Bag of Preparation":44,"Ginger":44,"Ancient Tea Set":44,"Smiling Mask":48,"Cursed Key":67,"ClockworkSouvenir":49,"Centennial Puzzle":33,"Emotion Chip":43,"HornCleat":27,"Matryoshka":61,"Shovel":66,"Sundial":21,"Mummified Hand":61,"Strawberry":56,"Tiny Chest":44,"MealTicket":49,"Cracked Core":0,"InkBottle":6,"Potion Belt":54,"Happy Flower":42,"Golden Idol":2,"Oddly Smooth Stone":12,"Eternal Feather":16,"Pen Nib":61,"Omamori":44,"War Paint":5,"Frozen Egg 2":61,"MawBank":10,"Akabeko":27,"Cables":26,"OrangePellets":6,"SlaversCollar":51,"Anchor":21,"DataDisk":22,"Snecko Eye":15,"Black Star":32,"Symbiotic Virus":38,"FossilizedHelix":13,"Toy Ornithopter":43},{"Lantern":345,"Calipers":162,"Gremlin Horn":115,"CeramicFish":132,"Runic Capacitor":212,"Bag of Preparation":219,"Ginger":219,"Ancient Tea Set":219,"Smiling Mask":235,"Cursed Key":341,"ClockworkSouvenir":241,"Centennial Puzzle":156,"Emotion Chip":216,"HornCleat":129,"Matryoshka":321,"Shovel":337,"Sundial":95,"Mummified Hand":321,"Strawberry":276,"Tiny Chest":219,"MealTicket":241,"Cracked Core":0,"InkBottle":24,"Potion Belt":267,"Happy Flower":212,"Golden Idol":6,"Oddly Smooth Stone":48,"Eternal Feather":77,"Pen Nib":321,"Omamori":219,"War Paint":17,"Frozen Egg 2":321,"MawBank":41,"Akabeko":129,"Cables":123,"OrangePellets":24,"SlaversCollar":250,"Anchor":95,"DataDisk":102,"Snecko Eye":74,"Black Star":152,"Symbiotic Virus":179,"FossilizedHelix":58,"Toy Ornithopter":216}]},"card_choices":[{"not_picked":["Static Discharge+1","Sweeping Beam"],"picked":"Ball Lightning","floor":1},{"not_picked":["Chaos","Redo"],"picked":"Conserve Battery","floor":3},{"not_picked":["Stack","BootSequence"],"picked":"Cold Snap","floor":5},{"not_picked":["Hologram","Streamline","Ball Lightning"],"picked":"SKIP","floor":13},{"not_picked":["White Noise","Leap"],"picked":"Self Repair+1","floor":14},{"not_picked":["Multi-Cast","Reboot"],"picked":"Machine Learning+1","floor":16},{"not_picked":["Hologram+1","Conserve Battery"],"picked":"Defragment+1","floor":18},{"not_picked":["Steam","Beam Cell+1"],"picked":"Reinforced Body","floor":21}],"player_experience":571677,"relics_obtained":[{"floor":9,"key":"MawBank"},{"floor":9,"key":"Emotion Chip"},{"floor":14,"key":"Shovel"}],"event_choices":[{"damage_healed":0,"gold_gain":0,"player_choice":"Ignored","damage_taken":0,"max_hp_gain":0,"max_hp_loss":0,"event_name":"Shining Light","floor":2,"gold_loss":0},{"damage_healed":0,"gold_gain":0,"player_choice":"Grow","damage_taken":0,"max_hp_gain":0,"max_hp_loss":0,"event_name":"Living Wall","floor":4,"gold_loss":0,"cards_upgraded":["Ball Lightning"]},{"damage_healed":0,"gold_gain":54,"player_choice":"Gained Gold","damage_taken":0,"max_hp_gain":0,"max_hp_loss":0,"event_name":"Golden Wing","floor":7,"gold_loss":0},{"damage_healed":0,"gold_gain":0,"player_choice":"Lose Max HP","damage_taken":0,"relics_obtained":["Golden Idol"],"max_hp_gain":0,"max_hp_loss":7,"event_name":"Golden Idol","floor":8,"gold_loss":0},{"damage_healed":0,"gold_gain":0,"player_choice":"Bought 1 Potion","damage_taken":0,"max_hp_gain":0,"max_hp_loss":0,"event_name":"The Woman in Blue","floor":11,"gold_loss":0},{"damage_healed":0,"gold_gain":0,"player_choice":"Read","damage_taken":0,"max_hp_gain":0,"max_hp_loss":0,"event_name":"The Library","floor":20,"gold_loss":0,"cards_obtained":["Loop"]}],"is_beta":false,"boss_relics":[{"not_picked":["Empty Cage","Busted Crown"],"picked":"Cursed Key"}],"items_purged_floors":[19],"is_endless":false,"potions_floor_spawned":[3,5,14,21],"killed_by":"Shelled Parasite and Fungi","ascension_level":20}}