{"host":"ul0c1243uydmw2e7","time":1610034885,"event":{"mods":["BaseMod","Better Match","Better Silent Start","Better Vampires","BetterRewards","Block Reminder","Emptier Cage","Energized Spire","Minty Spire (QoL Compilation)","Replay The Spire","Shop Mod","StSLib","The Dragon Tamer","Virulent Crown"],"gold_per_floor":[118,134,134,157,157,157,180,180,180,180],"floor_reached":8,"playtime":312,"items_purged":[],"score":48,"play_id":"256ddcc3-3ab0-48de-b664-d449bd8032b7","local_time":"20210107105445","is_ascension_mode":false,"metric_token":915,"campfire_choices":[{"data":"DTMod:Training","floor":6,"key":"SMITH"}],"dtmod_dragon_data":[43,50,-1,-1,0,0],"circlet_count":0,"master_deck":["DTMod:Strike","DTMod:Strike","DTMod:Strike","DTMod:DoubleHit","DTMod:TargetDefense","DTMod:TargetDefense","DTMod:TargetDefense","DTMod:TargetDefense","DTMod:SwitchingTactic","DTMod:Training+1","DTMod:QuickFly","DTMod:MaximumCharge"],"relics":["DTMod:PactStone","NeowsBlessing","Golden Idol"],"acts_visited":["Exordium"],"potions_floor_usage":[],"damage_taken":[{"damage":0,"enemies":"2 Louse","floor":1,"turns":1},{"damage":0,"enemies":"Jaw Worm","floor":2,"turns":1},{"damage":0,"enemies":"Cultist","floor":4,"turns":1},{"damage":0,"enemies":"3 Louse","floor":7,"turns":4},{"damage":17,"enemies":"3 Sentries","floor":8,"turns":6}],"seed_played":"2784561614643438828","potions_obtained":[{"floor":4,"key":"Strength Potion"}],"is_trial":false,"path_per_floor":["M","M","?","M","?","R","M","E"],"character_chosen":"THE_DT","items_purchased":[],"campfire_rested":0,"item_purchase_floors":[],"current_hp_per_floor":[45,45,42,42,35,35,35,18,18,18],"gold":180,"neow_bonus":"THREE_ENEMY_KILL","is_daily":false,"chose_seed":false,"campfire_upgraded":1,"win_rate":0.0,"timestamp":1610034885,"path_taken":["M","M","?","M","?","R","M","E"],"items_purchased_type":[],"build_version":"2020-12-22","purchased_purges":0,"victory":false,"max_hp_per_floor":[45,45,42,42,42,42,42,42,42,42],"card_choices":[{"not_picked":["DTMod:QuickFly","DTMod:StarRain"],"picked":"DTMod:Training","floor":1},{"not_picked":["DTMod:BurningForce","DTMod:CleansingStrike","DTMod:TauntingStrike"],"picked":"SKIP","floor":2},{"not_picked":["DTMod:Threaten","DTMod:CleansingStrike"],"picked":"DTMod:QuickFly","floor":4},{"not_picked":["DTMod:Adaptation","DTMod:BurningEnergy"],"picked":"DTMod:MaximumCharge","floor":7}],"player_experience":326086,"relics_obtained":[],"event_choices":[{"damage_healed":0,"gold_gain":0,"player_choice":"Lose Max HP","damage_taken":0,"relics_obtained":["Golden Idol"],"max_hp_gain":0,"max_hp_loss":3,"event_name":"Golden Idol","floor":3,"gold_loss":0},{"cards_removed":["DTMod:Strike"],"damage_healed":0,"gold_gain":0,"player_choice":"Card Removal","damage_taken":7,"max_hp_gain":0,"max_hp_loss":0,"event_name":"Golden Wing","floor":5,"gold_loss":0}],"is_beta":false,"boss_relics":[],"items_purged_floors":[],"is_endless":false,"potions_floor_spawned":[4],"killed_by":"3 Sentries","ascension_level":0}}