{"host":"g01l53quoe6lrer0","time":1610050114,"event":{"mods":["2.2 Compatiblity","AchievementEnabler","BaseMod","Colored Map","Highlight Path","Keyboard Shortcuts","Minty Spire (QoL Compilation)","Permanent Neow","StSLib","SuperFastMode","everything is the same but u backflip on backflip"],"gold_per_floor":[19,19,34,54,67,67,98,273,300,332,332,348,359,215,215,319,319,335,186,186,107,123,123,158,184,184,184,210,210,210,210],"floor_reached":30,"playtime":733,"items_purged":["Strike_R","Strike_R"],"score":424,"play_id":"033f1493-f96f-43ac-a1e0-82f28da8c4a6","local_time":"20210108050834","is_ascension_mode":true,"campfire_choices":[{"data":"Flex","floor":6.0,"key":"SMITH"},{"data":"Limit Break","floor":15.0,"key":"SMITH"},{"floor":23.0,"key":"REST"},{"floor":29,"key":"REST"}],"circlet_count":0,"master_deck":["AscendersBane","Strike_R","Strike_R","Defend_R","Defend_R","Defend_R","Bash","Limit Break+1","Flex+1","Headbutt","Sword Boomerang+1","Twin Strike","Shrug It Off","Burning Pact","Disarm","Inflame","Double Tap","Inflame","Spot Weakness+1","Sentinel+1"],"relics":["Burning Blood","Strawberry","PreservedInsect","Tiny Chest","Dream Catcher","Spirit Poop","Velvet Choker","Pocketwatch","CeramicFish","Centennial Puzzle"],"acts_visited":["Exordium","TheCity"],"potions_floor_usage":[],"damage_taken":[{"damage":15.0,"enemies":"Cultist","floor":1.0,"turns":5.0},{"damage":5.0,"enemies":"Small Slimes","floor":3.0,"turns":3.0},{"damage":6.0,"enemies":"2 Louse","floor":4.0,"turns":3.0},{"damage":0.0,"enemies":"Large Slime","floor":5.0,"turns":5.0},{"damage":20.0,"enemies":"3 Sentries","floor":7.0,"turns":5.0},{"damage":0.0,"enemies":"Gremlin Nob","floor":10.0,"turns":2.0},{"damage":24.0,"enemies":"Exordium Wildlife","floor":12.0,"turns":5.0},{"damage":8.0,"enemies":"Lots of Slimes","floor":13.0,"turns":4.0},{"damage":26.0,"enemies":"Hexaghost","floor":16.0,"turns":8.0},{"damage":29.0,"enemies":"3 Byrds","floor":18.0,"turns":6.0},{"damage":22.0,"enemies":"Shell Parasite","floor":22.0,"turns":5.0},{"damage":25,"enemies":"Gremlin Leader","floor":24,"turns":3},{"damage":14,"enemies":"Snake Plant","floor":28,"turns":2},{"damage":44,"enemies":"Book of Stabbing","floor":30,"turns":4}],"seed_played":"3414909695662945331","potions_obtained":[{"floor":3.0,"key":"SpeedPotion"},{"floor":4.0,"key":"Explosive Potion"},{"floor":13.0,"key":"Strength Potion"},{"floor":28,"key":"Regen Potion"}],"is_trial":false,"path_per_floor":["M","?","M","M","M","R","E","?","T","E","?","M","M","$","R","B",null,"M","$","?","$","M","R","E","T","T","?","M","R","E"],"character_chosen":"IRONCLAD","items_purchased":["Inflame","Explosive Potion","Inflame"],"campfire_rested":2,"item_purchase_floors":[14,19,21],"current_hp_per_floor":[63,70,71,71,77,77,63,63,63,69,69,51,49,49,49,29,73,50,50,50,50,34,60,41,41,41,24,16,43,0,0],"gold":210,"neow_bonus":"TRANSFORM_TWO_CARDS","is_daily":false,"chose_seed":false,"campfire_upgraded":2,"win_rate":0.0,"timestamp":1610050114,"path_taken":["M","?","?","M","M","R","E","?","T","E","?","M","M","$","R","BOSS","M","?","?","$","M","R","E","?","T","?","M","R","E"],"items_purchased_type":["Card","Potion","Card"],"build_version":"2020-12-22","purchased_purges":2,"victory":false,"max_hp_per_floor":[80,87,87,87,87,87,87,87,87,87,87,87,87,87,87,87,87,87,87,87,87,87,87,87,87,87,92,92,92,92,92],"card_choices":[{"not_picked":["Armaments","Uppercut"],"picked":"Flex","floor":1.0},{"not_picked":["True Grit","Rampage"],"picked":"Headbutt","floor":3.0},{"not_picked":["Barricade","Shrug It Off"],"picked":"Sword Boomerang","floor":4.0},{"not_picked":["Rupture","Iron Wave"],"picked":"Twin Strike","floor":5.0},{"not_picked":["Carnage","Searing Blow"],"picked":"Shrug It Off","floor":7.0},{"not_picked":["Twin Strike","Headbutt"],"picked":"Burning Pact","floor":10.0},{"not_picked":["Havoc","Warcry","Headbutt"],"picked":"SKIP","floor":12.0},{"not_picked":["Havoc","True Grit"],"picked":"Disarm","floor":13.0},{"not_picked":["Brutality","Immolate"],"picked":"Double Tap","floor":16.0},{"not_picked":["Hemokinesis+1","Burning Pact+1","Clothesline"],"picked":"SKIP","floor":18.0},{"not_picked":["Heavy Blade","Infernal Blade"],"picked":"Spot Weakness+1","floor":22.0},{"not_picked":["Sword Boomerang","Armaments","Headbutt"],"picked":"SKIP","floor":24},{"not_picked":["Clash","Intimidate"],"picked":"Sentinel+1","floor":28}],"player_experience":74068,"relics_obtained":[{"floor":7.0,"key":"PreservedInsect"},{"floor":9.0,"key":"Tiny Chest"},{"floor":10.0,"key":"Dream Catcher"},{"floor":24,"key":"Pocketwatch"},{"floor":25,"key":"CeramicFish"},{"floor":26,"key":"Centennial Puzzle"}],"event_choices":[{"cards_removed":["Sentinel"],"damage_healed":0.0,"max_hp_gain":0.0,"max_hp_loss":0.0,"gold_gain":0.0,"event_name":"WeMeetAgain","player_choice":"Gave Card","floor":2.0,"gold_loss":0.0,"damage_taken":0.0,"relics_obtained":["Strawberry"]},{"damage_healed":0.0,"max_hp_gain":0.0,"max_hp_loss":0.0,"gold_gain":175.0,"event_name":"Liars Game","player_choice":"AGREE","floor":8.0,"gold_loss":0.0,"damage_taken":0.0,"cards_obtained":["Doubt"]},{"cards_removed":["Doubt"],"damage_healed":0.0,"max_hp_gain":0.0,"max_hp_loss":0.0,"gold_gain":0.0,"event_name":"Bonfire Elementals","player_choice":"Offered Curse","floor":11.0,"gold_loss":0.0,"damage_taken":0.0,"relics_obtained":["Spirit Poop"]},{"damage_healed":0.0,"max_hp_gain":0.0,"max_hp_loss":0.0,"gold_gain":0.0,"event_name":"Accursed Blacksmith","player_choice":"Forge","floor":20.0,"gold_loss":0.0,"damage_taken":0.0,"cards_upgraded":["Sword Boomerang"]},{"damage_healed":0,"gold_gain":0,"player_choice":"Shed Blood","damage_taken":22,"max_hp_gain":5,"max_hp_loss":0,"event_name":"Forgotten Altar","floor":27,"gold_loss":0}],"is_beta":false,"boss_relics":[{"not_picked":["Mark of Pain","Astrolabe"],"picked":"Velvet Choker"}],"items_purged_floors":[14,19],"is_endless":false,"potions_floor_spawned":[3,4,13,24,28],"killed_by":"Book of Stabbing","ascension_level":10}}