{"host":"y2qjvfum100bh0ui","time":1610020073,"event":{"mods":["AchievementEnabler","BaseMod","Hermit","Marked Mod","Minty Spire (QoL Compilation)","StSLib","The Servant 0.9.4"],"gold_per_floor":[112,112,125,125,125,125,141,160,160,160,183,147,181,191,191,191,191],"floor_reached":16,"playtime":644,"items_purged":[],"score":125,"play_id":"54347ddf-5143-4d72-9309-f0ba84584d74","local_time":"20210107194753","is_ascension_mode":false,"campfire_choices":[{"data":"SurpressingFire","floor":6.0,"key":"SMITH"},{"data":"KidneyShot","floor":10.0,"key":"SMITH"},{"data":"Initiator","floor":15.0,"key":"SMITH"}],"circlet_count":0,"master_deck":["Strike_S","Strike_S","Strike_S","Defend_S","Defend_S","Defend_S","Defend_S","KidneyShot+1","Exchange","Unruled+1","ReturningBlade","SurpressingFire+1","Ricochet","Starlight","InstantArmor","Potential","Initiator+1"],"relics":["Uniform","Meat on the Bone","Odd Mushroom","Eternal Feather"],"acts_visited":["Exordium"],"potions_floor_usage":[],"damage_taken":[{"damage":3.0,"enemies":"Jaw Worm","floor":1.0,"turns":4.0},{"damage":2.0,"enemies":"2 Louse","floor":3.0,"turns":3.0},{"damage":0.0,"enemies":"Small Slimes","floor":7.0,"turns":3.0},{"damage":21.0,"enemies":"Exordium Thugs","floor":8.0,"turns":6.0},{"damage":16.0,"enemies":"The Mushroom Lair","floor":11.0,"turns":4.0},{"damage":0.0,"enemies":"Gremlin Nob","floor":13.0,"turns":3.0},{"damage":0.0,"enemies":"Gremlin Gang","floor":14.0,"turns":2.0},{"damage":44,"enemies":"Slime Boss","floor":16,"turns":7}],"seed_played":"-1322480465516329937","potions_obtained":[{"floor":1.0,"key":"Ancient Potion"},{"floor":7.0,"key":"Strength Potion"},{"floor":11.0,"key":"Dexterity Potion"}],"is_trial":false,"path_per_floor":["M","$","M","?","?","R","M","M","T","R","?","$","E","M","R","B"],"character_chosen":"THE_SERVANT","items_purchased":["InstantArmor"],"campfire_rested":0,"item_purchase_floors":[12],"current_hp_per_floor":[62,62,60,60,60,60,60,39,39,39,35,35,35,35,44,0,0],"gold":191,"neow_bonus":"TRANSFORM_CARD","is_daily":false,"chose_seed":false,"campfire_upgraded":3,"win_rate":0.0,"timestamp":1610020073,"path_taken":["M","$","M","?","?","R","M","M","T","R","?","$","E","M","R","BOSS"],"items_purchased_type":["Card"],"build_version":"2020-12-22","purchased_purges":0,"victory":false,"max_hp_per_floor":[65,65,65,65,65,65,65,65,65,65,65,65,65,65,65,65,65],"card_choices":[{"not_picked":["Rewind","Revamp"],"picked":"ReturningBlade","floor":1.0},{"not_picked":["Replace","BottledTime"],"picked":"SurpressingFire","floor":3.0},{"not_picked":["Unruled","FastForward","Read"],"picked":"SKIP","floor":7.0},{"not_picked":["Unruled","BottledTime"],"picked":"Ricochet","floor":8.0},{"not_picked":["Defy","Comet"],"picked":"Starlight","floor":11.0},{"not_picked":["Alleviate","Revamp"],"picked":"Potential","floor":13.0},{"not_picked":["Revamp","Comet"],"picked":"Initiator","floor":14.0}],"player_experience":13193,"relics_obtained":[{"floor":9.0,"key":"Meat on the Bone"},{"floor":11.0,"key":"Odd Mushroom"},{"floor":13.0,"key":"Eternal Feather"}],"event_choices":[{"damage_healed":0.0,"max_hp_gain":0.0,"max_hp_loss":0.0,"gold_gain":0.0,"event_name":"Liars Game","player_choice":"Ignored","floor":4.0,"gold_loss":0.0,"damage_taken":0.0},{"damage_healed":0.0,"max_hp_gain":0.0,"max_hp_loss":0.0,"gold_gain":0.0,"event_name":"Living Wall","player_choice":"Grow","floor":5.0,"gold_loss":0.0,"damage_taken":0.0,"cards_upgraded":["Unruled"]},{"damage_healed":0.0,"max_hp_gain":0.0,"max_hp_loss":0.0,"gold_gain":0.0,"event_name":"Mushrooms","player_choice":"Fought Mushrooms","floor":11.0,"gold_loss":0.0,"damage_taken":0.0}],"is_beta":false,"boss_relics":[],"items_purged_floors":[],"is_endless":false,"potions_floor_spawned":[1,7,11],"killed_by":"Slime Boss","ascension_level":0}}