{"host":"edk8ruzv78x6jv19","time":1610056440,"event":{"mods":["BaseMod","Better Third Choice","Energized Spire","Infinite Spire","Minty Spire (QoL Compilation)","Replay The Spire","StSLib","The Blue Laboratory","Thieving Mod","Treasure Hunter"],"gold_per_floor":[1217,1217,1217,1233,663,663,663,680,680,706,706,169,169,44,44,140,140,160,160,160,10,109,109,109,109,186,216,66,77,77,97,97,181,181,198,198,23,23,46,46,46,146,146,146,146,168,168,192,192,221],"floor_reached":51,"playtime":4019,"items_purged":["Pommel Strike","Twin Strike","Iron Wave","Anger+1","Carnage+1","Pummel+1","Clash"],"score":1124,"play_id":"2e64675b-11a7-48b3-a345-2817c91e74e3","local_time":"20210107155400","daily_mods":["SealedDeck","Heirloom","Time Dilation","Flight","DeadlyEvents","Elite Swarm","Lethality"],"is_ascension_mode":false,"campfire_choices":[{"data":"Clash","floor":6.0,"key":"SMITH"},{"data":"Clash","floor":7.0,"key":"SMITH"},{"data":"Searing Blow+1","floor":11.0,"key":"SMITH"},{"data":"Searing Blow+2","floor":13.0,"key":"SMITH"},{"data":"Cleave","floor":15.0,"key":"PURGE"},{"data":"ReplayTheSpireMod:Haul","floor":23.0,"key":"SMITH"},{"data":"Replay:Undeath\u0027s Touch","floor":24.0,"key":"SMITH"},{"data":"Replay:Undeath\u0027s Touch","floor":25.0,"key":"SMITH"},{"floor":32.0,"key":"REST"},{"data":"Searing Blow+5","floor":40,"key":"SMITH"},{"data":"Searing Blow+6","floor":41,"key":"SMITH"},{"data":"Searing Blow+7","floor":44,"key":"SMITH"},{"data":"Searing Blow+8","floor":45,"key":"SMITH"},{"data":"Clash+1","floor":49,"key":"PURGE"}],"circlet_count":0,"master_deck":["Replay:Undeath\u0027s Touch+1","Replay:Undeath\u0027s Touch+1","Replay:Undeath\u0027s Touch+1","Searing Blow+9","Limit Break+1","Clash+1","ReplayTheSpireMod:Haul+1"],"relics":["Burning Blood","FossilizedHelix","ReplayTheSpireMod:Ninjato","infinitespire:CheckeredPen","Golden Egg","Replay:Bottled Eggs","Chemical X","Replay:Bottled Steam","Astrolabe","Ornamental Fan","Orichalcum","Lantern","Gambling Chip","Black Blood","Gremlin Food","SlaversCollar","infinitespire:EvilPickle","Replay:Ringing Soul","ReplayTheSpireMod:Lightbulb","Brimstone","Replay:Wanted Poster","Pocketwatch","Replay:Bandana"],"acts_visited":["Exordium","TheCity","TheBeyond"],"potions_floor_usage":[],"damage_taken":[{"damage":0.0,"enemies":"Small Slimes","floor":1.0,"turns":1.0},{"damage":0.0,"enemies":"Cultist","floor":4.0,"turns":1.0},{"damage":0.0,"enemies":"2 Louse","floor":8.0,"turns":1.0},{"damage":0.0,"enemies":"Lagavulin","floor":10.0,"turns":1.0},{"damage":6.0,"enemies":"The Guardian","floor":16.0,"turns":2.0},{"damage":0.0,"enemies":"Chosen","floor":18.0,"turns":1.0},{"damage":0.0,"enemies":"Book of Stabbing","floor":27.0,"turns":1.0},{"damage":0.0,"enemies":"Shell Parasite","floor":29.0,"turns":1.0},{"damage":0.0,"enemies":"Slavers","floor":31.0,"turns":1.0},{"damage":0.0,"enemies":"Pondfish","floor":33.0,"turns":3.0},{"damage":0.0,"enemies":"3 Darklings","floor":35.0,"turns":1.0},{"damage":0.0,"enemies":"R_Hoarder","floor":39.0,"turns":1.0},{"damage":5,"enemies":"3 Shapes","floor":46,"turns":1},{"damage":50,"enemies":"Donu and Deca","floor":50,"turns":3}],"seed_played":"-1232368251563551897","potions_obtained":[{"floor":1.0,"key":"blueLaboratory:Moonshine"},{"floor":27.0,"key":"blueLaboratory:Moonshine"},{"floor":31.0,"key":"AttackPotion"},{"floor":39,"key":"Strength Potion"},{"floor":46,"key":"Adrenaline Potion"}],"is_trial":true,"path_per_floor":["M","?","?","M","$","R","R","M","T","E","R","$","R","$","R","B",null,"M","?","?","$","?","R","R","R","T","E","$","M","AVR","E","R","B",null,"M","T","$","?","E","R","R","AVR","T","R","R","M","$","T","R","B",null],"character_chosen":"IRONCLAD","items_purchased":["ReplayTheSpireMod:Ninjato","infinitespire:CheckeredPen","Armaments+1","Chemical X","Replay:Bottled Steam","Lantern"],"campfire_rested":1,"item_purchase_floors":[5,5,12,12,12,28],"current_hp_per_floor":[80,64,80,80,80,80,80,80,80,80,80,80,80,80,80,80,80,80,65,43,43,43,43,43,43,43,49,29,35,35,53,78,85,85,85,85,85,85,85,85,85,85,85,85,85,85,85,85,85,53],"gold":221,"neow_bonus":"","is_daily":false,"chose_seed":false,"campfire_upgraded":11,"win_rate":0.0,"timestamp":1610056440,"path_taken":["M","?","?","?","$","R","R","?","T","?","R","$","R","?","R","BOSS","M","?","?","$","?","R","R","R","T","E","$","?","AVR","?","R","BOSS","M","?","$","?","?","R","R","AVR","T","R","R","?","?","?","R","BOSS"],"items_purchased_type":["Relic","Relic","Card","Relic","Relic","Relic"],"build_version":"2020-12-22","purchased_purges":7,"victory":true,"max_hp_per_floor":[80,80,80,80,80,80,80,80,80,80,80,80,80,80,80,80,80,80,85,85,85,85,85,85,85,85,85,85,85,85,85,85,85,85,85,85,85,85,85,85,85,85,85,85,85,85,85,85,85,85],"card_choices":[{"not_picked":["ReplayTheSpireMod:Muscle Training","Feel No Pain"],"picked":"Searing Blow","floor":1.0},{"not_picked":["Body Slam","Power Through","Twin Strike"],"picked":"SKIP","floor":4.0},{"not_picked":["Power Through","Dropkick","Body Slam"],"picked":"SKIP","floor":8.0},{"not_picked":["TH:CursedSword","TH:CopperCoins"],"picked":"SKIP","floor":9.0},{"not_picked":["Offering","Eclipse"],"picked":"Limit Break","floor":10.0},{"not_picked":["TH:CopperCoins","TH:TreasureMap"],"picked":"SKIP","floor":10.0},{"not_picked":["Sever Soul","Havoc"],"picked":"Clash+1","floor":18.0},{"not_picked":["infinitespire:Punishment","infinitespire:SevenWalls"],"picked":"ReplayTheSpireMod:Haul","floor":20.0},{"not_picked":["TH:TreasureMap","TH:ElvenBoots"],"picked":"SKIP","floor":26.0},{"not_picked":["TH:DeckOfManyThings","TH:EnergyPotion"],"picked":"SKIP","floor":27.0},{"not_picked":["Bludgeon","Demon Form","Immolate"],"picked":"SKIP","floor":27.0},{"not_picked":["ReplayTheSpireMod:Strike From Hell","Shrug It Off"],"picked":"Clash","floor":29.0},{"not_picked":["TH:DeckOfManyThings","TH:BikiniMail"],"picked":"SKIP","floor":31.0},{"not_picked":["Impervious","Exhume","Replay:Many Hands"],"picked":"SKIP","floor":31.0},{"not_picked":["Pommel Strike","Twin Strike","ReplayReversal+1"],"picked":"SKIP","floor":35.0},{"not_picked":["TH:CursedSword","TH:Mimic"],"picked":"SKIP","floor":36.0},{"not_picked":["TH:CopperCoins","TH:Mimic"],"picked":"SKIP","floor":39},{"not_picked":["Impervious","Exhume","Double Tap"],"picked":"SKIP","floor":39},{"not_picked":["TH:TreasureMap","TH:PixieDust"],"picked":"SKIP","floor":43},{"not_picked":["Perfected Strike","ReplayTheSpireMod:LeadingStrike","Twin Strike+1"],"picked":"SKIP","floor":46},{"not_picked":["TH:CopperCoins","TH:BikiniMail"],"picked":"SKIP","floor":48}],"player_experience":42459,"relics_obtained":[{"floor":9.0,"key":"Golden Egg"},{"floor":10.0,"key":"Replay:Bottled Eggs"},{"floor":26.0,"key":"Ornamental Fan"},{"floor":27.0,"key":"Orichalcum"},{"floor":31.0,"key":"Gremlin Food"},{"floor":36.0,"key":"Replay:Ringing Soul"},{"floor":39,"key":"ReplayTheSpireMod:Lightbulb"},{"floor":43,"key":"Pocketwatch"},{"floor":48,"key":"Replay:Bandana"}],"event_choices":[{"damage_healed":80.0,"max_hp_gain":0.0,"max_hp_loss":80.0,"gold_gain":0.0,"event_name":"betterThird:BetterShining","player_choice":"Upgrade","floor":2.0,"gold_loss":0.0,"damage_taken":16.0,"cards_upgraded":["Twin Strike","Replay:Undeath\u0027s Touch"]},{"damage_healed":16.0,"max_hp_gain":0.0,"max_hp_loss":0.0,"gold_gain":0.0,"event_name":"Wheel of Change","player_choice":"Full Heal","floor":3.0,"gold_loss":0.0,"damage_taken":0.0},{"damage_healed":0.0,"max_hp_gain":5.0,"max_hp_loss":0.0,"gold_gain":0.0,"event_name":"Forgotten Altar","player_choice":"Shed Blood","floor":19.0,"gold_loss":0.0,"damage_taken":20.0},{"damage_healed":0.0,"max_hp_gain":0.0,"max_hp_loss":0.0,"gold_gain":99.0,"event_name":"betterThird:BetterNest","player_choice":"Steal","floor":22.0,"gold_loss":0.0,"damage_taken":0.0},{"damage_healed":0.0,"max_hp_gain":0.0,"max_hp_loss":0.0,"gold_gain":0.0,"event_name":"Accursed Blacksmith","player_choice":"Forge","floor":38.0,"gold_loss":0.0,"damage_taken":0.0,"cards_upgraded":["Searing Blow"]}],"is_beta":false,"boss_relics":[{"not_picked":["Sozu","Replay:Bronze Core"],"picked":"Astrolabe"},{"not_picked":["Snecko Eye","Replay:Grab Bag"],"picked":"SlaversCollar"}],"items_purged_floors":[5,12,14,21,30,37,42],"is_endless":false,"potions_floor_spawned":[1,27,31,39,46],"ascension_level":0}}