{"host":"i0avyit1s6jb1siw","time":1610017314,"event":{"mods":["BaseMod","DeckTracker","Dota2Spire","Highlight Path","Minty Spire (QoL Compilation)","Quick Restart","StSLib","SuperFastMode"],"gold_per_floor":[113,38,54,0,0,26,38,38,110,121,146,157,185,197,197,268,268,282,301,351,367,56,56,56],"floor_reached":23,"playtime":437,"items_purged":["Strike_R","Strike_R"],"score":476,"play_id":"a8f19ca8-6383-4398-9e2c-d808b2812495","local_time":"20210107120154","is_ascension_mode":true,"campfire_choices":[{"data":"Carnage","floor":8.0,"key":"SMITH"},{"data":"Disarm","floor":15.0,"key":"SMITH"}],"circlet_count":0,"master_deck":["AscendersBane","Strike_R","Strike_R","Defend_R","Defend_R","Defend_R","Defend_R","Bash","Shrug It Off","Wild Strike","Pommel Strike","Carnage+1","Evolve","Wild Strike","Disarm+1","Shrug It Off","Perfected Strike+1","Disarm"],"relics":["Burning Blood","NeowsBlessing","Dota2Spire:ShadowBlade","Bag of Preparation","Bird Faced Urn","Sozu","Medical Kit"],"acts_visited":["Exordium","TheCity"],"potions_floor_usage":[],"damage_taken":[{"damage":0.0,"enemies":"Cultist","floor":1.0,"turns":1.0},{"damage":0.0,"enemies":"Jaw Worm","floor":3.0,"turns":1.0},{"damage":0.0,"enemies":"3 Sentries","floor":6.0,"turns":1.0},{"damage":8.0,"enemies":"2 Louse","floor":7.0,"turns":2.0},{"damage":6.0,"enemies":"Red Slaver","floor":10.0,"turns":2.0},{"damage":22.0,"enemies":"Lagavulin","floor":11.0,"turns":5.0},{"damage":9.0,"enemies":"Exordium Wildlife","floor":12.0,"turns":3.0},{"damage":8.0,"enemies":"Gremlin Nob","floor":13.0,"turns":3.0},{"damage":24.0,"enemies":"Exordium Thugs","floor":14.0,"turns":5.0},{"damage":34.0,"enemies":"The Guardian","floor":16.0,"turns":12.0},{"damage":26,"enemies":"3 Byrds","floor":18,"turns":8},{"damage":9,"enemies":"Chosen","floor":19,"turns":3},{"damage":7,"enemies":"Snecko","floor":21,"turns":4},{"damage":46,"enemies":"Slavers","floor":23,"turns":3}],"seed_played":"-5014391932911016945","potions_obtained":[{"floor":1.0,"key":"Ancient Potion"},{"floor":11.0,"key":"GamblersBrew"},{"floor":13.0,"key":"PowerPotion"}],"is_trial":false,"path_per_floor":["M","$","M","$","?","E","M","R","T","M","E","M","E","M","R","B",null,"M","M","?","M","$","E"],"character_chosen":"IRONCLAD","items_purchased":["FearPotion","Medical Kit","Disarm"],"campfire_rested":0,"item_purchase_floors":[4,22,22],"current_hp_per_floor":[74,74,75,75,75,75,73,73,73,73,57,54,52,34,34,10,59,41,40,40,41,41,0,0],"gold":56,"neow_bonus":"THREE_ENEMY_KILL","is_daily":false,"chose_seed":false,"campfire_upgraded":2,"win_rate":0.0,"timestamp":1610017314,"path_taken":["M","$","?","$","?","E","?","R","T","M","E","?","E","M","R","BOSS","M","M","?","?","$","E"],"items_purchased_type":["Potion","Relic","Card"],"build_version":"2020-12-22","purchased_purges":2,"victory":false,"max_hp_per_floor":[75,75,75,75,75,75,75,75,75,75,75,75,75,75,75,75,75,75,75,75,75,75,75,75],"card_choices":[{"not_picked":["Dark Embrace","Havoc"],"picked":"Shrug It Off","floor":1.0},{"not_picked":["Heavy Blade","Headbutt"],"picked":"Wild Strike","floor":3.0},{"not_picked":["Flame Barrier","Rampage"],"picked":"Carnage","floor":6.0},{"not_picked":["Clothesline","Combust","Cleave"],"picked":"SKIP","floor":7.0},{"not_picked":["Headbutt","Clash","True Grit"],"picked":"SKIP","floor":10.0},{"not_picked":["Evolve","Rupture","Anger"],"picked":"SKIP","floor":11.0},{"not_picked":["Rupture","Anger"],"picked":"Evolve","floor":11.0},{"not_picked":["Shrug It Off","True Grit"],"picked":"Wild Strike","floor":12.0},{"not_picked":["Headbutt","Corruption"],"picked":"Disarm","floor":13.0},{"not_picked":["Iron Wave","Perfected Strike"],"picked":"Shrug It Off","floor":14.0},{"not_picked":["Havoc+1","Sentinel+1"],"picked":"Perfected Strike+1","floor":18},{"not_picked":["Flex","Disarm","Heavy Blade"],"picked":"SKIP","floor":19},{"not_picked":["Thunderclap","Havoc","Perfected Strike+1"],"picked":"SKIP","floor":21}],"player_experience":2180501,"relics_obtained":[{"floor":6.0,"key":"Dota2Spire:ShadowBlade"},{"floor":11.0,"key":"Bag of Preparation"},{"floor":13.0,"key":"Bird Faced Urn"}],"event_choices":[{"damage_healed":0.0,"max_hp_gain":0.0,"max_hp_loss":0.0,"gold_gain":0.0,"cards_transformed":["Strike_R"],"event_name":"Transmorgrifier","player_choice":"Transformed","floor":5.0,"gold_loss":0.0,"damage_taken":0.0,"cards_obtained":["Pommel Strike"]},{"damage_healed":0,"gold_gain":100,"player_choice":"Bet on Murderer","damage_taken":0,"max_hp_gain":0,"max_hp_loss":0,"event_name":"The Joust","floor":20,"gold_loss":50}],"is_beta":false,"boss_relics":[{"not_picked":["Busted Crown","Cursed Key"],"picked":"Sozu"}],"items_purged_floors":[2,22],"is_endless":false,"potions_floor_spawned":[1,11,12,13,18],"killed_by":"Slavers","ascension_level":20}}