{"host":"28p8ce41sjwa6lzf","time":1610042966,"event":{"mods":["BaseMod","Bestiary","Colored Map","Colored Powertips","Dark Map","Highlight Path","Minty Spire (QoL Compilation)","Permanent Neow","Quick Restart","Random Character Button","Rare Cards Sparkle","Relic Stats","StSLib","Unceasing Turn Reminder"],"gold_per_floor":[118,129,204,217,229,259,259,289,312,312,325,335,335,355,355,433,433,449,364,364,364,380,380,380,380],"floor_reached":24,"playtime":1017,"items_purged":[],"score":441,"play_id":"f5120b42-0083-4747-8cd0-f39ca6a0ea17","local_time":"20210107120926","is_ascension_mode":true,"campfire_choices":[{"floor":7.0,"key":"REST"},{"data":"Feed","floor":10.0,"key":"SMITH"},{"data":"True Grit","floor":13.0,"key":"SMITH"},{"floor":15.0,"key":"REST"},{"floor":23.0,"key":"REST"}],"circlet_count":0,"master_deck":["AscendersBane","Strike_R","Strike_R","Strike_R","Strike_R","Strike_R","Defend_R","Defend_R","Defend_R","Defend_R","Bash","Double Tap","Clothesline","Disarm","Dark Embrace","Flame Barrier","Evolve","Feed+1","True Grit+1","True Grit","Offering","Sword Boomerang+1","Sword Boomerang+1"],"relics":["Burning Blood","Bag of Preparation","Omamori","Happy Flower","Black Star","Dream Catcher","Molten Egg 2"],"acts_visited":["Exordium","TheCity"],"potions_floor_usage":[],"damage_taken":[{"damage":2.0,"enemies":"2 Louse","floor":1.0,"turns":3.0},{"damage":12.0,"enemies":"Jaw Worm","floor":2.0,"turns":2.0},{"damage":1.0,"enemies":"Cultist","floor":4.0,"turns":3.0},{"damage":17.0,"enemies":"Gremlin Gang","floor":5.0,"turns":5.0},{"damage":36.0,"enemies":"3 Sentries","floor":6.0,"turns":13.0},{"damage":29.0,"enemies":"Gremlin Nob","floor":8.0,"turns":4.0},{"damage":1.0,"enemies":"2 Fungi Beasts","floor":11.0,"turns":3.0},{"damage":8.0,"enemies":"Looter","floor":12.0,"turns":2.0},{"damage":3.0,"enemies":"Gremlin Gang","floor":14.0,"turns":6.0},{"damage":37.0,"enemies":"Slime Boss","floor":16.0,"turns":10.0},{"damage":1.0,"enemies":"3 Byrds","floor":18.0,"turns":6.0},{"damage":62.0,"enemies":"Spheric Guardian","floor":22.0,"turns":12.0},{"damage":63,"enemies":"Book of Stabbing","floor":24,"turns":4}],"seed_played":"5333979582692842970","potions_obtained":[{"floor":2.0,"key":"Energy Potion"},{"floor":4.0,"key":"Strength Potion"},{"floor":8.0,"key":"Energy Potion"},{"floor":12.0,"key":"Dexterity Potion"},{"floor":14.0,"key":"AttackPotion"}],"is_trial":false,"path_per_floor":["M","M","?","M","M","E","R","E","T","R","M","M","R","M","R","B",null,"M","?","?","T","M","R","E"],"character_chosen":"IRONCLAD","items_purchased":[],"campfire_rested":3,"item_purchase_floors":[],"current_hp_per_floor":[72,66,55,60,49,19,41,18,18,18,27,29,29,36,62,35,77,86,86,86,86,34,63,0,0],"gold":380,"neow_bonus":"ONE_RANDOM_RARE_CARD","is_daily":false,"chose_seed":false,"campfire_upgraded":2,"win_rate":0.0,"timestamp":1610042966,"path_taken":["M","M","?","M","M","E","R","E","T","R","M","M","R","M","R","BOSS","M","?","?","?","M","R","E"],"items_purchased_type":[],"build_version":"2020-12-22","purchased_purges":0,"victory":false,"max_hp_per_floor":[75,75,75,75,75,75,75,75,75,75,79,83,83,87,87,91,91,95,95,95,95,99,99,99,99],"relic_stats":{"Dream Catcher":1,"Happy Flower":[14],"counters":[13,73],"Bag of Preparation":[16],"Black Star":0,"obtain_stats":[{"Dream Catcher":19,"Happy Flower":9,"Molten Egg 2":21,"Bag of Preparation":6,"Omamori":8,"Black Star":17,"Burning Blood":0},{"Dream Catcher":11,"Happy Flower":6,"Molten Egg 2":11,"Bag of Preparation":5,"Omamori":6,"Black Star":10,"Burning Blood":0},{"Dream Catcher":57,"Happy Flower":30,"Molten Egg 2":57,"Bag of Preparation":26,"Omamori":30,"Black Star":51,"Burning Blood":0}],"Burning Blood":72},"card_choices":[{"not_picked":["Sentinel","Entrench"],"picked":"Clothesline","floor":1.0},{"not_picked":["Flex","Burning Pact"],"picked":"Disarm","floor":2.0},{"not_picked":["Clothesline","Warcry"],"picked":"Dark Embrace","floor":4.0},{"not_picked":["Warcry","Armaments"],"picked":"Flame Barrier","floor":5.0},{"not_picked":["Armaments","Shrug It Off"],"picked":"Evolve","floor":6.0},{"not_picked":["Uppercut","Headbutt"],"picked":"Feed","floor":8.0},{"not_picked":["Heavy Blade","Armaments","Body Slam"],"picked":"SKIP","floor":11.0},{"not_picked":["Pommel Strike","Headbutt"],"picked":"True Grit","floor":12.0},{"not_picked":["Intimidate","Sever Soul"],"picked":"True Grit","floor":14.0},{"not_picked":["Berserk","Barricade"],"picked":"Offering","floor":16.0},{"not_picked":["Heavy Blade","Body Slam","Second Wind"],"picked":"SKIP","floor":18.0},{"not_picked":["Dropkick+1","Iron Wave+1"],"picked":"Sword Boomerang+1","floor":22.0},{"not_picked":["Cleave+1","Thunderclap+1"],"picked":"Sword Boomerang+1","floor":23.0}],"player_experience":1102885,"relics_obtained":[{"floor":6.0,"key":"Bag of Preparation"},{"floor":8.0,"key":"Omamori"},{"floor":9.0,"key":"Happy Flower"},{"floor":21.0,"key":"Molten Egg 2"}],"event_choices":[{"damage_healed":0.0,"max_hp_gain":0.0,"max_hp_loss":0.0,"gold_gain":75.0,"event_name":"World of Goop","player_choice":"Gather Gold","floor":3.0,"gold_loss":0.0,"damage_taken":11.0},{"damage_healed":0.0,"max_hp_gain":0.0,"max_hp_loss":0.0,"gold_gain":0.0,"event_name":"Addict","player_choice":"Obtained Relic","floor":19.0,"gold_loss":85.0,"damage_taken":0.0,"relics_obtained":["Dream Catcher"]},{"damage_healed":0.0,"max_hp_gain":0.0,"max_hp_loss":0.0,"gold_gain":0.0,"event_name":"Ghosts","player_choice":"Ignored","floor":20.0,"gold_loss":0.0,"damage_taken":0.0}],"is_beta":false,"boss_relics":[{"not_picked":["Cursed Key","Busted Crown"],"picked":"Black Star"}],"items_purged_floors":[],"is_endless":false,"potions_floor_spawned":[2,4,8,12,14],"killed_by":"Book of Stabbing","ascension_level":20}}