{"host":"c7yluuzpqlymemjk","time":1610036294,"event":{"mods":["BaseMod","Colored Map","GifTheSpireLib","Minty Spire (QoL Compilation)","Relic Stats","StSLib","slay the spire mod where everything is the same but ironclad has a cowboy hat"],"gold_per_floor":[117,192,52,52,66,96,96,122,122,139,38,50,50,70,70,165,165,178,194,194,194],"floor_reached":20,"playtime":1023,"items_purged":[],"score":202,"play_id":"b9afcc2c-cd08-4c83-ac4a-618121a6240c","local_time":"20210107081814","is_ascension_mode":true,"campfire_choices":[{"floor":7,"key":"REST"},{"floor":15,"key":"REST"}],"circlet_count":0,"master_deck":["Strike_G","Strike_G","Strike_G","Strike_G","Strike_G","Defend_G","Defend_G","Defend_G","Defend_G","Defend_G","Survivor","Neutralize","Flash of Steel","Flying Knee","Noxious Fumes","Choke","Pain","Bouncing Flask","A Thousand Cuts","Finisher","Acrobatics","Noxious Fumes","Sucker Punch","Poisoned Stab","Underhanded Strike","Corpse Explosion","Crippling Poison","Poisoned Stab"],"relics":["Ring of the Snake","WarpedTongs","StrikeDummy","Strawberry","SlaversCollar"],"acts_visited":["Exordium","TheCity"],"potions_floor_usage":[14,16],"damage_taken":[{"damage":0,"enemies":"2 Louse","floor":1,"turns":2},{"damage":6,"enemies":"Jaw Worm","floor":5,"turns":3},{"damage":25,"enemies":"Lagavulin","floor":6,"turns":6},{"damage":26,"enemies":"Gremlin Nob","floor":8,"turns":5},{"damage":2,"enemies":"Cultist","floor":10,"turns":3},{"damage":9,"enemies":"Red Slaver","floor":12,"turns":4},{"damage":17,"enemies":"Lots of Slimes","floor":14,"turns":3},{"damage":13,"enemies":"Hexaghost","floor":16,"turns":9},{"damage":38,"enemies":"3 Byrds","floor":18,"turns":5},{"damage":33,"enemies":"Chosen","floor":19,"turns":5},{"damage":8,"enemies":"Centurion and Healer","floor":20,"turns":1}],"seed_played":"-4869028388529234417","potions_obtained":[{"floor":1,"key":"SteroidPotion"},{"floor":8,"key":"AttackPotion"},{"floor":12,"key":"Strength Potion"},{"floor":14,"key":"GamblersBrew"}],"is_trial":false,"path_per_floor":["M","?","$","?","M","E","R","E","T","M","$","M","$","M","R","B",null,"M","M","M"],"character_chosen":"THE_SILENT","items_purchased":["Noxious Fumes","Choke","Noxious Fumes","Sucker Punch"],"campfire_rested":2,"item_purchase_floors":[3,3,11,11],"current_hp_per_floor":[70,59,59,59,53,28,49,30,30,28,28,19,19,2,25,12,77,39,6,0,0],"gold":194,"neow_bonus":"RANDOM_COLORLESS","is_daily":false,"chose_seed":false,"campfire_upgraded":0,"win_rate":0.0,"timestamp":1610036294,"path_taken":["M","?","$","?","?","E","R","E","T","M","?","M","$","M","R","BOSS","M","M","?"],"items_purchased_type":["Card","Card","Card","Card"],"build_version":"2020-12-22","purchased_purges":0,"victory":false,"max_hp_per_floor":[70,70,70,70,70,70,70,77,77,77,77,77,77,77,77,77,77,77,77,77,77],"relic_stats":{"counters":[11,46],"obtain_stats":[{"SlaversCollar":17,"Strawberry":8,"StrikeDummy":6,"Ring of the Snake":0,"WarpedTongs":4},{"SlaversCollar":8,"Strawberry":4,"StrikeDummy":3,"Ring of the Snake":0,"WarpedTongs":1},{"SlaversCollar":35,"Strawberry":16,"StrikeDummy":11,"Ring of the Snake":0,"WarpedTongs":2}],"Ring of the Snake":[22],"WarpedTongs":[44]},"card_choices":[{"not_picked":["Trip","Jack Of All Trades"],"picked":"Flash of Steel","floor":0},{"not_picked":["Finisher","Poisoned Stab"],"picked":"Flying Knee","floor":1},{"not_picked":["Dodge and Roll","Leg Sweep"],"picked":"Bouncing Flask","floor":5},{"not_picked":["Acrobatics","Calculated Gamble"],"picked":"A Thousand Cuts","floor":6},{"not_picked":["Dash","Blade Dance"],"picked":"Finisher","floor":8},{"not_picked":["Underhanded Strike","Dagger Spray"],"picked":"Acrobatics","floor":10},{"not_picked":["Acrobatics","Terror"],"picked":"Poisoned Stab","floor":12},{"not_picked":["Acrobatics","Slice"],"picked":"Underhanded Strike","floor":14},{"not_picked":["A Thousand Cuts","Doppelganger"],"picked":"Corpse Explosion","floor":16},{"not_picked":["Deadly Poison","Flying Knee"],"picked":"Crippling Poison","floor":18},{"not_picked":["Dagger Spray","Endless Agony"],"picked":"Poisoned Stab","floor":19}],"player_experience":339960,"relics_obtained":[{"floor":6,"key":"StrikeDummy"},{"floor":8,"key":"Strawberry"}],"event_choices":[{"damage_healed":0,"gold_gain":75,"player_choice":"Gather Gold","damage_taken":11,"max_hp_gain":0,"max_hp_loss":0,"event_name":"World of Goop","floor":2,"gold_loss":0},{"damage_healed":0,"gold_gain":0,"player_choice":"Rummage","damage_taken":0,"relics_obtained":["WarpedTongs"],"max_hp_gain":0,"max_hp_loss":0,"event_name":"Accursed Blacksmith","floor":4,"gold_loss":0,"cards_obtained":["Pain"]}],"is_beta":false,"boss_relics":[{"not_picked":["Tiny House","Cursed Key"],"picked":"SlaversCollar"}],"items_purged_floors":[],"is_endless":false,"potions_floor_spawned":[1,8,12,14],"killed_by":"Centurion and Healer","ascension_level":2}}