{"host":"2he95iptrbxkejc1","time":1610035400,"event":{"mods":["AchievementEnabler","BaseMod","Colored Powertips","Downfall","Hermit","Infinite Spire","Marisa????????","Minty Spire (QoL Compilation)","Random Character Mod","Replay The Spire","StSLib","Td1madao Mod","The Cursed","The Disciple","The Hierophant","The Marked","The Mystic","The Necromancer","The Poker Player","The Runesmith","The Servant 0.9.4"],"gold_per_floor":[114,124,16,16,16,52,52,65,90,114,149,173,45,65,65,188,188,207,207,228,244,444,459,459,495,495,508,508,522,522,538,538,659,659,674,674,0,19,19,19,54,54,54,54,72,72,72,72,72,87,87,87,87],"floor_reached":52,"playtime":4100,"items_purged":["Defend_W","Strike_W","Defend_W"],"score":539,"play_id":"fe36ce8c-f794-410f-b243-207342f0951e","local_time":"20210107160320","is_ascension_mode":false,"campfire_choices":[{"data":"Summon_Undead","floor":7,"key":"SMITH"},{"data":"Finger_Of_Death","floor":15,"key":"SMITH"},{"floor":24,"key":"REST"},{"floor":28,"key":"REST"},{"floor":30,"key":"REST"},{"floor":32,"key":"REST"},{"floor":40,"key":"REST"},{"data":"Toxic_Smoke_Screen","floor":42,"key":"SMITH"},{"data":"Scare","floor":48,"key":"SMITH"},{"data":"ReplayTheSpireMod:??????????????????????","floor":51,"key":"SMITH"}],"circlet_count":0,"master_deck":["Strike_W","Strike_W","Defend_W","Defend_W","Negative_Energy_Arrows","Bone_Wall","Summon_Undead+1","Shade_Step+1","Finger_Of_Death+1","Scare+1","Death_March_Dance","Toxic_Smoke_Screen+1","Negative_Energy_Sphere","Vampiric_Strike+1","Violence","ReplayTheSpireMod:??????????????????????+1","Parasite"],"relics":["Vampire_Amulet","NeowsBlessing","Golden Idol","Nunchaku","Replay:Mystery Machine","Replay:Bottled Steam","SlaversCollar","PrismaticShard","Calipers","infinitespire:ShieldingShard","Red Mask","Juzu Bracelet","Thread and Needle","Mirror","Pen Nib"],"acts_visited":["Exordium","TheCity","TheBeyond"],"potions_floor_usage":[10,16,16,21,25,27,31,33,45,52,52,52,52,52],"damage_taken":[{"damage":0,"enemies":"Cultist","floor":1,"turns":1},{"damage":0,"enemies":"2 Louse","floor":2,"turns":1},{"damage":0,"enemies":"Replay:BlueRogue","floor":6,"turns":1},{"damage":5,"enemies":"Jaw Worm","floor":8,"turns":4},{"damage":0,"enemies":"Lots of Slimes","floor":10,"turns":3},{"damage":26,"enemies":"3 Sentries","floor":11,"turns":7},{"damage":2,"enemies":"Looter","floor":12,"turns":3},{"damage":0,"enemies":"Large Slime","floor":14,"turns":3},{"damage":19,"enemies":"Hexaghost","floor":16,"turns":7},{"damage":38,"enemies":"Spheric Guardian","floor":18,"turns":9},{"damage":0,"enemies":"Shell Parasite","floor":20,"turns":6},{"damage":31,"enemies":"Centurion and Healer","floor":21,"turns":11},{"damage":32,"enemies":"Shelled Parasite and Fungi","floor":23,"turns":7},{"damage":26,"enemies":"Book of Stabbing","floor":25,"turns":6},{"damage":7,"enemies":"Snake Plant","floor":27,"turns":4},{"damage":33,"enemies":"3 Cultists","floor":29,"turns":6},{"damage":19,"enemies":"Centurion and Healer","floor":31,"turns":8},{"damage":58,"enemies":"Collector","floor":33,"turns":11},{"damage":35,"enemies":"3 Shapes","floor":35,"turns":5},{"damage":21,"enemies":"Orb Walker","floor":38,"turns":6},{"damage":49,"enemies":"Reptomancer","floor":41,"turns":8},{"damage":0,"enemies":"4 Shapes","floor":45,"turns":17},{"damage":10,"enemies":"Writhing Mass","floor":50,"turns":5},{"damage":78,"enemies":"Replay:Hell Engine","floor":52,"turns":10}],"seed_played":"-4175322683152445113","potions_obtained":[{"floor":2,"key":"PowerPotion"},{"floor":10,"key":"sneckomod:MuddlingPotion"},{"floor":11,"key":"BlessingOfTheForge"},{"floor":14,"key":"Adrenaline Potion"},{"floor":16,"key":"LifebloodPotion"},{"floor":23,"key":"FearPotion"},{"floor":25,"key":"DuplicationPotion"},{"floor":29,"key":"Dexterity Potion"},{"floor":31,"key":"Energy Potion"},{"floor":33,"key":"Swift Potion"},{"floor":35,"key":"LiquidBronze"},{"floor":38,"key":"Slimebound:ThreeZeroPotion"},{"floor":50,"key":"EntropicBrew"}],"is_trial":false,"path_per_floor":["M","M","$","?","?","E","R","M","T","M","E","M","$","M","R","B",null,"M","AVR","M","M","?","M","R","E","T","M","R","M","R","M","R","B",null,"M","?","?","M","T","R","E","R","T","?","M","PTL","PTL","R","AVR","M","R","B"],"character_chosen":"NECROMANCER","items_purchased":["Shade_Step+1","Finger_Of_Death","Negative_Energy_Sphere"],"campfire_rested":5,"item_purchase_floors":[3,3,13],"current_hp_per_floor":[75,75,75,75,57,59,59,56,56,72,70,70,70,74,74,70,75,39,39,41,44,44,19,41,25,25,24,46,19,41,32,54,9,75,44,44,44,41,41,63,52,52,52,52,60,60,60,60,60,55,55,0,0],"gold":87,"neow_bonus":"THREE_ENEMY_KILL","is_daily":false,"chose_seed":false,"campfire_upgraded":5,"win_rate":0.0,"timestamp":1610035400,"path_taken":["M","M","$","?","?","E","R","M","T","M","E","M","$","M","R","BOSS","M","AVR","M","M","?","M","R","E","T","M","R","?","R","M","R","BOSS","M","?","?","M","?","R","E","R","T","?","M","PTL","PTL","R","AVR","M","R","BOSS"],"items_purchased_type":["Card","Card","Card"],"build_version":"2020-12-22","purchased_purges":3,"victory":false,"max_hp_per_floor":[75,75,75,75,75,75,75,75,75,75,75,75,75,75,75,75,75,75,75,75,75,75,75,75,75,75,75,75,75,75,75,75,75,75,75,75,75,75,75,75,75,75,75,75,75,75,75,75,75,75,75,75,75],"card_choices":[{"not_picked":["Bone_Spikes","Negative_Energy_Javelin"],"picked":"Summon_Undead","floor":1},{"not_picked":["Violent_Necrosis","Blood_for_Blood","Epidemic"],"picked":"SKIP","floor":2},{"not_picked":["Blood_Magic","Bones_to_Steel"],"picked":"Scare","floor":6},{"not_picked":["Summon_Undead","Negative_Energy_Javelin","Bones_to_Steel"],"picked":"SKIP","floor":8},{"not_picked":["Shackles_Of_Pain","Blood_Whip"],"picked":"Death_March_Dance","floor":10},{"not_picked":["Corrupt","Bone_Shift"],"picked":"Toxic_Smoke_Screen","floor":11},{"not_picked":["Life_Tap","Toxic_Smoke_Screen","Strike_from_Beyond"],"picked":"SKIP","floor":12},{"not_picked":["Death_Coil","Acid_Javelin","Bone_Bullets"],"picked":"SKIP","floor":14},{"not_picked":["Consume_Illness","Siphon_Strength+1","Scare"],"picked":"SKIP","floor":18},{"not_picked":["mysticmod:PureInstinct","mysticmod:Fly"],"picked":"Vampiric_Strike+1","floor":20},{"not_picked":["champ:DeathBlow","ExoVibe","Runesmith:HammerTime"],"picked":"SKIP","floor":21},{"not_picked":["champ:FaceSlap+1","Fixing"],"picked":"Violence","floor":23},{"not_picked":["Necrotic_Claws","hierophant:Dazzle","Guardian:Reroute"],"picked":"SKIP","floor":25},{"not_picked":["Slimebound:MegaLick","PokerPlayerMod:Trickery+1","Genetic Algorithm"],"picked":"SKIP","floor":27},{"not_picked":["Scare","hexamod:HeatShield","Tempest"],"picked":"SKIP","floor":29},{"not_picked":["theMarked:FavorableWinds","champ:ShieldWall+1","hexamod:Haunt"],"picked":"SKIP","floor":31},{"not_picked":["hermit:Spite+1","champ:Shatter","Runesmith:Repurpose+1"],"picked":"SKIP","floor":35},{"not_picked":["Backflip","theMarked:ElectricStrings","champ:EnragedBash"],"picked":"SKIP","floor":38},{"not_picked":["Toxin Wave+1","Guardian:Incinerate","Panacea"],"picked":"SKIP","floor":41},{"not_picked":["TheCursedMod:CircleOfFlame","hierophant:Zeal+1","theMarked:Standoff"],"picked":"SKIP","floor":45},{"not_picked":["PrimeTime","PokerPlayerMod:DamnStraight","Here Defend Chip"],"picked":"SKIP","floor":50}],"player_experience":84975,"relics_obtained":[{"floor":6,"key":"Nunchaku"},{"floor":9,"key":"Replay:Mystery Machine"},{"floor":11,"key":"Replay:Bottled Steam"},{"floor":25,"key":"Calipers"},{"floor":26,"key":"infinitespire:ShieldingShard"},{"floor":39,"key":"Juzu Bracelet"},{"floor":41,"key":"Thread and Needle"},{"floor":43,"key":"Mirror"}],"event_choices":[{"damage_healed":0,"gold_gain":0,"player_choice":"Take Damage","damage_taken":18,"relics_obtained":["Golden Idol"],"max_hp_gain":0,"max_hp_loss":0,"event_name":"Golden Idol","floor":5,"gold_loss":0},{"damage_healed":0,"gold_gain":200,"player_choice":"Gold","damage_taken":0,"max_hp_gain":0,"max_hp_loss":0,"event_name":"Wheel of Change","floor":22,"gold_loss":0},{"damage_healed":0,"gold_gain":0,"player_choice":"Ignored","damage_taken":0,"max_hp_gain":0,"max_hp_loss":0,"event_name":"Mysterious Sphere","floor":36,"gold_loss":0},{"damage_healed":0,"gold_gain":0,"player_choice":"Paid","damage_taken":0,"relics_obtained":["Red Mask"],"max_hp_gain":0,"max_hp_loss":0,"event_name":"Tomb of Lord Red Mask","floor":37,"gold_loss":674},{"cards_removed":["Strike_W"],"damage_healed":0,"gold_gain":0,"player_choice":"Removed Attack","damage_taken":0,"max_hp_gain":0,"max_hp_loss":0,"event_name":"Falling","floor":44,"gold_loss":0}],"is_beta":false,"boss_relics":[{"not_picked":["Snecko Eye","Busted Crown"],"picked":"SlaversCollar"},{"not_picked":["Astrolabe","ReplayTheSpireMod:DimensionalGlitch","infinitespire:Cupcake"]}],"items_purged_floors":[13,19,49],"is_endless":false,"potions_floor_spawned":[2,10,11,14,16,23,25,29,31,33,35,38,50],"killed_by":"Replay:Hell Engine","ascension_level":0}}