{"host":"ig7tc0uedzltt2sr","time":1610061175,"event":{"mods":["BaseMod","Better Twitch Integration","Block Reminder","Colored Map","Colored Powertips","Communication Mod","Current Relic Mod","GifTheSpireLib","HexUI Lib","Minty Spire (QoL Compilation)","Quick Restart","Random Character Button","Rare Cards Sparkle","Relic Sorter","Relic Stats","Slay the Relics Exporter","StSLib","SuperFastMode","Synergy Search","Twitch Decklist","Twitch Utils","everything is the same but u backflip on backflip","slay the spire mod where everything is the same but ironclad has a cowboy hat"],"gold_per_floor":[110,110,120,133,88,88,108,127,127,127,127,127,144,157,157,157,157],"floor_reached":16,"playtime":120,"items_purged":[],"score":94,"play_id":"22d54801-1080-4e7b-9ce0-9864977bd76e","local_time":"20210107151255","is_ascension_mode":false,"campfire_choices":[{"floor":6,"key":"REST"},{"floor":10,"key":"REST"},{"floor":15,"key":"REST"}],"circlet_count":0,"master_deck":["Strike_R","Strike_R","Strike_R","Strike_R","Strike_R","Defend_R","Defend_R","Defend_R","Bash","Second Wind","Reckless Charge","True Grit","Demon Form","Metallicize","Sever Soul","Uppercut","Clothesline","Heavy Blade"],"relics":["Burning Blood","NeowsBlessing","Tiny Chest"],"acts_visited":["Exordium"],"potions_floor_usage":[],"damage_taken":[{"damage":0,"enemies":"Cultist","floor":1,"turns":1},{"damage":0,"enemies":"Small Slimes","floor":3,"turns":1},{"damage":0,"enemies":"Jaw Worm","floor":4,"turns":1},{"damage":10,"enemies":"Looter","floor":5,"turns":5},{"damage":30,"enemies":"Large Slime","floor":7,"turns":13},{"damage":45,"enemies":"2 Fungi Beasts","floor":8,"turns":9},{"damage":9,"enemies":"Red Slaver","floor":13,"turns":4},{"damage":17,"enemies":"Blue Slaver","floor":14,"turns":7},{"damage":58,"enemies":"Slime Boss","floor":16,"turns":11}],"seed_played":"5137908268509395869","potions_obtained":[{"floor":1,"key":"DistilledChaos"},{"floor":4,"key":"SpeedPotion"},{"floor":7,"key":"FearPotion"},{"floor":13,"key":"Swift Potion"}],"is_trial":false,"path_per_floor":["M","?","M","M","M","R","M","M","T","R","?","?","M","M","R","B"],"character_chosen":"IRONCLAD","items_purchased":[],"campfire_rested":3,"item_purchase_floors":[],"current_hp_per_floor":[80,73,79,80,76,80,56,17,17,41,41,41,38,27,51,0,0],"gold":157,"neow_bonus":"THREE_ENEMY_KILL","is_daily":false,"chose_seed":false,"campfire_upgraded":0,"win_rate":0.0,"timestamp":1610061175,"path_taken":["M","?","M","M","M","R","M","M","T","R","?","?","M","M","R","BOSS"],"items_purchased_type":[],"build_version":"2020-12-22","purchased_purges":0,"victory":false,"max_hp_per_floor":[80,80,80,80,80,80,80,80,80,80,80,80,80,80,80,80,80],"relic_stats":{"counters":[9,52],"Tiny Chest":0,"obtain_stats":[{"NeowsBlessing":0,"Tiny Chest":2,"Burning Blood":0},{"NeowsBlessing":0,"Tiny Chest":1,"Burning Blood":0},{"NeowsBlessing":0,"Tiny Chest":1,"Burning Blood":0}],"Burning Blood":37},"card_choices":[{"not_picked":["Armaments","Feel No Pain"],"picked":"Second Wind","floor":1},{"not_picked":["Infernal Blade","Armaments"],"picked":"Reckless Charge","floor":3},{"not_picked":["Warcry","Iron Wave"],"picked":"True Grit","floor":4},{"not_picked":["Blood for Blood","True Grit"],"picked":"Demon Form","floor":5},{"not_picked":["Thunderclap","Heavy Blade"],"picked":"Metallicize","floor":7},{"not_picked":["Twin Strike","Clash"],"picked":"Sever Soul","floor":8},{"not_picked":["Warcry","True Grit"],"picked":"Clothesline","floor":13},{"not_picked":["Limit Break","Intimidate"],"picked":"Heavy Blade","floor":14}],"player_experience":1460228,"relics_obtained":[],"event_choices":[{"damage_healed":0,"gold_gain":0,"player_choice":"Success","damage_taken":7,"relics_obtained":["Tiny Chest"],"max_hp_gain":0,"max_hp_loss":0,"event_name":"Scrap Ooze","floor":2,"gold_loss":0},{"damage_healed":0,"gold_gain":0,"player_choice":"Ignored","damage_taken":0,"max_hp_gain":0,"max_hp_loss":0,"event_name":"Golden Idol","floor":11,"gold_loss":0},{"damage_healed":0,"gold_gain":0,"cards_transformed":["Defend_R"],"player_choice":"Transformed","damage_taken":0,"max_hp_gain":0,"max_hp_loss":0,"event_name":"Transmorgrifier","floor":12,"gold_loss":0,"cards_obtained":["Uppercut"]}],"is_beta":false,"boss_relics":[],"items_purged_floors":[],"is_endless":false,"potions_floor_spawned":[1,4,7,13],"killed_by":"Slime Boss","ascension_level":0}}