{"host":"y9cfhv0nasly8qeh","time":1610019203,"event":{"mods":["BaseMod","Minty Spire (QoL Compilation)","Relic Stats","StSLib","[IsaacMod]ÒÔÈö¼âËþ"],"gold_per_floor":[118,118,4270,4286,4306,4306,4320,4320,4320,4331,4343,4376,3680,3711,3711,3808,3808,3818,3281,3281,2874,2886,2919,2919,2929,2929,2993,2993,3020,3031,3045,3045,3150,3150,3184,3244,3244,3277,3310,3344,3412,3438,3519,3552,3577,3577,2733,2762,2762,2762,2762],"floor_reached":52,"playtime":2734,"items_purged":["Strike_B","Defend_B","Defend_B","Strike_B","Defend_B","Defend_B","Dualcast"],"score":3324,"play_id":"50b2d066-6bf1-43a5-b071-113419e486c8","local_time":"20210107193323","is_ascension_mode":true,"campfire_choices":[{"data":"Coolheaded","floor":6.0,"key":"SMITH"},{"data":"Defragment","floor":8.0,"key":"SMITH"},{"data":"Turbo","floor":15.0,"key":"SMITH"},{"data":"Apotheosis","floor":24.0,"key":"SMITH"},{"data":"Hello World","floor":32.0,"key":"PURGE"},{"data":"Zap","floor":49,"key":"PURGE"}],"circlet_count":0,"master_deck":["Strike_B+1","Biased Cognition","Coolheaded+1","Defragment+1","Self Repair","Turbo+1","Creative AI","Heatsinks","Apotheosis+1","Defragment","Pulse+1","Skim","Buffer","Capacitor+1","Echo Form","Coolheaded","Fusion+1","Recycle+1","Consume","Defragment"],"relics":["Cracked Core","HushsDoor","MoneyPower","TheBattery","EdensBlessing","TheBean","Pear","SatanicBible","Runic Capacitor","Strawberry","WingedGreaves","Akabeko","Black Star","OrangePellets","Tiny Chest","Molten Egg 2","Prayer Wheel","D6","Peace Pipe","Pen Nib","Ancient Tea Set","Boot","Emotion Chip","ChampionBelt","RottenBaby","Blood Vial","GuppysPaw","Ginger","Dream Catcher","Ice Cream","Question Card","Bag of Marbles","TheBible","Omamori","GuppysTail","Vajra","BlankCard","BlankCard","FossilizedHelix","TuHaoJin","TungstenRod","Mercury Hourglass","CeramicFish","HornCleat","DataDisk","Bottled Tornado","BookOfRevelations","ClockworkSouvenir","Ornamental Fan","PreservedInsect","Whetstone"],"acts_visited":["Exordium","TheCity","TheBeyond"],"potions_floor_usage":[41,50,50,50],"damage_taken":[{"damage":2.0,"enemies":"Jaw Worm","floor":1.0,"turns":3.0},{"damage":0.0,"enemies":"Small Slimes","floor":4.0,"turns":1.0},{"damage":0.0,"enemies":"Cultist","floor":5.0,"turns":1.0},{"damage":1.0,"enemies":"Exordium Thugs","floor":7.0,"turns":2.0},{"damage":5.0,"enemies":"Gremlin Gang","floor":10.0,"turns":3.0},{"damage":5.0,"enemies":"Red Slaver","floor":11.0,"turns":3.0},{"damage":0.0,"enemies":"Lagavulin","floor":12.0,"turns":3.0},{"damage":0.0,"enemies":"Gremlin Nob","floor":14.0,"turns":2.0},{"damage":0.0,"enemies":"Slime Boss","floor":16.0,"turns":3.0},{"damage":0.0,"enemies":"2 Thieves","floor":18.0,"turns":3.0},{"damage":0.0,"enemies":"Spheric Guardian","floor":22.0,"turns":2.0},{"damage":0.0,"enemies":"Slavers","floor":23.0,"turns":1.0},{"damage":12.0,"enemies":"Cultist and Chosen","floor":25.0,"turns":3.0},{"damage":38.0,"enemies":"Gremlin Leader","floor":27.0,"turns":4.0},{"damage":0.0,"enemies":"Book of Stabbing","floor":29.0,"turns":2.0},{"damage":32.0,"enemies":"Snake Plant","floor":30.0,"turns":3.0},{"damage":10.0,"enemies":"Shelled Parasite and Fungi","floor":31.0,"turns":3.0},{"damage":0.0,"enemies":"Collector","floor":33.0,"turns":4.0},{"damage":48.0,"enemies":"Reptomancer","floor":35.0,"turns":4.0},{"damage":15.0,"enemies":"Nemesis","floor":36.0,"turns":5.0},{"damage":9.0,"enemies":"Giant Head","floor":38.0,"turns":6.0},{"damage":14.0,"enemies":"Nemesis","floor":39.0,"turns":5.0},{"damage":0.0,"enemies":"Giant Head","floor":40.0,"turns":5.0},{"damage":0,"enemies":"Nemesis","floor":41,"turns":5},{"damage":0,"enemies":"Reptomancer","floor":42,"turns":6},{"damage":12,"enemies":"Nemesis","floor":44,"turns":5},{"damage":0,"enemies":"Giant Head","floor":45,"turns":4},{"damage":0,"enemies":"Nemesis","floor":48,"turns":3},{"damage":0,"enemies":"Awakened One","floor":50,"turns":8},{"damage":0,"enemies":"Donu and Deca","floor":51,"turns":6}],"seed_played":"7342721740720343385","potions_obtained":[{"floor":10.0,"key":"ColorlessPotion"},{"floor":11.0,"key":"Fire Potion"},{"floor":14.0,"key":"FocusPotion"},{"floor":27.0,"key":"Explosive Potion"},{"floor":31.0,"key":"LiquidMemories"},{"floor":33.0,"key":"FearPotion"},{"floor":36.0,"key":"BlessingOfTheForge"},{"floor":39.0,"key":"Weak Potion"},{"floor":42,"key":"Swift Potion"}],"is_trial":false,"path_per_floor":["M","?","$","M","M","R","M","R","T","M","M","E","$","E","R","B",null,"M","$","?","$","M","E","R","M","T","E","?","E","M","M","R","B",null,"M","M","T","M","M","E","M","E","T","M","M","?","$","M","R","B","B",null],"character_chosen":"DEFECT","items_purchased":["TheBattery","EdensBlessing","TheBean","Defragment","DuplicationPotion","Runic Capacitor","Strawberry","WingedGreaves","OrangePellets","Heatsinks","Apotheosis","Molten Egg 2","RottenBaby","BookOfRevelations","ClockworkSouvenir","Ornamental Fan","Defragment","PowerPotion"],"campfire_rested":0,"item_purchase_floors":[3,3,3,3,3,13,13,13,19,19,19,21,34,47,47,47,47,47],"current_hp_per_floor":[73,73,73,73,73,73,72,72,82,77,79,85,92,92,92,92,87,87,87,87,87,87,87,87,85,85,54,37,47,25,25,25,35,61,23,20,20,23,21,30,42,51,51,49,51,51,51,51,51,51,51],"gold":2762,"neow_bonus":"ONE_RANDOM_RARE_CARD","is_daily":false,"chose_seed":false,"campfire_upgraded":4,"win_rate":0.0,"timestamp":1610019203,"path_taken":["M","?","?","M","M","R","?","R","T","?","M","E","$","E","R","BOSS","M","$","?","$","M","E","R","?","T","E","?","E","M","?","R","BOSS","M","M","?","M","M","E","?","E","T","M","M","?","$","M","R","BOSS","BOSS"],"items_purchased_type":["Relic","Relic","Relic","Card","Potion","Relic","Relic","Relic","Relic","Card","Card","Relic","Relic","Relic","Relic","Relic","Card","Potion"],"build_version":"2020-12-22","purchased_purges":7,"victory":true,"max_hp_per_floor":[75,75,75,75,75,75,75,75,85,85,85,85,92,92,92,92,87,87,87,87,87,87,87,87,87,87,87,92,92,92,92,92,92,69,69,69,69,69,51,51,51,51,51,51,51,51,51,51,51,51,51],"relic_stats":{"counters":[30,108],"CeramicFish":9,"Pen Nib":[5],"PreservedInsect":0,"Ginger":[7],"Whetstone":["Strike_B"],"Boot":[28],"Question Card":9,"Mercury Hourglass":[86],"Peace Pipe":2,"Blood Vial":14,"OrangePellets":[12],"Emotion Chip":[39,18,15,0,6],"Dream Catcher":0,"Ornamental Fan":[4],"Tiny Chest":1,"Prayer Wheel":3,"Black Star":13,"obtain_stats":[{"Ice Cream":37,"CeramicFish":44,"Vajra":40,"Runic Capacitor":13,"Ginger":36,"Whetstone":48,"Bottled Tornado":45,"Boot":29,"SatanicBible":12,"Blood Vial":35,"TheBean":3,"HornCleat":44,"Strawberry":13,"Prayer Wheel":23,"TuHaoJin":42,"KeepersGift":0,"Pear":9,"BookOfRevelations":47,"Pen Nib":27,"MoneyPower":0,"Question Card":38,"Akabeko":14,"OrangePellets":19,"Molten Egg 2":21,"Black Star":17,"EdensBlessing":3,"HushsDoor":0,"GuppysTail":40,"GuppysPaw":35,"TheBattery":3,"Ancient Tea Set":27,"ClockworkSouvenir":47,"Emotion Chip":29,"Dream Catcher":36,"ChampionBelt":34,"Tiny Chest":20,"WingedGreaves":13,"Cracked Core":0,"RottenBaby":34,"PreservedInsect":48,"Omamori":39,"Mercury Hourglass":43,"Peace Pipe":26,"D6":23,"DataDisk":45,"TheBible":39,"Ornamental Fan":47,"Bag of Marbles":38,"BlankCard":41,"FossilizedHelix":41,"TungstenRod":42},{"Ice Cream":20,"CeramicFish":26,"Vajra":23,"Runic Capacitor":7,"Ginger":20,"Whetstone":28,"Bottled Tornado":27,"Boot":15,"SatanicBible":7,"Blood Vial":19,"TheBean":1,"HornCleat":26,"Strawberry":7,"Prayer Wheel":12,"TuHaoJin":25,"KeepersGift":0,"Pear":4,"BookOfRevelations":27,"Pen Nib":14,"MoneyPower":0,"Question Card":21,"Akabeko":8,"OrangePellets":10,"Molten Egg 2":10,"Black Star":9,"EdensBlessing":1,"HushsDoor":0,"GuppysTail":23,"GuppysPaw":19,"TheBattery":1,"Ancient Tea Set":14,"ClockworkSouvenir":27,"Emotion Chip":15,"Dream Catcher":20,"ChampionBelt":18,"Tiny Chest":10,"WingedGreaves":7,"Cracked Core":0,"RottenBaby":18,"PreservedInsect":28,"Omamori":22,"Mercury Hourglass":25,"Peace Pipe":13,"D6":12,"DataDisk":27,"TheBible":22,"Ornamental Fan":27,"Bag of Marbles":21,"BlankCard":24,"FossilizedHelix":24,"TungstenRod":25},{"Ice Cream":55,"CeramicFish":87,"Vajra":71,"Runic Capacitor":16,"Ginger":55,"Whetstone":94,"Bottled Tornado":91,"Boot":36,"SatanicBible":16,"Blood Vial":50,"TheBean":3,"HornCleat":87,"Strawberry":16,"Prayer Wheel":27,"TuHaoJin":82,"KeepersGift":0,"Pear":7,"BookOfRevelations":91,"Pen Nib":34,"MoneyPower":0,"Question Card":61,"Akabeko":18,"OrangePellets":24,"Molten Egg 2":24,"Black Star":21,"EdensBlessing":3,"HushsDoor":0,"GuppysTail":71,"GuppysPaw":50,"TheBattery":3,"Ancient Tea Set":34,"ClockworkSouvenir":91,"Emotion Chip":36,"Dream Catcher":55,"ChampionBelt":46,"Tiny Chest":24,"WingedGreaves":16,"Cracked Core":0,"RottenBaby":46,"PreservedInsect":94,"Omamori":66,"Mercury Hourglass":82,"Peace Pipe":30,"D6":27,"DataDisk":91,"TheBible":66,"Ornamental Fan":91,"Bag of Marbles":61,"BlankCard":76,"FossilizedHelix":76,"TungstenRod":82}],"TungstenRod":3},"card_choices":[{"not_picked":[],"picked":"Bomb","floor":0.0},{"not_picked":["Stack","Gash"],"picked":"Coolheaded","floor":1.0},{"not_picked":["Hyperbeam","Go for the Eyes","Barrage"],"picked":"SKIP","floor":4.0},{"not_picked":["Barrage","Aggregate","Cold Snap"],"picked":"SKIP","floor":5.0},{"not_picked":["Reprogram","Leap"],"picked":"Hello World","floor":7.0},{"not_picked":["Streamline","Leap"],"picked":"Self Repair","floor":10.0},{"not_picked":["Rebound","Coolheaded","Distribution"],"picked":"SKIP","floor":11.0},{"not_picked":["Sweeping Beam","Beam Cell"],"picked":"Turbo","floor":12.0},{"not_picked":["Doom and Gloom","FTL","Conserve Battery"],"picked":"SKIP","floor":14.0},{"not_picked":["Thunder Strike","Meteor Strike"],"picked":"Creative AI","floor":16.0},{"not_picked":["Undo","Melter","Pulse"],"picked":"SKIP","floor":18.0},{"not_picked":["Conserve Battery","Barrage+1","Hologram+1"],"picked":"SKIP","floor":22.0},{"not_picked":["Double Energy","Scrape+1"],"picked":"Defragment","floor":23.0},{"not_picked":["Barrage+1","Turbo","Hologram"],"picked":"SKIP","floor":25.0},{"not_picked":["Leap","Rebound+1","Conserve Battery"],"picked":"SKIP","floor":25.0},{"not_picked":["Auto Shields","Genetic Algorithm"],"picked":"Pulse+1","floor":27.0},{"not_picked":["Genetic Algorithm","Rainbow"],"picked":"Skim","floor":27.0},{"not_picked":["Rebound+1","Compile Driver+1"],"picked":"Buffer","floor":29.0},{"not_picked":["Go for the Eyes+1","Ball Lightning+1"],"picked":"Capacitor+1","floor":30.0},{"not_picked":["Sweeping Beam+1","Coolheaded","Static Discharge+1"],"picked":"SKIP","floor":30.0},{"not_picked":["Stack","Hologram","Barrage+1"],"picked":"SKIP","floor":31.0},{"not_picked":["Ball Lightning+1","Force Field","Hologram"],"picked":"SKIP","floor":31.0},{"not_picked":["Reboot","Biased Cognition"],"picked":"Echo Form","floor":33.0},{"not_picked":["Streamline+1","Scrape+1","Blizzard+1"],"picked":"SKIP","floor":35.0},{"not_picked":["Glacier","Steam"],"picked":"Coolheaded","floor":36.0},{"not_picked":["Rainbow","Compile Driver+1"],"picked":"Fusion+1","floor":38.0},{"not_picked":["Sweeping Beam+1","Barrage+1","Compile Driver+1","Conserve Battery"],"picked":"SKIP","floor":39.0},{"not_picked":["Amplify","Steam","Streamline+1"],"picked":"Recycle+1","floor":40.0},{"not_picked":["Glacier","Blizzard+1","Tempest","Undo+1"],"picked":"SKIP","floor":41},{"not_picked":["Turbo","Rainbow","Ball Lightning+1"],"picked":"Consume","floor":42},{"not_picked":["Leap","Sweeping Beam+1","Rip and Tear+1","Darkness"],"picked":"SKIP","floor":44},{"not_picked":["Undo+1","Melter+1","Streamline+1","Static Discharge+1"],"picked":"SKIP","floor":45},{"not_picked":["Biased Cognition","Sweeping Beam+1","Reinforced Body","Barrage+1"],"picked":"SKIP","floor":48}],"player_experience":557154,"relics_obtained":[{"floor":9.0,"key":"Pear"},{"floor":12.0,"key":"SatanicBible"},{"floor":14.0,"key":"Akabeko"},{"floor":23.0,"key":"Prayer Wheel"},{"floor":23.0,"key":"D6"},{"floor":26.0,"key":"Peace Pipe"},{"floor":27.0,"key":"Pen Nib"},{"floor":27.0,"key":"Ancient Tea Set"},{"floor":29.0,"key":"Boot"},{"floor":29.0,"key":"Emotion Chip"},{"floor":35.0,"key":"Blood Vial"},{"floor":35.0,"key":"GuppysPaw"},{"floor":36.0,"key":"Ginger"},{"floor":36.0,"key":"Dream Catcher"},{"floor":37.0,"key":"Ice Cream"},{"floor":38.0,"key":"Question Card"},{"floor":38.0,"key":"Bag of Marbles"},{"floor":39.0,"key":"TheBible"},{"floor":39.0,"key":"Omamori"},{"floor":40.0,"key":"GuppysTail"},{"floor":40.0,"key":"Vajra"},{"floor":41,"key":"BlankCard"},{"floor":41,"key":"BlankCard"},{"floor":41,"key":"FossilizedHelix"},{"floor":42,"key":"TuHaoJin"},{"floor":42,"key":"TungstenRod"},{"floor":43,"key":"Mercury Hourglass"},{"floor":44,"key":"CeramicFish"},{"floor":44,"key":"HornCleat"},{"floor":45,"key":"DataDisk"},{"floor":45,"key":"Bottled Tornado"},{"floor":48,"key":"PreservedInsect"},{"floor":48,"key":"Whetstone"}],"event_choices":[{"damage_healed":0.0,"max_hp_gain":0.0,"max_hp_loss":0.0,"gold_gain":0.0,"event_name":"Liars Game","player_choice":"Ignored","floor":2.0,"gold_loss":0.0,"damage_taken":0.0},{"damage_healed":0.0,"max_hp_gain":0.0,"max_hp_loss":0.0,"gold_gain":0.0,"event_name":"The Mausoleum","player_choice":"Opened","floor":20.0,"gold_loss":0.0,"damage_taken":0.0,"relics_obtained":["Tiny Chest"]},{"damage_healed":0.0,"max_hp_gain":5.0,"max_hp_loss":0.0,"gold_gain":0.0,"event_name":"Forgotten Altar","player_choice":"Shed Blood","floor":28.0,"gold_loss":0.0,"damage_taken":22.0},{"cards_removed":["Strike_B"],"damage_healed":0,"gold_gain":0,"player_choice":"Removed Attack","damage_taken":0,"max_hp_gain":0,"max_hp_loss":0,"event_name":"Falling","floor":46,"gold_loss":0}],"is_beta":false,"boss_relics":[{"not_picked":["SlaversCollar","Cursed Key"],"picked":"Black Star"},{"not_picked":[]},{"not_picked":["Sozu","FrozenCore"],"picked":"ChampionBelt"},{"not_picked":[]}],"items_purged_floors":[3,13,17,19,21,34,47],"is_endless":false,"potions_floor_spawned":[10,11,14,16,27,30,31,33,36,39,42,44],"ascension_level":20}}