{"host":"y2qjvfum100bh0ui","time":1610019180,"event":{"mods":["AchievementEnabler","BaseMod","Hermit","Marked Mod","Minty Spire (QoL Compilation)","StSLib","The Servant 0.9.4"],"gold_per_floor":[116,133,147,164,164,183,183,198,221,235,235,235,80,96,96,96,96],"floor_reached":16,"playtime":812,"items_purged":[],"score":96,"play_id":"3c360951-39a4-47b8-b687-441f3d4bf775","local_time":"20210107193300","is_ascension_mode":false,"campfire_choices":[{"data":"BestPractice","floor":7,"key":"SMITH"},{"floor":12,"key":"REST"},{"data":"Exchange","floor":15,"key":"SMITH"}],"circlet_count":0,"master_deck":["Strike_S","Strike_S","Strike_S","Strike_S","Defend_S","Defend_S","Defend_S","Defend_S","KidneyShot","Exchange+1","BestPractice+1","Ricochet","StarChef","Potential","Starlight","Rearm","SurpressingFire"],"relics":["Uniform","Juzu Bracelet","Question Card","Blood Vial"],"acts_visited":["Exordium"],"potions_floor_usage":[8,14,16],"damage_taken":[{"damage":1,"enemies":"2 Louse","floor":1,"turns":3},{"damage":3,"enemies":"Jaw Worm","floor":2,"turns":4},{"damage":2,"enemies":"Small Slimes","floor":3,"turns":4},{"damage":7,"enemies":"3 Louse","floor":4,"turns":3},{"damage":0,"enemies":"2 Fungi Beasts","floor":6,"turns":2},{"damage":5,"enemies":"Blue Slaver","floor":8,"turns":3},{"damage":19,"enemies":"Gremlin Gang","floor":10,"turns":5},{"damage":1,"enemies":"3 Louse","floor":14,"turns":3},{"damage":46,"enemies":"The Guardian","floor":16,"turns":9}],"seed_played":"-5734315656577623651","potions_obtained":[{"floor":2,"key":"FearPotion"},{"floor":6,"key":"Energy Potion"},{"floor":14,"key":"FearPotion"}],"is_trial":false,"path_per_floor":["M","M","M","M","?","M","R","M","T","M","?","R","$","M","R","B"],"character_chosen":"THE_SERVANT","items_purchased":["Blood Vial"],"campfire_rested":1,"item_purchase_floors":[13],"current_hp_per_floor":[70,67,65,58,58,58,58,53,53,34,22,43,43,44,44,0,0],"gold":96,"neow_bonus":"TEN_PERCENT_HP_BONUS","is_daily":false,"chose_seed":false,"campfire_upgraded":2,"win_rate":0.0,"timestamp":1610019180,"path_taken":["M","M","M","M","?","M","R","M","T","M","?","R","?","M","R","BOSS"],"items_purchased_type":["Relic"],"build_version":"2020-12-22","purchased_purges":0,"victory":false,"max_hp_per_floor":[71,71,71,71,71,71,71,71,71,71,71,71,71,71,71,71,71],"card_choices":[{"not_picked":["Spin","Ricochet"],"picked":"BestPractice","floor":1},{"not_picked":["Rewind","BottledTime"],"picked":"Ricochet","floor":2},{"not_picked":["Gouge","Revamp"],"picked":"StarChef","floor":3},{"not_picked":["DoubleEdge","Defy"],"picked":"Potential","floor":4},{"not_picked":["Snipe","Unruled"],"picked":"Starlight","floor":6},{"not_picked":["Reset","Starlight"],"picked":"Rearm","floor":8},{"not_picked":["Barrier","FastForward","StarChef"],"picked":"SKIP","floor":10},{"not_picked":["Alleviate","BottledTime","Misdirection"],"picked":"SurpressingFire","floor":14}],"player_experience":12381,"relics_obtained":[{"floor":9,"key":"Juzu Bracelet"}],"event_choices":[{"damage_healed":0,"gold_gain":0,"player_choice":"Ignored","damage_taken":0,"max_hp_gain":0,"max_hp_loss":0,"event_name":"Liars Game","floor":5,"gold_loss":0},{"damage_healed":0,"gold_gain":0,"player_choice":"Success","damage_taken":12,"relics_obtained":["Question Card"],"max_hp_gain":0,"max_hp_loss":0,"event_name":"Scrap Ooze","floor":11,"gold_loss":0}],"is_beta":false,"boss_relics":[],"items_purged_floors":[],"is_endless":false,"potions_floor_spawned":[2,6,14],"killed_by":"The Guardian","ascension_level":0}}