{"host":"9v3x998ddbx8o276","time":1610055060,"event":{"mods":["AchievementEnabler","BaseMod","Colored Map","Colored Powertips","Highlight Path","Minty Spire (QoL Compilation)","Quick Restart","Rare Cards Sparkle"],"gold_per_floor":[116,126,138,148,158,158,158,7,60,85,95,95,125,142,142,216,216,226,237,0,0,16,16,16,16,16],"floor_reached":25,"playtime":1163,"items_purged":["Strike_G"],"score":430,"play_id":"41bca047-3268-4063-8c11-44ccd46e2375","local_time":"20210108080100","is_ascension_mode":true,"campfire_choices":[{"floor":6.0,"key":"REST"},{"floor":12,"key":"REST"},{"data":"Noxious Fumes","floor":15,"key":"SMITH"},{"floor":23,"key":"REST"}],"circlet_count":0,"master_deck":["AscendersBane","Survivor","Neutralize","Crippling Poison+1","Skewer","Terror","Bane","Corpse Explosion","Footwork","Noxious Fumes+1","Backflip","Distraction","Slice","Night Terror","Terror","Leg Sweep","Phantasmal Killer","Crippling Poison","Envenom","PiercingWail","Flying Knee","All Out Attack","Deadly Poison","Backflip+1","Apotheosis","Dagger Spray","Sucker Punch","Deflect"],"relics":["Ring of the Snake","Omamori","Pantograph","MealTicket","Pandora\u0027s Box","Art of War"],"acts_visited":["Exordium","TheCity"],"potions_floor_usage":[13,16,18,25],"damage_taken":[{"damage":0.0,"enemies":"Cultist","floor":1.0,"turns":5.0},{"damage":14.0,"enemies":"Jaw Worm","floor":2.0,"turns":7.0},{"damage":11.0,"enemies":"Small Slimes","floor":3.0,"turns":5.0},{"damage":11.0,"enemies":"3 Louse","floor":4.0,"turns":4.0},{"damage":0.0,"enemies":"Blue Slaver","floor":5.0,"turns":4.0},{"damage":24.0,"enemies":"Gremlin Nob","floor":10.0,"turns":4.0},{"damage":0,"enemies":"2 Fungi Beasts","floor":11,"turns":2},{"damage":2,"enemies":"Lagavulin","floor":13,"turns":6},{"damage":8,"enemies":"Exordium Wildlife","floor":14,"turns":3},{"damage":33,"enemies":"The Guardian","floor":16,"turns":10},{"damage":12,"enemies":"Chosen","floor":18,"turns":5},{"damage":23,"enemies":"3 Byrds","floor":19,"turns":4},{"damage":18,"enemies":"3 Cultists","floor":22,"turns":3},{"damage":49,"enemies":"Gremlin Leader","floor":25,"turns":5}],"seed_played":"5635695630762360724","potions_obtained":[{"floor":0.0,"key":"Fire Potion"},{"floor":0.0,"key":"GhostInAJar"},{"floor":11,"key":"Energy Potion"},{"floor":13,"key":"LiquidMemories"},{"floor":19,"key":"Dexterity Potion"}],"is_trial":false,"path_per_floor":["M","M","M","M","M","R","?","$","T","E","M","R","E","M","R","B",null,"M","M","$","?","M","R","T","E"],"character_chosen":"THE_SILENT","items_purchased":["Footwork","Apotheosis","Dagger Spray"],"campfire_rested":3,"item_purchase_floors":[8,20,20],"current_hp_per_floor":[59,45,34,23,23,42,42,42,42,18,18,37,35,27,27,19,54,42,19,34,34,16,35,35,0,0],"gold":16,"neow_bonus":"THREE_SMALL_POTIONS","is_daily":false,"chose_seed":false,"campfire_upgraded":1,"win_rate":0.0,"timestamp":1610055060,"path_taken":["M","?","M","M","M","R","?","?","T","E","M","R","E","M","R","BOSS","M","M","$","?","?","R","?","E"],"items_purchased_type":["Card","Card","Card"],"build_version":"2020-12-22","purchased_purges":1,"victory":false,"max_hp_per_floor":[66,66,66,66,66,66,66,66,66,66,66,66,66,66,66,66,66,66,66,66,66,66,66,66,66,66],"card_choices":[{"not_picked":["Choke","Sucker Punch"],"picked":"Crippling Poison","floor":1.0},{"not_picked":["PiercingWail","Caltrops"],"picked":"Skewer","floor":2.0},{"not_picked":["Finisher","Deflect"],"picked":"Terror","floor":3.0},{"not_picked":["Sucker Punch","Expertise"],"picked":"Bane","floor":4.0},{"not_picked":["Escape Plan","Blade Dance"],"picked":"Corpse Explosion","floor":5.0},{"not_picked":["Dash","Deflect"],"picked":"Noxious Fumes","floor":10.0},{"not_picked":["Sucker Punch","Masterful Stab"],"picked":"Backflip","floor":11},{"not_picked":["Dodge and Roll","Concentrate"],"picked":"Distraction","floor":13},{"not_picked":["Underhanded Strike","PiercingWail"],"picked":"Slice","floor":14},{"not_picked":["After Image","Doppelganger"],"picked":"Night Terror","floor":16},{"not_picked":["Endless Agony","Bane"],"picked":"Deadly Poison","floor":18},{"not_picked":["Quick Slash","Outmaneuver"],"picked":"Backflip+1","floor":19},{"not_picked":["Endless Agony","Well Laid Plans"],"picked":"Deflect","floor":22}],"player_experience":1629289,"relics_obtained":[{"floor":9.0,"key":"Omamori"},{"floor":10.0,"key":"Pantograph"},{"floor":13,"key":"MealTicket"},{"floor":24,"key":"Art of War"}],"event_choices":[{"damage_healed":0.0,"max_hp_gain":0.0,"max_hp_loss":0.0,"gold_gain":0.0,"event_name":"Upgrade Shrine","player_choice":"Upgraded","floor":7.0,"gold_loss":0.0,"damage_taken":0.0,"cards_upgraded":["Crippling Poison"]},{"damage_healed":0,"gold_gain":0,"cards_transformed":["Reflex"],"player_choice":"Transformed","damage_taken":0,"max_hp_gain":0,"max_hp_loss":0,"event_name":"Transmorgrifier","floor":21,"gold_loss":0,"cards_obtained":["Sucker Punch"]}],"is_beta":false,"boss_relics":[{"not_picked":["WristBlade","Fusion Hammer"],"picked":"Pandora\u0027s Box"}],"items_purged_floors":[8],"is_endless":false,"potions_floor_spawned":[2,3,4,11,13,19],"killed_by":"Gremlin Leader","ascension_level":20}}