{"host":"l3qq6dhgi17n1wbp","time":1610033957,"event":{"mods":["BaseMod","Colored Map","Minty Spire (QoL Compilation)","SuperFastMode"],"gold_per_floor":[114,64,239,87,15,15,46,46,72,72,72,104,114,142,142,243,243,254,0,0,11,11,43,43,55,82,110,110,137,42,61,61,164,164,175,98,108,0,15,15,47,47,47,47,81,81,81,95,95,95],"floor_reached":51,"playtime":1843,"items_purged":["Doubt"],"score":928,"play_id":"b5c9edf6-2584-4eaf-8620-ae27b680f7ed","local_time":"20210108003917","is_ascension_mode":true,"campfire_choices":[{"data":"Zap","floor":6.0,"key":"SMITH"},{"data":"Dualcast","floor":8.0,"key":"SMITH"},{"data":"Capacitor","floor":10.0,"key":"SMITH"},{"data":"Conserve Battery","floor":15.0,"key":"SMITH"},{"floor":24.0,"key":"REST"},{"floor":28.0,"key":"REST"},{"floor":32.0,"key":"REST"},{"data":"Double Energy","floor":40.0,"key":"SMITH"},{"data":"Seek","floor":42.0,"key":"SMITH"},{"data":"Skim","floor":44.0,"key":"SMITH"},{"floor":46.0,"key":"REST"},{"data":"Multi-Cast","floor":49.0,"key":"SMITH"}],"circlet_count":0,"master_deck":["Strike_B+1","Strike_B+1","Defend_B+1","Defend_B+1","Defend_B+1","Zap+1","Dualcast+1","Capacitor+1","Conserve Battery+1","Skim+1","Self Repair","Seek+1","Melter","Ball Lightning","Sunder","Double Energy+1","Storm+1","Machine Learning","Coolheaded+1","Aggregate+1","Ball Lightning+1","Multi-Cast+1","Electrodynamics+1","Undo+1","Redo+1","Loop","Self Repair+1"],"relics":["Cracked Core","NeowsBlessing","Cables","PreservedInsect","Oddly Smooth Stone","DataDisk","Black Star","Pear","Dream Catcher","Nunchaku","Gambling Chip","Kunai","Centennial Puzzle","Bag of Preparation","Astrolabe","Red Mask","FossilizedHelix","Art of War","Singing Bowl","Bottled Tornado","Sundial"],"acts_visited":["Exordium","TheCity","TheBeyond"],"potions_floor_usage":[50,50,50],"damage_taken":[{"damage":0.0,"enemies":"2 Louse","floor":1.0,"turns":1.0},{"damage":0.0,"enemies":"3 Sentries","floor":7.0,"turns":1.0},{"damage":0.0,"enemies":"Lagavulin","floor":12.0,"turns":1.0},{"damage":0.0,"enemies":"Jaw Worm","floor":13.0,"turns":2.0},{"damage":31.0,"enemies":"Gremlin Nob","floor":14.0,"turns":4.0},{"damage":4.0,"enemies":"The Guardian","floor":16.0,"turns":10.0},{"damage":31.0,"enemies":"Shell Parasite","floor":18.0,"turns":9.0},{"damage":18.0,"enemies":"2 Thieves","floor":21.0,"turns":4.0},{"damage":13.0,"enemies":"Book of Stabbing","floor":23.0,"turns":5.0},{"damage":9.0,"enemies":"Snecko","floor":25.0,"turns":4.0},{"damage":35.0,"enemies":"Slavers","floor":27.0,"turns":4.0},{"damage":4.0,"enemies":"Book of Stabbing","floor":29.0,"turns":4.0},{"damage":15.0,"enemies":"Shelled Parasite and Fungi","floor":31.0,"turns":5.0},{"damage":4.0,"enemies":"Champ","floor":33.0,"turns":5.0},{"damage":0.0,"enemies":"3 Shapes","floor":35.0,"turns":1.0},{"damage":3.0,"enemies":"Orb Walker","floor":37.0,"turns":3.0},{"damage":20.0,"enemies":"Jaw Worm Horde","floor":39.0,"turns":2.0},{"damage":17.0,"enemies":"Nemesis","floor":41.0,"turns":5.0},{"damage":46.0,"enemies":"Giant Head","floor":45.0,"turns":9.0},{"damage":0.0,"enemies":"3 Darklings","floor":48.0,"turns":2.0},{"damage":84,"enemies":"Time Eater","floor":50,"turns":9}],"seed_played":"-2291148706892905369","potions_obtained":[{"floor":13.0,"key":"AttackPotion"},{"floor":14.0,"key":"Strength Potion"},{"floor":16.0,"key":"LiquidMemories"},{"floor":18.0,"key":"LiquidBronze"},{"floor":25.0,"key":"PotionOfCapacity"},{"floor":29.0,"key":"SmokeBomb"},{"floor":33.0,"key":"Explosive Potion"},{"floor":35.0,"key":"Regen Potion"},{"floor":37.0,"key":"Regen Potion"},{"floor":41.0,"key":"PowerPotion"},{"floor":45.0,"key":"Energy Potion"}],"is_trial":false,"path_per_floor":["M","?","?","$","$","R","E","R","T","R","$","E","M","E","R","B",null,"M","?","?","M","?","E","R","M","T","E","R","E","$","M","R","B",null,"M","$","M","?","M","R","E","R","T","R","E","R","?","M","R","B",null],"character_chosen":"DEFECT","items_purchased":["Capacitor","PotionOfCapacity","EssenceOfDarkness","Loop"],"campfire_rested":4,"item_purchase_floors":[4,5,30,36],"current_hp_per_floor":[75,75,75,75,75,75,75,75,75,75,75,75,75,44,44,40,75,51,51,37,26,26,30,57,55,55,27,54,57,57,49,76,72,90,90,90,90,90,70,70,60,60,60,60,48,77,94,96,96,27],"gold":95,"neow_bonus":"THREE_ENEMY_KILL","is_daily":false,"chose_seed":false,"campfire_upgraded":8,"win_rate":0.0,"timestamp":1610033957,"path_taken":["M","?","?","?","$","R","E","R","T","R","$","E","M","E","R","BOSS","M","?","?","M","?","E","R","M","T","E","R","E","?","M","R","BOSS","M","$","M","?","M","R","E","R","T","R","E","R","?","?","R","BOSS"],"items_purchased_type":["Card","Potion","Potion","Card"],"build_version":"2020-12-22","purchased_purges":1,"victory":true,"max_hp_per_floor":[75,75,75,75,75,75,75,75,75,75,75,75,75,75,75,75,75,75,75,80,80,80,90,90,90,90,90,90,90,90,90,90,90,90,90,90,90,90,90,90,90,90,90,90,92,94,94,96,96,96],"card_choices":[{"not_picked":["Go for the Eyes","Aggregate","Fusion"],"picked":"SKIP","floor":1.0},{"not_picked":["Rebound","Redo"],"picked":"Conserve Battery","floor":7.0},{"not_picked":["Beam Cell","Stack"],"picked":"Skim","floor":12.0},{"not_picked":["Reprogram","Compile Driver","Leap"],"picked":"SKIP","floor":13.0},{"not_picked":["Go for the Eyes","Thunder Strike"],"picked":"Self Repair","floor":14.0},{"not_picked":["Thunder Strike","Buffer"],"picked":"Seek","floor":16.0},{"not_picked":["Gash+1","Stack"],"picked":"Melter","floor":18.0},{"not_picked":["Leap","Turbo+1"],"picked":"Ball Lightning","floor":21.0},{"not_picked":["Fusion+1","Turbo"],"picked":"Sunder","floor":23.0},{"not_picked":["Go for the Eyes","Cold Snap"],"picked":"Double Energy","floor":24.0},{"not_picked":["Redo+1","Go for the Eyes"],"picked":"Storm+1","floor":25.0},{"not_picked":["Chaos","Reprogram"],"picked":"Machine Learning","floor":27.0},{"not_picked":["Compile Driver+1","Scrape"],"picked":"Reinforced Body","floor":28.0},{"not_picked":["Doom and Gloom","Cold Snap"],"picked":"Coolheaded+1","floor":29.0},{"not_picked":["Go for the Eyes+1","Cold Snap"],"picked":"Aggregate+1","floor":31.0},{"not_picked":["Streamline+1","Gash+1"],"picked":"Ball Lightning+1","floor":32.0},{"not_picked":["Creative AI","Buffer"],"picked":"Multi-Cast","floor":33.0},{"not_picked":["Gash","Reinforced Body","Ball Lightning"],"picked":"SKIP","floor":35.0},{"not_picked":["Streamline+1","Steam Power","Heatsinks+1"],"picked":"SKIP","floor":37.0},{"not_picked":["Sweeping Beam","Leap+1","Steam+1"],"picked":"SKIP","floor":39.0},{"not_picked":["Core Surge","Ball Lightning"],"picked":"Self Repair+1","floor":41.0},{"not_picked":["Hologram+1","Scrape","Hello World+1"],"picked":"Singing Bowl","floor":45.0},{"not_picked":["Rebound","Leap","Heatsinks"],"picked":"Singing Bowl","floor":46.0},{"not_picked":["Reprogram","Compile Driver+1","Steam+1"],"picked":"Singing Bowl","floor":48.0}],"player_experience":222325,"relics_obtained":[{"floor":7.0,"key":"Cables"},{"floor":9.0,"key":"PreservedInsect"},{"floor":12.0,"key":"Oddly Smooth Stone"},{"floor":14.0,"key":"DataDisk"},{"floor":23.0,"key":"Pear"},{"floor":23.0,"key":"Dream Catcher"},{"floor":26.0,"key":"Nunchaku"},{"floor":27.0,"key":"Gambling Chip"},{"floor":27.0,"key":"Kunai"},{"floor":29.0,"key":"Centennial Puzzle"},{"floor":29.0,"key":"Bag of Preparation"},{"floor":41.0,"key":"FossilizedHelix"},{"floor":41.0,"key":"Art of War"},{"floor":43.0,"key":"Singing Bowl"},{"floor":45.0,"key":"Bottled Tornado"},{"floor":45.0,"key":"Sundial"}],"event_choices":[{"cards_removed":["Strike_B"],"damage_healed":0.0,"max_hp_gain":0.0,"max_hp_loss":0.0,"gold_gain":0.0,"event_name":"The Cleric","player_choice":"Card Removal","floor":2.0,"gold_loss":50.0,"damage_taken":0.0},{"damage_healed":0.0,"max_hp_gain":0.0,"max_hp_loss":0.0,"gold_gain":175.0,"event_name":"Liars Game","player_choice":"AGREE","floor":3.0,"gold_loss":0.0,"damage_taken":0.0,"cards_obtained":["Doubt"]},{"damage_healed":0.0,"max_hp_gain":0.0,"max_hp_loss":0.0,"gold_gain":0.0,"event_name":"Masked Bandits","player_choice":"Paid Fearfully","floor":19.0,"gold_loss":254.0,"damage_taken":0.0},{"damage_healed":0.0,"max_hp_gain":5.0,"max_hp_loss":0.0,"gold_gain":0.0,"event_name":"Forgotten Altar","player_choice":"Shed Blood","floor":20.0,"gold_loss":0.0,"damage_taken":19.0},{"damage_healed":0.0,"max_hp_gain":0.0,"max_hp_loss":0.0,"gold_gain":0.0,"event_name":"Back to Basics","player_choice":"Simplicity","floor":22.0,"gold_loss":0.0,"damage_taken":0.0,"cards_upgraded":["Strike_B","Strike_B","Strike_B","Defend_B","Defend_B","Defend_B","Defend_B"]},{"damage_healed":0.0,"max_hp_gain":0.0,"max_hp_loss":0.0,"gold_gain":0.0,"event_name":"Tomb of Lord Red Mask","player_choice":"Paid","floor":38.0,"gold_loss":108.0,"damage_taken":0.0,"relics_obtained":["Red Mask"]},{"damage_healed":17.0,"max_hp_gain":0.0,"max_hp_loss":0.0,"gold_gain":0.0,"event_name":"Wheel of Change","player_choice":"Full Heal","floor":47.0,"gold_loss":0.0,"damage_taken":0.0}],"is_beta":false,"boss_relics":[{"not_picked":["FrozenCore","Snecko Eye"],"picked":"Black Star"},{"not_picked":["Coffee Dripper","Runic Dome"],"picked":"Astrolabe"}],"items_purged_floors":[4],"is_endless":false,"potions_floor_spawned":[13,14,16,18,25,29,33,35,37,41,45],"ascension_level":2}}