{"host":"mm0v83pkg2fvsdgl","time":1610005341,"event":{"mods":["2.2 Compatiblity","Alarm Clock","AlwaysNeverKeys","BaseMod","Beaked The Cultist","Bestiary","Better Altar","Better Match","Better Note","Better Sensory Stone","Better Silent Start","Better Third Choice","Clawfect","Displayed Cursed Tome","Energized Spire","Friendly Minions","Highlight Path","Ironclad Rager","Keyboard Shortcuts","Lotus Mark","Marisa????????","Marked Mod","Mimic Mod","Minty Spire (QoL Compilation)","Permanent Neow","Railgun Mod","Remove Card Discount Mod","Shade Mod","Somnambulant","Spicy Shops","StSLib","Swap Starting Deck Mod","The Construct","The Disciple","The Dragon Tamer","The Hierophant","TheHeartMod","TheVacant","Transform Curses","Unceasing Turn Reminder","Wandering Minibosses"],"gold_per_floor":[114,129,3,18,75,75,88,88,113,113,113,128,143,173,173,273,273,288,243,258,208,223,223,27,42,42,72,72,68,68,83,83,83,83],"floor_reached":33,"playtime":1853,"items_purged":["Parasite","hierophant:PassingBell","hierophant:MorningPrayer","hierophant:Smite","hierophant:Zeal"],"score":317,"play_id":"65a21b8c-8940-48f3-86bc-58fbafe9ecfd","local_time":"20210107024221","daily_mods":["SealedDeck","Green Cards","Lethality"],"is_ascension_mode":false,"campfire_choices":[{"data":"hierophant:Glossolalia","floor":6,"key":"SMITH"},{"data":"hierophant:MirrorShield","floor":8,"key":"SMITH"},{"data":"hierophant:SealAway","floor":15,"key":"SMITH"},{"data":"hierophant:Shelter","floor":23,"key":"SMITH"},{"data":"hierophant:SealAway","floor":32,"key":"SMITH"}],"circlet_count":0,"master_deck":["hierophant:Zeal","hierophant:MorningPrayer","hierophant:Glossolalia+1","hierophant:Smite+1","hierophant:SealAway+1","hierophant:Shelter+1","hierophant:MirrorShield+1","hierophant:Blessing+1","hierophant:Martyrdom+1","hierophant:Determination+1","hierophant:Anathema","hierophant:Community+1","hierophant:Exaltation+1","hierophant:Shelter","hierophant:Glossolalia+1","hierophant:Shelter","Bandage Up","hierophant:Community+1","Insight","hierophant:SealAway+1"],"relics":["hierophant:PropheticMaskRelic","Bird Faced Urn","Odd Mushroom","Oddly Smooth Stone","Bag of Marbles","Frozen Egg 2","Tiny Chest","construct:WeddingRing","Anchor","Singing Bowl","Bottled Lightning"],"acts_visited":["Exordium","TheCity"],"potions_floor_usage":[16,22,25,33],"damage_taken":[{"damage":0,"enemies":"Jaw Worm","floor":1,"turns":4},{"damage":0,"enemies":"2 Louse","floor":2,"turns":2},{"damage":0,"enemies":"Cultist","floor":4,"turns":2},{"damage":15,"enemies":"The Mushroom Lair","floor":7,"turns":3},{"damage":0,"enemies":"Looter","floor":12,"turns":1},{"damage":0,"enemies":"Large Slime","floor":13,"turns":4},{"damage":0,"enemies":"Gremlin Nob","floor":14,"turns":2},{"damage":44,"enemies":"Hexaghost","floor":16,"turns":6},{"damage":0,"enemies":"Spheric Guardian","floor":18,"turns":1},{"damage":32,"enemies":"3 Byrds","floor":19,"turns":6},{"damage":32,"enemies":"Snecko","floor":20,"turns":4},{"damage":59,"enemies":"Snake Plant","floor":22,"turns":4},{"damage":19,"enemies":"Centurion and Healer","floor":25,"turns":4},{"damage":35,"enemies":"Book of Stabbing","floor":27,"turns":6},{"damage":41,"enemies":"Cultist and Chosen","floor":31,"turns":6},{"damage":85,"enemies":"Automaton","floor":33,"turns":12}],"seed_played":"8350349167999303424","potions_obtained":[{"floor":2,"key":"PowerPotion"},{"floor":16,"key":"DuplicationPotion"},{"floor":22,"key":"LiquidMemories"},{"floor":25,"key":"FearPotion"},{"floor":27,"key":"FairyPotion"},{"floor":31,"key":"Block Potion"}],"is_trial":false,"path_per_floor":["M","M","$","M","?","R","?","R","T","?","?","M","M","E","R","B",null,"M","M","M","?","M","R","$","M","T","E","?","$","T","M","R","B"],"character_chosen":"HIEROPHANT","items_purchased":["Bird Faced Urn","hierophant:Glossolalia+1","hierophant:Shelter","Bandage Up"],"campfire_rested":0,"item_purchase_floors":[3,24,24,24],"current_hp_per_floor":[75,75,72,72,72,72,64,64,64,36,22,32,44,48,48,38,72,72,65,46,46,8,8,8,22,22,11,11,11,11,21,21,0,0],"gold":83,"neow_bonus":"","is_daily":true,"chose_seed":false,"campfire_upgraded":5,"win_rate":0.0,"timestamp":1610005341,"path_taken":["M","M","$","M","?","R","?","R","T","?","?","?","M","E","R","BOSS","M","M","M","?","M","R","$","?","T","E","?","$","?","M","R","BOSS"],"items_purchased_type":["Relic","Card","Card","Card"],"build_version":"2020-12-22","purchased_purges":5,"victory":false,"max_hp_per_floor":[75,75,72,72,72,72,72,72,72,72,72,72,72,72,72,72,72,72,72,72,72,72,72,72,72,72,74,74,74,74,74,74,74,74],"card_choices":[{"not_picked":["hierophant:ThreeLashes","hierophant:Mercenaries"],"picked":"hierophant:Zeal","floor":1},{"not_picked":["hierophant:Community","hierophant:Encroach"],"picked":"hierophant:Blessing","floor":2},{"not_picked":["hierophant:ThreeLashes","hierophant:Repentance","hierophant:Zeal"],"picked":"SKIP","floor":4},{"not_picked":["hierophant:AuricBeam","hierophant:OrnateBuckler","hierophant:Smite"],"picked":"SKIP","floor":12},{"not_picked":["hierophant:Rebuild","hierophant:AuricBeam"],"picked":"hierophant:Martyrdom+1","floor":13},{"not_picked":["hierophant:Purify","hierophant:HammerAndAnvil"],"picked":"hierophant:Determination+1","floor":14},{"not_picked":["hierophant:Kindle","hierophant:Levitation"],"picked":"hierophant:Anathema","floor":16},{"not_picked":["hierophant:Patience","hierophant:MorningPrayer"],"picked":"hierophant:Community+1","floor":18},{"not_picked":["hierophant:OrnateJavelin","hierophant:FaithHealing"],"picked":"hierophant:Exaltation+1","floor":19},{"not_picked":["hierophant:Endure","hierophant:Bribe","hierophant:Encroach"],"picked":"SKIP","floor":20},{"not_picked":["hierophant:ThreeLashes","hierophant:PassingBell"],"picked":"hierophant:Shelter","floor":22},{"not_picked":["hierophant:PassingBell","hierophant:FlamingChariot"],"picked":"hierophant:Community+1","floor":25},{"not_picked":["hierophant:WrathOfGod","hierophant:Remorse+1","hierophant:OrnateBuckler"],"picked":"Singing Bowl","floor":27},{"not_picked":["hierophant:Encroach","hierophant:Remorse"],"picked":"hierophant:SealAway","floor":31}],"player_experience":653801,"relics_obtained":[{"floor":7,"key":"Odd Mushroom"},{"floor":9,"key":"Oddly Smooth Stone"},{"floor":14,"key":"Tiny Chest"},{"floor":26,"key":"Anchor"},{"floor":27,"key":"Singing Bowl"},{"floor":30,"key":"Bottled Lightning"}],"event_choices":[{"damage_healed":0,"gold_gain":57,"player_choice":"Gained Gold","damage_taken":0,"max_hp_gain":0,"max_hp_loss":0,"event_name":"Golden Wing","floor":5,"gold_loss":0},{"damage_healed":0,"gold_gain":0,"player_choice":"Fought Mushrooms","damage_taken":0,"max_hp_gain":0,"max_hp_loss":0,"event_name":"Mushrooms","floor":7,"gold_loss":0},{"damage_healed":0,"gold_gain":1,"player_choice":"Relic Relic ","damage_taken":28,"max_hp_gain":0,"max_hp_loss":0,"event_name":"betterThird:BetterScrap","floor":10,"gold_loss":0,"cards_obtained":["FearNoEvil"]},{"damage_healed":36,"gold_gain":0,"player_choice":"Upgrade","damage_taken":14,"max_hp_gain":0,"max_hp_loss":72,"event_name":"betterThird:BetterShining","floor":11,"gold_loss":0,"cards_upgraded":["hierophant:Smite","hierophant:Blessing"]},{"damage_healed":0,"gold_gain":0,"player_choice":"Bet on Murderer","damage_taken":0,"max_hp_gain":0,"max_hp_loss":0,"event_name":"The Joust","floor":21,"gold_loss":50},{"damage_healed":0,"gold_gain":0,"player_choice":"Insight","damage_taken":0,"max_hp_gain":0,"max_hp_loss":0,"event_name":"betterThird:BetterWriting","floor":28,"gold_loss":0,"cards_obtained":["Insight"]}],"is_beta":false,"boss_relics":[{"not_picked":["Sozu","energizedSpire:CursedPentagram"],"picked":"construct:WeddingRing"}],"items_purged_floors":[3,3,3,29,29],"is_endless":false,"potions_floor_spawned":[2,16,22,25,27,31],"killed_by":"Automaton","ascension_level":0}}