{"host":"69bxgjr0sv0a6xc4","time":1610035699,"event":{"mods":["Act Like it!","BaseMod","Better Altar","Better Match","Better Note","Better Sensory Stone","Better Skull","Better Third Choice","BetterRewards","DeckTracker","Friendly Minions","Jorbs\u0027s Wanderer Trilogy","Lobotomy","LobotomyExtend","Minty Spire (QoL Compilation)","Relic Stats","Spicy Shops","StSLib","The Bladedancer","Unceasing Turn Reminder"],"gold_per_floor":[110,127,63,63,76,86,86,121,121,121,121,121],"floor_reached":11,"playtime":435,"items_purged":[],"score":128,"play_id":"ebbc3c17-2ff6-4b86-9aee-b0bb32d3cd66","local_time":"20210107170819","is_ascension_mode":true,"campfire_choices":[],"circlet_count":0,"master_deck":["AscendersBane","Strike_G","Strike_G","Strike_G","Strike_G","Strike_G","Defend_G","Defend_G","Defend_G","Defend_G","Defend_G","Survivor","Neutralize","Scorched","Setup","Burst+1","FairyFestival"],"relics":["Ring of the Snake","CogitoBucket","LetterFromLob","betterThird:SlimedRelic","Boot","The Courier"],"acts_visited":["Exordium"],"potions_floor_usage":[8,11],"damage_taken":[{"damage":1,"enemies":"Small Slimes","floor":1,"turns":4},{"damage":3,"enemies":"Jaw Worm","floor":2,"turns":4},{"damage":0,"enemies":"2 Louse","floor":5,"turns":1},{"damage":6,"enemies":"Large Slime","floor":6,"turns":6},{"damage":24,"enemies":"Gremlin Nob","floor":8,"turns":4},{"damage":29,"enemies":"Lagavulin","floor":11,"turns":3}],"seed_played":"6290853511859125948","potions_obtained":[{"floor":5,"key":"Weak Potion"},{"floor":6,"key":"CultistPotion"},{"floor":8,"key":"SkillPotion"}],"is_trial":false,"path_per_floor":["M","M","?","?","M","M","?","E","T","?","E"],"character_chosen":"THE_SILENT","items_purchased":[],"campfire_rested":0,"item_purchase_floors":[],"current_hp_per_floor":[58,55,44,49,49,43,43,19,19,19,0,0],"gold":121,"neow_bonus":"","is_daily":false,"chose_seed":false,"campfire_upgraded":0,"win_rate":0.0,"timestamp":1610035699,"path_taken":["M","M","?","?","?","M","?","E","T","?","E"],"items_purchased_type":[],"build_version":"2020-12-22","purchased_purges":0,"victory":false,"max_hp_per_floor":[66,66,66,71,71,71,71,71,71,71,71,71],"relic_stats":{"counters":[6,22],"Boot":[1],"obtain_stats":[{"CogitoBucket":0,"betterThird:SlimedRelic":3,"The Courier":9,"LetterFromLob":1,"Boot":8,"Ring of the Snake":0},{"CogitoBucket":0,"betterThird:SlimedRelic":2,"The Courier":5,"LetterFromLob":1,"Boot":5,"Ring of the Snake":0},{"CogitoBucket":0,"betterThird:SlimedRelic":8,"The Courier":19,"LetterFromLob":4,"Boot":19,"Ring of the Snake":0}],"Ring of the Snake":[12]},"card_choices":[{"not_picked":["UniverseFragment","BigBadWolf"],"picked":"Scorched","floor":1},{"not_picked":["Slice","Outmaneuver"],"picked":"Setup","floor":1},{"not_picked":["PiercingWail","Deflect"],"picked":"Burst","floor":2},{"not_picked":["Slice","Terror","Predator"],"picked":"SKIP","floor":5},{"not_picked":["Quick Slash","Heel Hook","Flechettes"],"picked":"SKIP","floor":6},{"not_picked":["Scarecrow","Murderer"],"picked":"FairyFestival","floor":8},{"not_picked":["Dagger Throw","Distraction","Bane"],"picked":"SKIP","floor":8}],"player_experience":870046,"relics_obtained":[{"floor":1,"key":"LetterFromLob"},{"floor":8,"key":"Boot"},{"floor":9,"key":"The Courier"}],"event_choices":[{"damage_healed":0,"gold_gain":0,"player_choice":"Slimed","damage_taken":11,"max_hp_gain":0,"max_hp_loss":0,"event_name":"betterThird:BetterGoop","floor":3,"gold_loss":64},{"damage_healed":0,"gold_gain":0,"player_choice":"Donut","damage_taken":0,"max_hp_gain":5,"max_hp_loss":0,"event_name":"Big Fish","floor":4,"gold_loss":0},{"damage_healed":0,"gold_gain":0,"player_choice":"Grow","damage_taken":0,"max_hp_gain":0,"max_hp_loss":0,"event_name":"Living Wall","floor":7,"gold_loss":0,"cards_upgraded":["Burst"]},{"damage_healed":19,"gold_gain":0,"player_choice":"Leave","damage_taken":0,"max_hp_gain":0,"max_hp_loss":71,"event_name":"betterThird:BetterShining","floor":10,"gold_loss":0}],"is_beta":false,"boss_relics":[],"items_purged_floors":[],"is_endless":false,"potions_floor_spawned":[5,6,8],"killed_by":"Lagavulin","ascension_level":15}}