{"host":"on8kfoejf6vp3cg3","time":1610061606,"event":{"mods":["AchievementEnabler","BaseMod","Better Match","Better Third Choice","Block Reminder","Colored Map","Colored Powertips","Disable Question Mark Monsters","Googly Eyes","Hermit","Highlight Path","Minty Spire (QoL Compilation)","Permanent Neow","Rare Cards Sparkle","Replay The Spire","StSLib","The Blackbeard","The Bladedancer","The Cursed"],"gold_per_floor":[109,109,174,174,21,21,68,131,177,277,225,225,291,357,357,531,531,583,439,439,97,151,151,244,244,268,361,361,216,314,414,414,627,627,977,357,398,473,398,398,0,170,170,170,0,0,0,0,0,55],"floor_reached":51,"playtime":3786,"items_purged":["blademaster:Quickstep"],"score":1101,"play_id":"9c02dbd8-abdd-4bc5-b9ec-9938f3de0b92","local_time":"20210107182006","daily_mods":["Insanity","Vintage","Heirloom","Time Dilation","Flight"],"is_ascension_mode":true,"campfire_choices":[{"floor":6,"key":"REST"},{"floor":12,"key":"REST"},{"floor":15,"key":"REST"},{"data":"blademaster:Sharpen","floor":23,"key":"SMITH"},{"floor":25,"key":"REST"},{"floor":28,"key":"REST"},{"floor":32,"key":"REST"},{"floor":40,"key":"REST"},{"floor":44,"key":"REST"},{"floor":46,"key":"REST"},{"floor":49,"key":"REST"}],"circlet_count":0,"master_deck":["blademaster:Thrust+1","blademaster:Stability+1","blademaster:Meditate+1","blademaster:BladeCross","blademaster:SlyStabs","blademaster:IcyWind","blademaster:BloodyBlow","blademaster:SlyStabs","blademaster:BloodyBlow","blademaster:Frontflip","blademaster:Safeguard","blademaster:Momentum","blademaster:Safeguard","blademaster:AwakeningDefend","blademaster:FuriousStrike","blademaster:DragonStrike","blademaster:Frenzy","blademaster:CullingStrike","blademaster:SlyStabs","blademaster:AspectOfLightning","blademaster:TraverseCut","blademaster:LeechingStrike","blademaster:Frontflip","blademaster:Stormstrike","blademaster:AwakeningDefend","blademaster:CullingStrike+1","blademaster:Hailwind","blademaster:Stormstrike","blademaster:BladeMastery","blademaster:AspectOfWind","blademaster:Sharpen+1","blademaster:EyeOfTheTornado","blademaster:AspectOfLightning","blademaster:BladeMastery","blademaster:Cut","blademaster:AirSlash","blademaster:LeechingStrike","blademaster:Frontflip","blademaster:Momentum+1","blademaster:EyeOfTheTornado","blademaster:AspectOfLightning","blademaster:Thrust","blademaster:DragonStrike","blademaster:AirSlash","blademaster:AspectOfWind","blademaster:FuriousStrike","blademaster:Rupture","blademaster:Frontflip","blademaster:Blockade","blademaster:Blindside","blademaster:DaggerAndCloak","Backstab+1","Panacea","Poisoned Strike","blademaster:ColdBlood","blademaster:ThreePointStrike","Apotheosis","blademaster:FuryOfTheElements","blademaster:AwakeningStrike","blademaster:Cut"],"relics":["Unceasing Top","FossilizedHelix","Replay:Bandana","Lizard Tail","ReplayFunnel","Bottled Tornado","Counterbalance","Bag of Marbles","Snack Pack","Question Card","SlaversCollar","Letter Opener","PrismaticShard","Ice Cream","Pen Nib","Anchor","Blood Vial","Juzu Bracelet","Toolbox","Pear","StrikeDummy","SacredBark","Old Coin","TungstenRod","Oddly Smooth Stone","Gremlin Food","Red Mask","Divine Protection"],"acts_visited":["Exordium","TheCity","TheBeyond"],"potions_floor_usage":[16,16,50,50,50],"damage_taken":[{"damage":12,"enemies":"Small Slimes","floor":1,"turns":2},{"damage":13,"enemies":"Cultist","floor":3,"turns":5},{"damage":0,"enemies":"2 Louse","floor":7,"turns":2},{"damage":10,"enemies":"Lots of Slimes","floor":8,"turns":4},{"damage":17,"enemies":"Exordium Wildlife","floor":13,"turns":5},{"damage":15,"enemies":"Exordium Thugs","floor":14,"turns":4},{"damage":16,"enemies":"Hexaghost","floor":16,"turns":5},{"damage":14,"enemies":"2 Thieves","floor":18,"turns":4},{"damage":5,"enemies":"3 Byrds","floor":22,"turns":5},{"damage":30,"enemies":"Slavers","floor":24,"turns":5},{"damage":15,"enemies":"Replay:Snechameleon","floor":27,"turns":6},{"damage":17,"enemies":"Book of Stabbing","floor":30,"turns":4},{"damage":30,"enemies":"Gremlin Leader","floor":31,"turns":4},{"damage":66,"enemies":"Automaton","floor":33,"turns":9},{"damage":4,"enemies":"3 Shapes","floor":35,"turns":3},{"damage":31,"enemies":"3 Darklings","floor":37,"turns":4},{"damage":12,"enemies":"Jaw Worm Horde","floor":38,"turns":3},{"damage":73,"enemies":"Giant Head","floor":42,"turns":7},{"damage":4,"enemies":"Time Eater","floor":50,"turns":10}],"seed_played":"7527254340411267968","potions_obtained":[{"floor":8,"key":"Block Potion"},{"floor":22,"key":"Languid Potion"},{"floor":24,"key":"Doom Potion"},{"floor":33,"key":"Block Potion"}],"is_trial":true,"path_per_floor":["M","$","M","?","$","R","M","M","T","?","$","R","M","M","R","B",null,"M","$","?","$","M","R","E","R","T","E","R","$","E","E","R","B",null,"M","$","M","M","?","R","?","E","T","R","$","R","?","?","R","B",null],"character_chosen":"THE_BLADEMASTER","items_purchased":["ReplayFunnel","AttackPotion","PrismaticShard","Ice Cream","blademaster:DaggerAndCloak","Toolbox","TungstenRod","blademaster:ThreePointStrike","Apotheosis","blademaster:Cut","SkillPotion"],"campfire_rested":10,"item_purchase_floors":[5,11,19,21,21,29,36,36,36,45,45],"current_hp_per_floor":[56,56,43,43,43,65,65,55,55,55,55,75,58,52,74,65,73,67,67,67,67,70,70,48,70,70,71,75,75,79,67,85,27,71,77,77,54,54,54,79,79,28,28,53,53,78,78,78,85,85],"gold":55,"neow_bonus":"","is_daily":false,"chose_seed":false,"campfire_upgraded":1,"win_rate":0.0,"timestamp":1610061606,"path_taken":["M","$","M","?","?","R","M","M","T","?","$","R","M","?","R","BOSS","M","$","?","$","M","R","E","R","T","E","R","$","E","E","R","BOSS","M","$","M","M","?","R","?","E","T","R","$","R","?","?","R","BOSS"],"items_purchased_type":["Relic","Potion","Relic","Relic","Card","Relic","Relic","Card","Card","Card","Potion"],"build_version":"2020-12-22","purchased_purges":1,"victory":true,"max_hp_per_floor":[75,75,75,75,75,75,75,75,75,75,75,75,75,75,75,75,75,75,75,75,75,75,75,75,75,75,75,75,75,85,85,85,85,85,85,85,85,85,85,85,85,85,85,85,85,85,85,85,85,85],"card_choices":[{"not_picked":["blademaster:CloudOfSteel","blademaster:BladeDance","blademaster:Flash"],"picked":"blademaster:Blindside","floor":16},{"not_picked":["hermit:GoldenBullet+1","ReplayTheSpireMod:System Scan","Flechettes","blademaster:CullingStrike"],"picked":"SKIP","floor":24},{"not_picked":["Tantrum","Dropkick","Riddle With Holes+1"],"picked":"Backstab+1","floor":27},{"not_picked":["ReplayTheSpireMod:Shiv Toss","Twin Strike","BasicCrystalCard"],"picked":"Panacea","floor":30},{"not_picked":["Wireheading","Headbutt","hermit:Snipe"],"picked":"Poisoned Strike","floor":31},{"not_picked":["Secret Technique","Replay:Bag of Tricks","hermit:Roughhouse"],"picked":"blademaster:ColdBlood","floor":33},{"not_picked":["blademaster:EnchantedCuirass","blademaster:FlockOfBlades","blademaster:RagingBlow"],"picked":"blademaster:FuryOfTheElements","floor":39},{"not_picked":["blademaster:Frontflip","blademaster:Sunder","blademaster:ChargingUp"],"picked":"blademaster:AwakeningStrike","floor":39},{"not_picked":["ReplayTheSpireMod:Omega Cannon","Choke","TheCursedMod:CursedShiv+1","TheCursedMod:ReleasedStrength"],"picked":"SKIP","floor":42}],"player_experience":427369,"relics_obtained":[{"floor":1,"key":"Replay:Bandana"},{"floor":1,"key":"blademaster:DextrousPerk"},{"floor":3,"key":"Lizard Tail"},{"floor":3,"key":"blademaster:StrongPerk"},{"floor":7,"key":"blademaster:RandomBladePerk"},{"floor":7,"key":"Bottled Tornado"},{"floor":8,"key":"Counterbalance"},{"floor":8,"key":"blademaster:WindChargePerk"},{"floor":9,"key":"Bag of Marbles"},{"floor":13,"key":"Snack Pack"},{"floor":13,"key":"blademaster:StanceHealPerk"},{"floor":14,"key":"Question Card"},{"floor":14,"key":"blademaster:BleedingLaceratePerk"},{"floor":18,"key":"Letter Opener"},{"floor":18,"key":"blademaster:BonusComboPerk"},{"floor":22,"key":"Pen Nib"},{"floor":22,"key":"blademaster:RandomStancePerk"},{"floor":24,"key":"Anchor"},{"floor":24,"key":"blademaster:ComboEveryTurnPerk"},{"floor":26,"key":"Blood Vial"},{"floor":27,"key":"Juzu Bracelet"},{"floor":27,"key":"blademaster:OnAttackedChargePerk"},{"floor":30,"key":"Pear"},{"floor":30,"key":"blademaster:BleedingMoreDamagePerk"},{"floor":31,"key":"StrikeDummy"},{"floor":31,"key":"blademaster:BonusFuryPerk"},{"floor":35,"key":"Old Coin"},{"floor":35,"key":"blademaster:LightningChargePerk"},{"floor":37,"key":"Oddly Smooth Stone"},{"floor":37,"key":"blademaster:FuryEveryTurnPerk"},{"floor":38,"key":"Gremlin Food"},{"floor":38,"key":"blademaster:FinisherDrawCardPerk"},{"floor":43,"key":"Divine Protection"}],"event_choices":[{"damage_healed":0,"gold_gain":0,"cards_transformed":["blademaster:Frenzy"],"player_choice":"Transformed","damage_taken":0,"max_hp_gain":0,"max_hp_loss":0,"event_name":"Transmorgrifier","floor":4,"gold_loss":0,"cards_obtained":["blademaster:Blockade"]},{"damage_healed":0,"gold_gain":100,"player_choice":"Gold","damage_taken":0,"max_hp_gain":0,"max_hp_loss":0,"event_name":"Wheel of Change","floor":10,"gold_loss":0},{"damage_healed":0,"gold_gain":0,"player_choice":"Forge","damage_taken":0,"max_hp_gain":0,"max_hp_loss":0,"event_name":"Accursed Blacksmith","floor":20,"gold_loss":0,"cards_upgraded":["blademaster:Stability"]},{"damage_healed":0,"gold_gain":0,"player_choice":"1","damage_taken":0,"max_hp_gain":0,"max_hp_loss":0,"event_name":"betterMatch:BetterMatch","floor":39,"gold_loss":0,"cards_obtained":["betterMatch:RareCard","betterMatch:CommonCard"]},{"damage_healed":0,"gold_gain":0,"player_choice":"Paid","damage_taken":0,"relics_obtained":["Red Mask"],"max_hp_gain":0,"max_hp_loss":0,"event_name":"Tomb of Lord Red Mask","floor":41,"gold_loss":398},{"damage_healed":0,"gold_gain":0,"player_choice":"Ignored","damage_taken":0,"max_hp_gain":0,"max_hp_loss":0,"event_name":"Mysterious Sphere","floor":47,"gold_loss":0}],"is_beta":false,"boss_relics":[{"not_picked":["Ectoplasm","Honey Jar"],"picked":"SlaversCollar"},{"not_picked":["Sozu","ReplayTheSpireMod:DimensionalGlitch"],"picked":"SacredBark"}],"items_purged_floors":[45],"is_endless":false,"potions_floor_spawned":[8,22,24,33,35,37],"ascension_level":6}}