{"host":"sav7uxregyirlf69","time":1610008511,"event":{"mods":["AchievementEnabler","BaseMod","Colored Map","DeckTracker","Keyboard Shortcuts","Minty Spire (QoL Compilation)","READ ME - Guardian Mod","StSLib","SuperFastMode"],"gold_per_floor":[114,114,264,26,26,59,59,69,93,131,154,174,74,74,74,150,150,123,48,60,69,88,88,88,88],"floor_reached":24,"playtime":378,"items_purged":["Doubt","Strike_G"],"score":458,"play_id":"4a0c7be7-f05f-400c-a3bc-1290d6f3ce28","local_time":"20210107173511","is_ascension_mode":true,"campfire_choices":[{"data":"Deadly Poison","floor":7,"key":"SMITH"},{"data":"Noxious Fumes","floor":15,"key":"SMITH"},{"data":"Concentrate","floor":23,"key":"SMITH"}],"circlet_count":0,"master_deck":["AscendersBane","Strike_G","Strike_G","Strike_G","Defend_G","Defend_G","Defend_G","Defend_G+1","Defend_G+1","Survivor","Neutralize","Crippling Poison","Deadly Poison+1","Escape Plan","Prepared","Backflip","Noxious Fumes+1","Decay","Concentrate+1"],"relics":["Ring of the Snake","NeowsBlessing","Bag of Preparation","Mummified Hand","War Paint","Bag of Marbles","CeramicFish","Runic Pyramid"],"acts_visited":["Exordium","TheCity"],"potions_floor_usage":[10,10,16,16],"damage_taken":[{"damage":0,"enemies":"Small Slimes","floor":1,"turns":1},{"damage":0,"enemies":"3 Sentries","floor":6,"turns":1},{"damage":0,"enemies":"Jaw Worm","floor":8,"turns":1},{"damage":17,"enemies":"Gremlin Nob","floor":10,"turns":4},{"damage":0,"enemies":"2 Louse","floor":11,"turns":3},{"damage":0,"enemies":"Looter","floor":12,"turns":3},{"damage":10,"enemies":"Hexaghost","floor":16,"turns":8},{"damage":6,"enemies":"2 Thieves","floor":18,"turns":4},{"damage":3,"enemies":"3 Byrds","floor":20,"turns":4},{"damage":14,"enemies":"Centurion and Healer","floor":22,"turns":7},{"damage":28,"enemies":"Slavers","floor":24,"turns":3}],"seed_played":"1159976725211907000","potions_obtained":[{"floor":6,"key":"LiquidMemories"},{"floor":8,"key":"AttackPotion"},{"floor":11,"key":"LiquidMemories"},{"floor":12,"key":"CunningPotion"},{"floor":20,"key":"Fire Potion"}],"is_trial":false,"path_per_floor":["M","$","?","$","?","E","R","M","T","E","M","M","$","?","R","B",null,"M","?","M","?","M","R","E"],"character_chosen":"THE_SILENT","items_purchased":["Bag of Preparation"],"campfire_rested":0,"item_purchase_floors":[4],"current_hp_per_floor":[59,59,59,59,33,33,33,33,33,16,16,16,16,16,16,6,51,45,45,42,42,28,28,0,0],"gold":88,"neow_bonus":"THREE_ENEMY_KILL","is_daily":false,"chose_seed":false,"campfire_upgraded":3,"win_rate":0.0,"timestamp":1610008511,"path_taken":["M","$","?","$","?","E","R","?","T","E","M","M","$","?","R","BOSS","M","?","M","?","M","R","E"],"items_purchased_type":["Relic"],"build_version":"2020-12-22","purchased_purges":2,"victory":false,"max_hp_per_floor":[66,66,66,66,66,66,66,66,66,66,66,66,66,66,66,66,66,66,66,66,66,66,66,66,66],"card_choices":[{"not_picked":["Slice","Escape Plan"],"picked":"Crippling Poison","floor":1},{"not_picked":["Calculated Gamble","Acrobatics"],"picked":"Deadly Poison","floor":6},{"not_picked":["Terror","Quick Slash"],"picked":"Escape Plan","floor":8},{"not_picked":["Underhanded Strike","Dagger Throw"],"picked":"Prepared","floor":10},{"not_picked":["Riddle With Holes","Flechettes"],"picked":"Backflip","floor":11},{"not_picked":["Choke","Dagger Throw"],"picked":"Noxious Fumes","floor":12},{"not_picked":["Poisoned Stab","Deadly Poison","Underhanded Strike+1"],"picked":"SKIP","floor":18},{"not_picked":["Dagger Spray","Sucker Punch","Deadly Poison"],"picked":"SKIP","floor":20},{"not_picked":["Slice","Choke"],"picked":"Concentrate","floor":22}],"player_experience":1177340,"relics_obtained":[{"floor":6,"key":"War Paint"},{"floor":9,"key":"Bag of Marbles"},{"floor":10,"key":"CeramicFish"}],"event_choices":[{"damage_healed":0,"gold_gain":150,"player_choice":"AGREE","damage_taken":0,"max_hp_gain":0,"max_hp_loss":0,"event_name":"Liars Game","floor":3,"gold_loss":0,"cards_obtained":["Doubt"]},{"damage_healed":0,"gold_gain":0,"player_choice":"Success","damage_taken":26,"relics_obtained":["Mummified Hand"],"max_hp_gain":0,"max_hp_loss":0,"event_name":"Scrap Ooze","floor":5,"gold_loss":0},{"damage_healed":0,"gold_gain":0,"player_choice":"Ignored","damage_taken":0,"max_hp_gain":0,"max_hp_loss":0,"event_name":"Golden Wing","floor":14,"gold_loss":0},{"cards_removed":["Strike_G"],"damage_healed":0,"gold_gain":0,"player_choice":"Gave Gold","damage_taken":0,"max_hp_gain":0,"max_hp_loss":0,"event_name":"Beggar","floor":19,"gold_loss":75},{"damage_healed":0,"gold_gain":0,"player_choice":"Cursed","damage_taken":0,"max_hp_gain":0,"max_hp_loss":0,"event_name":"Wheel of Change","floor":21,"gold_loss":0,"cards_obtained":["Decay"]}],"is_beta":false,"boss_relics":[{"not_picked":["Ectoplasm","Busted Crown"],"picked":"Runic Pyramid"}],"items_purged_floors":[4,13],"is_endless":false,"potions_floor_spawned":[6,8,11,12,20],"killed_by":"Slavers","ascension_level":20}}