{"host":"at5iok8t9zvyuazy","time":1610015725,"event":{"mods":["Act Like it!","BaseMod","Better Third Choice","Downfall","Hallownest","Minty Spire (QoL Compilation)","Replay The Spire","StSLib","The Runesmith"],"gold_per_floor":[111,130,146,157,177,177,188,188,188,199,199,212,212,222,222,326,326,346,425,438,438,450,450,450,464,535,535,535,535,546,471,471,575,575,593,533,533,209,227,227,244,95,120,200,200,200],"floor_reached":45,"playtime":2310,"items_purged":["Runesmith:Defend_RS"],"score":459,"play_id":"d996e785-aaf0-4be1-a78d-d9f1af13a009","local_time":"20210107043525","is_ascension_mode":false,"campfire_choices":[{"data":"Runesmith:Fortify","floor":6.0,"key":"SMITH"},{"data":"Runesmith:DoubleUp","floor":8.0,"key":"SMITH"},{"data":"Runesmith:PoweredAnvil","floor":11.0,"key":"SMITH"},{"data":"Runesmith:HammerThrow","floor":13.0,"key":"SMITH"},{"floor":15.0,"key":"DIG"},{"data":"Runesmith:ChaoticBlast","floor":23,"key":"SMITH"},{"data":"Runesmith:MetallurgicalResearch","floor":27,"key":"SMITH"},{"floor":32,"key":"REST"},{"data":"Runesmith:GoWithTheFlow","floor":40,"key":"SMITH"}],"circlet_count":1,"master_deck":["Runesmith:Strike_RS","Runesmith:Strike_RS","Runesmith:Strike_RS","Runesmith:Strike_RS","Runesmith:Defend_RS","Runesmith:Defend_RS","Runesmith:Defend_RS","Runesmith:CraftFirestone","Runesmith:Fortify+1","Runesmith:PoweredAnvil+1","Runesmith:GoWithTheFlow+1","Runesmith:HammerThrow+1","Runesmith:RunicBlueprint","Runesmith:DoubleUp+1","Runesmith:HeatedChisel","Runesmith:MetallurgicalResearch+1"],"relics":["Runesmith:BrokenRuby","Circlet","Juzu Bracelet","Busted Crown","Replay:Ringing Soul","Question Card","Calling Bell","ReplayFunnel","Frozen Egg 2","Lizard Tail","Pear","Runesmith:EmergencyProvisions","Boot"],"acts_visited":["Exordium","TheCity","Hallownest:KingdomsEdge"],"potions_floor_usage":[33,33,33,33,45],"damage_taken":[{"damage":4.0,"enemies":"Cultist","floor":1.0,"turns":4.0},{"damage":0.0,"enemies":"2 Louse","floor":2.0,"turns":3.0},{"damage":5.0,"enemies":"Jaw Worm","floor":3.0,"turns":4.0},{"damage":0.0,"enemies":"Large Slime","floor":4.0,"turns":5.0},{"damage":2.0,"enemies":"Blue Slaver","floor":5.0,"turns":4.0},{"damage":2.0,"enemies":"Red Slaver","floor":7.0,"turns":5.0},{"damage":2.0,"enemies":"Looter","floor":10.0,"turns":4.0},{"damage":2.0,"enemies":"Exordium Thugs","floor":12.0,"turns":5.0},{"damage":6.0,"enemies":"2 Fungi Beasts","floor":14.0,"turns":3.0},{"damage":25.0,"enemies":"Slime Boss","floor":16.0,"turns":9.0},{"damage":8.0,"enemies":"Shell Parasite","floor":18.0,"turns":6.0},{"damage":0.0,"enemies":"3 Byrds","floor":20.0,"turns":4.0},{"damage":21,"enemies":"Centurion and Healer","floor":22,"turns":4},{"damage":14,"enemies":"3 Cultists","floor":25,"turns":6},{"damage":12,"enemies":"Sentry and Sphere","floor":30,"turns":5},{"damage":26,"enemies":"Collector","floor":33,"turns":9},{"damage":24,"enemies":"Hallownest:3_Siblings","floor":35,"turns":7},{"damage":5,"enemies":"Hallownest:Shield_Heavy","floor":39,"turns":5},{"damage":40,"enemies":"Hallownest:Slobbering_and_Violent","floor":41,"turns":8},{"damage":2,"enemies":"Hallownest:Slobbering_and_Violent","floor":44,"turns":6},{"damage":0,"enemies":"Hallownest:Slobbering_and_Violent","floor":44,"turns":2},{"damage":0,"enemies":"Hallownest:Xero_Hu_Marmu","floor":45,"turns":1}],"seed_played":"-23593684476383996","potions_obtained":[{"floor":1.0,"key":"PowerPotion"},{"floor":3.0,"key":"AttackPotion"},{"floor":7.0,"key":"Energy Potion"},{"floor":22,"key":"DistilledChaos"},{"floor":33,"key":"Fruit Juice"},{"floor":35,"key":"Reflective Coating"},{"floor":41,"key":"BlessingOfTheForge"}],"is_trial":false,"path_per_floor":["M","M","M","M","M","R","M","R","T","M","R","M","R","M","R","B",null,"M","T","M","?","M","R","?","M","T","R","?","?","M","?","R","B",null,"M","?","?","$","M","R","M","$","T","?","M"],"character_chosen":"RUNESMITH_CLASS","items_purchased":["Pear","Runesmith:EmergencyProvisions"],"campfire_rested":1,"item_purchase_floors":[38,42],"current_hp_per_floor":[73,73,68,68,66,66,64,64,64,62,62,74,74,75,75,50,77,69,69,69,69,48,48,48,34,34,34,34,34,22,22,45,24,82,58,65,65,75,70,70,30,30,30,28,28,28],"gold":200,"neow_bonus":"TEN_PERCENT_HP_BONUS","is_daily":false,"chose_seed":false,"campfire_upgraded":7,"win_rate":0.0,"timestamp":1610015725,"path_taken":["M","M","M","M","M","R","M","R","T","M","R","M","R","M","R","BOSS","M","?","M","?","M","R","?","M","T","R","?","?","M","?","R","BOSS","M","?","?","$","M","R","M","?","T","?","M"],"items_purchased_type":["Relic","Relic"],"build_version":"2020-12-22","purchased_purges":1,"victory":false,"max_hp_per_floor":[77,77,77,77,77,77,77,77,77,77,77,77,77,77,77,77,77,77,77,77,77,77,77,77,77,77,77,77,77,77,77,77,82,82,82,89,89,99,99,99,99,99,99,99,99,99],"card_choices":[{"not_picked":["Runesmith:EnergizedChisel","Runesmith:Firestorm"],"picked":"Runesmith:PoweredAnvil","floor":1.0},{"not_picked":["Runesmith:Terraform","Runesmith:EarthShield"],"picked":"Runesmith:GoWithTheFlow","floor":2.0},{"not_picked":["Runesmith:HeatedChisel","Runesmith:FissionHammer"],"picked":"Runesmith:HammerThrow","floor":3.0},{"not_picked":["Runesmith:ShiftingStrike","Runesmith:CraftProtectio"],"picked":"Runesmith:RunicBlueprint","floor":4.0},{"not_picked":["Runesmith:CraftProtectio","Runesmith:CraftMagma","Runesmith:ShiftingStrike"],"picked":"SKIP","floor":5.0},{"not_picked":["Runesmith:ShiftingStrike","Runesmith:HeatedChisel"],"picked":"Runesmith:DoubleUp","floor":7.0},{"not_picked":["Runesmith:Accelerate","Runesmith:Malloc","Runesmith:CraftReservo"],"picked":"SKIP","floor":10.0},{"not_picked":["Runesmith:MakeshiftArmor","Runesmith:LithiumIon","Runesmith:WhiteBalance"],"picked":"SKIP","floor":12.0},{"not_picked":["Runesmith:GoWithTheFlow","Runesmith:HammerAndChisel"],"picked":"Runesmith:HeatedChisel","floor":14.0},{"not_picked":["Runesmith:GenerateForcefield","Runesmith:ReplicatingBarrier"],"picked":"Runesmith:MetallurgicalResearch","floor":16.0},{"not_picked":[],"picked":"Runesmith:ChaoticBlast","floor":18.0},{"not_picked":["Runesmith:MakeshiftArmor"],"picked":"SKIP","floor":20.0},{"not_picked":["Runesmith:StaticCage+1"],"picked":"SKIP","floor":22},{"not_picked":["Runesmith:FrozenChisel"],"picked":"SKIP","floor":25},{"not_picked":["Runesmith:ChiselStab+1","Runesmith:Repurpose"],"picked":"SKIP","floor":30},{"not_picked":["Runesmith:Reinforce+1","Runesmith:DoubleUp+1"],"picked":"SKIP","floor":35},{"not_picked":["Runesmith:ChargedHammer","Runesmith:CraftProtectio"],"picked":"SKIP","floor":39},{"not_picked":["Runesmith:CraftMagma","Runesmith:Superposition+1"],"picked":"SKIP","floor":41}],"player_experience":970784,"relics_obtained":[{"floor":9.0,"key":"Dead Branch"},{"floor":15.0,"key":"Juzu Bracelet"},{"floor":19.0,"key":"Replay:Ringing Soul"},{"floor":26,"key":"Question Card"},{"floor":34,"key":"ReplayFunnel"},{"floor":34,"key":"Frozen Egg 2"},{"floor":34,"key":"Lizard Tail"},{"floor":43,"key":"Boot"}],"event_choices":[{"damage_healed":0,"gold_gain":0,"player_choice":"Ignored","damage_taken":0,"max_hp_gain":0,"max_hp_loss":0,"event_name":"N\u0027loth","floor":24,"gold_loss":0},{"damage_healed":0,"gold_gain":0,"player_choice":"Ignored","damage_taken":0,"max_hp_gain":0,"max_hp_loss":0,"event_name":"Ghosts","floor":28,"gold_loss":0},{"cards_removed":["Runesmith:ChaoticBlast"],"damage_healed":0,"gold_gain":0,"player_choice":"Gave Gold","damage_taken":0,"max_hp_gain":0,"max_hp_loss":0,"event_name":"Beggar","floor":31,"gold_loss":75}],"is_beta":false,"boss_relics":[{"not_picked":["ReplayTheSpireMod:DimensionalGlitch","Velvet Choker"],"picked":"Busted Crown"},{"not_picked":["Replay:Bronze Core","Honey Jar"],"picked":"Calling Bell"}],"items_purged_floors":[38],"is_endless":false,"potions_floor_spawned":[1,3,7,12,14,20,22,33,35,41,44],"killed_by":"Hallownest:Xero_Hu_Marmu","ascension_level":0}}