{"host":"vrsxkkch9ccrec7k","time":1610011956,"event":{"mods":["BaseMod","Beaked The Cultist","Bestiary","Minty Spire (QoL Compilation)","Relic Stats","Spicy Shops","StSLib"],"gold_per_floor":[114,133,133,144,69,69,97,97,143,143,156,156,170,181,181,285,285,299,299,317,333,351,351,351],"floor_reached":23,"playtime":1720,"items_purged":["beaked:Strike_Y"],"score":195,"play_id":"b4742204-0c37-497f-99dc-7fa26cb187fc","local_time":"20210107043236","is_ascension_mode":false,"campfire_choices":[{"data":"beaked:Overpower","floor":6,"key":"SMITH"},{"data":"beaked:Tweet","floor":8,"key":"SMITH"},{"floor":15,"key":"REST"}],"circlet_count":0,"master_deck":["beaked:Strike_Y+1","beaked:Strike_Y","beaked:Strike_Y+1","beaked:Defend_Y","beaked:Defend_Y","beaked:Defend_Y","beaked:Defend_Y","beaked:Ceremony","beaked:Ceremony","beaked:Ceremony","beaked:Insight","beaked:WindBringer+1","beaked:Overpower+1","beaked:Tweet+1","Shockwave","beaked:WarriorEssence","beaked:VigorBurst","beaked:AwakenedForm","beaked:BounceBack+1","beaked:Overexert"],"relics":["beaked:MendingPlumage","Potion Belt","Happy Flower","Cursed Key"],"acts_visited":["Exordium","TheCity"],"potions_floor_usage":[13,23],"damage_taken":[{"damage":2,"enemies":"Small Slimes","floor":1,"turns":4},{"damage":8,"enemies":"Cultist","floor":2,"turns":5},{"damage":20,"enemies":"Jaw Worm","floor":4,"turns":5},{"damage":28,"enemies":"Gremlin Nob","floor":7,"turns":4},{"damage":12,"enemies":"Looter","floor":11,"turns":4},{"damage":0,"enemies":"Lots of Slimes","floor":13,"turns":2},{"damage":13,"enemies":"Exordium Thugs","floor":14,"turns":4},{"damage":30,"enemies":"Slime Boss","floor":16,"turns":8},{"damage":0,"enemies":"3 Byrds","floor":18,"turns":4},{"damage":24,"enemies":"Shell Parasite","floor":20,"turns":5},{"damage":33,"enemies":"Snake Plant","floor":21,"turns":5},{"damage":51,"enemies":"3 Cultists","floor":22,"turns":6},{"damage":55,"enemies":"Book of Stabbing","floor":23,"turns":5}],"seed_played":"-7945573435424155854","potions_obtained":[{"floor":7,"key":"FearPotion"},{"floor":11,"key":"Explosive Potion"},{"floor":14,"key":"DuplicationPotion"},{"floor":18,"key":"DuplicationPotion"},{"floor":22,"key":"FearPotion"}],"is_trial":false,"path_per_floor":["M","M","?","M","$","R","E","R","T","?","M","?","M","M","R","B",null,"M","?","M","M","M","E"],"character_chosen":"BEAKED_THE_CULTIST","items_purchased":[],"campfire_rested":1,"item_purchase_floors":[],"current_hp_per_floor":[55,55,55,46,46,46,27,27,27,27,26,15,21,24,42,47,60,60,60,58,43,25,0,0],"gold":351,"neow_bonus":"TEN_PERCENT_HP_BONUS","is_daily":false,"chose_seed":false,"campfire_upgraded":2,"win_rate":0.0,"timestamp":1610011956,"path_taken":["M","M","?","?","$","R","E","R","T","?","?","?","M","M","R","BOSS","M","?","?","?","M","E"],"items_purchased_type":[],"build_version":"2020-12-22","purchased_purges":1,"victory":false,"max_hp_per_floor":[55,55,55,55,55,55,55,55,55,55,55,55,55,60,60,60,60,60,60,60,60,60,60,60],"relic_stats":{"Happy Flower":[14],"counters":[13,61],"Cursed Key":0,"obtain_stats":[{"Potion Belt":7,"Happy Flower":9,"beaked:MendingPlumage":0,"Cursed Key":17},{"Potion Belt":4,"Happy Flower":4,"beaked:MendingPlumage":0,"Cursed Key":8},{"Potion Belt":18,"Happy Flower":18,"beaked:MendingPlumage":0,"Cursed Key":36}]},"card_choices":[{"not_picked":["beaked:Foresight","beaked:Poke"],"picked":"beaked:Insight","floor":1},{"not_picked":["beaked:Cower","beaked:SurvivalInstinct"],"picked":"beaked:WindBringer","floor":2},{"not_picked":["beaked:TuckingFeathers","beaked:MimicHuntress"],"picked":"beaked:Overpower","floor":4},{"not_picked":["beaked:SurvivalInstinct","beaked:Redirect"],"picked":"beaked:Tweet","floor":7},{"not_picked":["beaked:Tweet","beaked:SacrificialDive","beaked:Poke"],"picked":"SKIP","floor":11},{"not_picked":["beaked:TuckingFeathers","beaked:WarriorSpirit"],"picked":"beaked:WarriorEssence","floor":13},{"not_picked":["beaked:Negation","beaked:MimicHuntress"],"picked":"beaked:VigorBurst","floor":14},{"not_picked":["beaked:MachineEssence","beaked:DarkTribute"],"picked":"beaked:AwakenedForm","floor":16},{"not_picked":["beaked:MimicWarrior+1","beaked:DesperateSwing"],"picked":"beaked:BounceBack+1","floor":18},{"not_picked":["beaked:DesperateSwing","beaked:CrazyRituals","beaked:Windmill"],"picked":"SKIP","floor":20},{"not_picked":["beaked:HuntressEssence","beaked:TuckingFeathers","beaked:BraceForImpact"],"picked":"SKIP","floor":21},{"not_picked":["beaked:BloodForTheGods","beaked:Devastation","beaked:BarbedWire"],"picked":"SKIP","floor":22}],"player_experience":1334549,"relics_obtained":[{"floor":7,"key":"Potion Belt"},{"floor":9,"key":"Happy Flower"}],"event_choices":[{"damage_healed":0,"gold_gain":0,"player_choice":"Upgraded","damage_taken":0,"max_hp_gain":0,"max_hp_loss":0,"event_name":"Upgrade Shrine","floor":3,"gold_loss":0,"cards_upgraded":["beaked:WindBringer"]},{"cards_removed":["beaked:Strike_Y"],"damage_healed":0,"gold_gain":0,"player_choice":"Took Card","damage_taken":0,"max_hp_gain":0,"max_hp_loss":0,"event_name":"NoteForYourself","floor":10,"gold_loss":0,"cards_obtained":["Shockwave"]},{"damage_healed":0,"gold_gain":0,"player_choice":"Entered Light","damage_taken":11,"max_hp_gain":0,"max_hp_loss":0,"event_name":"Shining Light","floor":12,"gold_loss":0,"cards_upgraded":["beaked:Strike_Y","beaked:Strike_Y"]},{"damage_healed":0,"gold_gain":0,"cards_transformed":["beaked:Strike_Y"],"player_choice":"Transformed","damage_taken":0,"max_hp_gain":0,"max_hp_loss":0,"event_name":"Transmorgrifier","floor":19,"gold_loss":0,"cards_obtained":["beaked:Overexert"]}],"is_beta":false,"boss_relics":[{"not_picked":["Philosopher\u0027s Stone","SacredBark"],"picked":"Cursed Key"}],"items_purged_floors":[5],"is_endless":false,"potions_floor_spawned":[7,11,14,18,22],"killed_by":"Book of Stabbing","ascension_level":0}}