{"host":"wj90f2q0h2omert0","time":1610063265,"event":{"mods":["BaseMod","Beaked The Cultist","Better Third Choice","ChefMod","Clawfect","Colored Map","DeckTracker","Downfall","Hubris","JesterMod","Minty Spire (QoL Compilation)","Relic Stats","Robot Space Explorer","Shade Mod","StSLib","The Blackbeard","The Caster","The Dragon Tamer","The Druid"],"gold_per_floor":[112,38,38,38,38,38,38,50,76,76,76,76],"floor_reached":11,"playtime":288,"items_purged":[],"score":109,"play_id":"2847959f-cdd9-4ef3-8986-1ff668d7a9ba","local_time":"20210107184745","daily_mods":["SealedDeck","Vintage","Heirloom","Time Dilation","Flight"],"is_ascension_mode":false,"campfire_choices":[{"data":"chefmod:Escargot","floor":7,"key":"SMITH"},{"data":"chefmod:ZaruSoba","floor":10,"key":"SMITH"}],"circlet_count":0,"master_deck":["chefmod:ColdSteel","chefmod:Chop","chefmod:Chop","chefmod:Gelato","chefmod:Gelato","chefmod:HotSoup","chefmod:Gelato","chefmod:IceCreamCone+1","chefmod:ZaruSoba+1","chefmod:FreezerBurn","chefmod:Escargot+1","chefmod:Chop"],"relics":["chefmod:TrustyPot","Du-Vu Doll","Smiling Mask","MealTicket","hubris:TinFlute","hubris:SlimyHat"],"acts_visited":["Exordium"],"potions_floor_usage":[],"damage_taken":[{"damage":3,"enemies":"Cultist","floor":1,"turns":3},{"damage":0,"enemies":"2 Louse","floor":8,"turns":2},{"damage":85,"enemies":"Lagavulin","floor":11,"turns":6}],"seed_played":"8222427223048329954","potions_obtained":[],"is_trial":true,"path_per_floor":["M","$","T","?","$","?","R","M","T","R","E"],"character_chosen":"THE_CHEF","items_purchased":["chefmod:Escargot"],"campfire_rested":0,"item_purchase_floors":[2],"current_hp_per_floor":[73,73,73,73,76,76,76,76,76,76,0,0],"gold":76,"neow_bonus":"","is_daily":false,"chose_seed":false,"campfire_upgraded":2,"win_rate":0.0,"timestamp":1610063265,"path_taken":["M","$","?","?","$","?","R","?","T","R","E"],"items_purchased_type":["Card"],"build_version":"2020-12-22","purchased_purges":0,"victory":false,"max_hp_per_floor":[76,76,76,76,76,76,76,76,76,76,76,76],"relic_stats":{"counters":[3,11],"MealTicket":3,"Smiling Mask":0,"obtain_stats":[{"Du-Vu Doll":0,"chefmod:TrustyPot":0,"MealTicket":3,"hubris:SlimyHat":9,"Smiling Mask":1,"hubris:TinFlute":8},{"Du-Vu Doll":0,"chefmod:TrustyPot":0,"MealTicket":1,"hubris:SlimyHat":2,"Smiling Mask":1,"hubris:TinFlute":2},{"Du-Vu Doll":0,"chefmod:TrustyPot":0,"MealTicket":3,"hubris:SlimyHat":5,"Smiling Mask":3,"hubris:TinFlute":5}]},"card_choices":[],"player_experience":696677,"relics_obtained":[{"floor":1,"key":"Smiling Mask"},{"floor":3,"key":"MealTicket"},{"floor":8,"key":"hubris:TinFlute"},{"floor":9,"key":"hubris:SlimyHat"}],"event_choices":[{"damage_healed":0,"gold_gain":0,"player_choice":"Upgraded","damage_taken":0,"max_hp_gain":0,"max_hp_loss":0,"event_name":"Upgrade Shrine","floor":6,"gold_loss":0,"cards_upgraded":["chefmod:IceCreamCone"]}],"is_beta":false,"boss_relics":[],"items_purged_floors":[],"is_endless":true,"potions_floor_spawned":[],"killed_by":"Lagavulin","ascension_level":0}}