{"host":"61ejhfsushs0xmcl","time":1610029314,"event":{"mods":["ATMod(阿瑾Mod)","Act Like it!","BaseMod","Colored Map","Gold Saver","Minty Spire (QoL Compilation)","MostiFishMod","Prisma Mod","Spicy Shops","StSLib","TestMod","Waifu the Spire","[IsaacMod]以撒尖塔","【遗物卡牌】REMEMod","篝火指南"],"gold_per_floor":[3531,3579,2710,2729,2729,2761,2778,1922,1922,1982,1982,2018,2059,1651,830,958,958,1003,703,703,1232,1147,1248,465,524,524,524,584,184,184,207,207,393,402,455,72,138,69,171,239,117,0,45,101,158,127,236,288,288,338,413,413,283,227,535,749],"floor_reached":57,"playtime":3735,"items_purged":["PrismaMod:MiyuCommonDefend","PrismaMod:MiyuCommonAttack","PrismaMod:MiyuCommonDefend","PrismaMod:MiyuCommonDefend","PrismaMod:MiyuCommonAttack","PrismaMod:MiyuCommonDefend","PrismaMod:MiyuCommonAttack","PrismaMod:MiyuCommonAttack","PrismaMod:MiyuCommonAttack","PrismaMod:MiyuUberAttack","PrismaMod:MiyuCommonDefend+1","PrismaMod:MiyuCheapChannelAttack","PrismaMod:MiyuCheapChannelDefend+1"],"score":3788,"play_id":"028c6b25-214b-4f7d-8aa3-045feb79279a","local_time":"20210107222154","is_ascension_mode":true,"campfire_choices":[{"data":"PrismaMod:MiyuUncommonDexBuff","floor":11.0,"key":"SMITH"},{"floor":27,"key":"RECALL"},{"data":"REME_ACTH","floor":32,"key":"SMITH"}],"circlet_count":33,"master_deck":["AT_Dispersion+1","PrismaMod:MiyuUncommonDexBuff+1","REME_ACTH+1","PrismaMod:MiyuBride+1","PrismaMod:MiyuUncommonDexBuff+1","PrismaMod:MiyuDefendChannelDefend+1","PrismaMod:MiyuEvokeAllAttack+1","PrismaMod:MiyuOrbIncreasePerm+1","PrismaMod:MiyuCarnivalDefend+1","PrismaMod:MiyuOrbIncreasePerm+1","PrismaMod:MiyuBride+1","PrismaMod:MiyuOrbIncreasePerm+1","PrismaMod:MiyuUncommonDexBuff+1","Panacea+1"],"relics":["PrismaMod:PrismaSapphire","HushsDoor","testmod-HarvestTotem","SynthV:MejaisSoulstealer","Void","SynthV:TestCard","Art of War","Bag of Preparation","SharpPlug","AT_MibuBalloonWealth","Habit","AT_DeathDance","Tiny Chest","OrangePellets","testmod-IndustrialRevolution","testmod-IWantAll","BelialBook","GuanYuAspect","Damocles","JudasShadow","Regal Pillow","BrkXgEgg","Ancient Tea Set","MealTicket","AT_SilvercatRing","DianPoetry","Oddly Smooth Stone","The Courier","CaptainsWheel","Akabeko","TheBible","PokeGo","REME_LimitBreaker","Toxic Egg 2","AT_BellDemon","ChampionBelt","DeathBook","Omamori","Membership Card","Singing Bowl","SatanicBible","GuppysPaw","Pen Nib","Dodecahedron","Bag of Marbles","AT_RedTearstoneRing","AT_ArchangelStaff","DollysMirror","Medical Kit","Red Mask","testmod-Antiphasic","AT_SpeedBoots","TheBean","AT_EbonyIvory","Kunai","Frozen Egg 2","Sling","Mummified Hand","UnicornStump","PreservedInsect","Centennial Puzzle","BlankCard","Lantern","Civilization","SteamSale","HowToJump","testmod-AssaultLearning","Bronze Scales","D6","HornCleat","Bird Faced Urn","REME_ArchaeologicalTools","Mercury Hourglass","Cauldron","AT_RedNoBalance","White Beast Statue","Ginger","CombinedTypeHook","PunchingBag","ImprovedEquipment","TuHaoJin","BookofShadows","GnawedLeaf","Shuriken","AT_ImmortalShieldbow","testmod-ObsoleteBoomerang","AT_ForceNature","testmod-IntensifyImprint","Pantograph","Bottled Flame","Lee\u0027s Waffle","Thread and Needle","StoneCalendar","testmod-RealStoneCalender","FossilizedHelix","Incense Burner","testmod-FatalChain","testmod-Muramasa","testmod-Brilliant","OriginationStaff","testmod-BlackFramedGlasses","testmod-InjuryResistance","Ice Cream","Torii","AT_Kusabimaru","Lizard Tail","testmod-Maize","REME_IWantAll","Calipers","GuppysTail","YumHeart","Du-Vu Doll","testmod-CyclicPeriapt","ThornShield","Leech","testmod-HeartOfStrike","BionicSphere","AT_LudenTempest","ArrowTower","DaCapo","Pocketwatch","AT_GoldPhoenixTree","Turnip","testmod-BouquetWithThorns","TungstenRod","testmod-CasingShield","BloodDonationMachine","ForgetMeNow","testmod-CrystalShield","AT_TheCollector","Circlet"],"acts_visited":["Exordium","TheCity","TheBeyond","TheEnding"],"potions_floor_usage":[54,56,56],"damage_taken":[{"damage":0.0,"enemies":"Cultist","floor":1.0,"turns":3.0},{"damage":0.0,"enemies":"Jaw Worm","floor":4.0,"turns":2.0},{"damage":10.0,"enemies":"Gremlin Nob","floor":6.0,"turns":3.0},{"damage":0.0,"enemies":"Small Slimes","floor":7.0,"turns":2.0},{"damage":0.0,"enemies":"Lagavulin","floor":10.0,"turns":4.0},{"damage":0.0,"enemies":"Blue Slaver","floor":12.0,"turns":1.0},{"damage":0.0,"enemies":"Looter","floor":13.0,"turns":2.0},{"damage":0,"enemies":"Hexaghost","floor":16,"turns":6},{"damage":0,"enemies":"Spheric Guardian","floor":18,"turns":1},{"damage":99999999,"enemies":"2 Thieves","floor":21,"turns":3},{"damage":0,"enemies":"Slavers","floor":23,"turns":3},{"damage":0,"enemies":"Book of Stabbing","floor":25,"turns":1},{"damage":0,"enemies":"Gremlin Leader","floor":28,"turns":2},{"damage":0,"enemies":"Automaton","floor":33,"turns":5},{"damage":0,"enemies":"Nemesis","floor":35,"turns":1},{"damage":0,"enemies":"Giant Head","floor":37,"turns":1},{"damage":0,"enemies":"Reptomancer","floor":39,"turns":1},{"damage":0,"enemies":"Nemesis","floor":40,"turns":1},{"damage":0,"enemies":"Giant Head","floor":44,"turns":1},{"damage":0,"enemies":"Nemesis","floor":45,"turns":1},{"damage":0,"enemies":"Reptomancer","floor":47,"turns":1},{"damage":0,"enemies":"Nemesis","floor":48,"turns":1},{"damage":0,"enemies":"Donu and Deca","floor":50,"turns":2},{"damage":0,"enemies":"Awakened One","floor":51,"turns":2},{"damage":0,"enemies":"Shield and Spear","floor":55,"turns":1},{"damage":0,"enemies":"Delirium","floor":56,"turns":2}],"seed_played":"1696911993397306628","potions_obtained":[{"floor":6.0,"key":"testmod-TimePotion"},{"floor":10.0,"key":"Explosive Potion"},{"floor":16,"key":"FearPotion"},{"floor":21,"key":"EssenceOfSteel"},{"floor":35,"key":"AttackPotion"},{"floor":44,"key":"testmod-EscapePotion"},{"floor":54,"key":"FairyPotion"},{"floor":54,"key":"LiquidMemories"},{"floor":54,"key":"EssenceOfSteel"},{"floor":54,"key":"Swift Potion"}],"is_trial":false,"path_per_floor":["M","T","$","M","?","E","M","R","T","E","R","M","M","$","R","B",null,"M","$","?","M","?","E","R","E","T","R","E","$","?","T","R","B",null,"M","$","M","$","M","E","R","?","T","E","M","R","M","M","R","B","B",null,"R","$","E","B",null],"character_chosen":"MIYU","items_purchased":["Art of War","Bag of Preparation","Happy Flower","NineVolt","Fruit Juice","Anchor","AT_MibuBalloonWealth","Habit","AT_DeathDance","PrismaMod:MiyuUncommonDexBuff","testmod-SpacePotion","OrangePellets","testmod-IndustrialRevolution","testmod-IWantAll","BelialBook","Damocles","JudasShadow","PrismaMod:MiyuEvokeAllAttack","BrkXgEgg","Oddly Smooth Stone","The Courier","REME_LimitBreaker","Toxic Egg 2","PrismaMod:MiyuOrbIncreasePerm+1","Membership Card","Singing Bowl","Dodecahedron","DollysMirror","Medical Kit","Sling","Civilization","SteamSale","HowToJump","testmod-AssaultLearning","Bronze Scales","D6","HornCleat","Bird Faced Urn","REME_ArchaeologicalTools","Mercury Hourglass","Cauldron","testmod-SpacePotion","AT_SilverBalance","White Beast Statue","Ginger","CombinedTypeHook","PunchingBag","ImprovedEquipment","TuHaoJin","BookofShadows","GnawedLeaf","Shuriken","AT_ImmortalShieldbow","testmod-ObsoleteBoomerang","AT_ForceNature","testmod-IntensifyImprint","Pantograph","Bottled Flame","Lee\u0027s Waffle","Thread and Needle","StoneCalendar","testmod-RealStoneCalender","FossilizedHelix","Incense Burner","testmod-FatalChain","testmod-Muramasa","testmod-Brilliant","OriginationStaff","testmod-BlackFramedGlasses","testmod-InjuryResistance","Ice Cream","Torii","AT_Kusabimaru","Lizard Tail","testmod-Maize","REME_IWantAll","Calipers","GuppysTail","YumHeart","Du-Vu Doll","testmod-CyclicPeriapt","ThornShield","Leech","testmod-HeartOfStrike","BionicSphere","AT_LudenTempest","ArrowTower","DaCapo","Pocketwatch","AT_GoldPhoenixTree","Turnip","testmod-BouquetWithThorns","TungstenRod","testmod-CasingShield","BloodDonationMachine","ForgetMeNow","testmod-CrystalShield","AT_TheCollector","Circlet","Circlet","Circlet","Circlet","Circlet","Circlet","Circlet","Circlet","Circlet","Circlet","Circlet","Circlet","Circlet","Circlet","Circlet","Circlet","Circlet","Circlet","Circlet","Circlet","Circlet","Circlet","Circlet","Circlet","Circlet","Circlet","Circlet","Circlet","Circlet","Circlet","Panacea+1"],"campfire_rested":0,"item_purchase_floors":[3,3,3,3,3,8,8,8,8,8,14,14,15,15,15,17,17,17,19,24,24,29,29,34,36,36,38,41,41,46,53,54,54,54,54,54,54,54,54,54,54,54,54,54,54,54,54,54,54,54,54,54,54,54,54,54,54,54,54,54,54,54,54,54,54,54,54,54,54,54,54,54,54,54,54,54,54,54,54,54,54,54,54,54,54,54,54,54,54,54,54,54,54,54,54,54,54,54,54,54,54,54,54,54,54,54,54,54,54,54,54,54,54,54,54,54,54,54,54,54,54,54,54,54,54,54,54,54,54],"current_hp_per_floor":[150,150,160,160,160,150,150,150,150,150,150,158,160,160,160,160,48,48,48,48,1,1,1,1,1,1,1,15,15,15,15,15,15,5,5,5,5,5,29,29,29,29,29,33,37,37,41,45,45,45,45,45,45,69,78,117],"gold":749,"neow_bonus":"RANDOM_COMMON_RELIC","is_daily":false,"chose_seed":false,"campfire_upgraded":2,"win_rate":0.0,"timestamp":1610029314,"path_taken":["M","?","$","M","?","E","M","R","T","E","R","M","M","$","R","BOSS","M","$","?","M","?","E","R","E","T","R","E","$","?","?","R","BOSS","M","$","M","$","M","E","R","?","T","E","M","R","M","M","R","BOSS","BOSS","R","$","E","BOSS"],"items_purchased_type":["Relic","Relic","Relic","Relic","Potion","Relic","Relic","Relic","Relic","Card","Potion","Relic","Relic","Relic","Relic","Relic","Relic","Card","Relic","Relic","Relic","Relic","Relic","Card","Relic","Relic","Relic","Relic","Relic","Relic","Relic","Relic","Relic","Relic","Relic","Relic","Relic","Relic","Relic","Relic","Relic","Potion","Relic","Relic","Relic","Relic","Relic","Relic","Relic","Relic","Relic","Relic","Relic","Relic","Relic","Relic","Relic","Relic","Relic","Relic","Relic","Relic","Relic","Relic","Relic","Relic","Relic","Relic","Relic","Relic","Relic","Relic","Relic","Relic","Relic","Relic","Relic","Relic","Relic","Relic","Relic","Relic","Relic","Relic","Relic","Relic","Relic","Relic","Relic","Relic","Relic","Relic","Relic","Relic","Relic","Relic","Relic","Relic","Undefined","Undefined","Undefined","Undefined","Undefined","Undefined","Undefined","Undefined","Undefined","Undefined","Undefined","Undefined","Undefined","Undefined","Undefined","Undefined","Undefined","Undefined","Undefined","Undefined","Undefined","Undefined","Undefined","Undefined","Undefined","Undefined","Undefined","Undefined","Undefined","Undefined","Card"],"build_version":"2020-12-22","purchased_purges":13,"victory":true,"max_hp_per_floor":[150,150,160,160,160,160,160,160,160,160,160,160,160,160,160,160,48,48,48,48,1,1,1,1,1,1,1,15,15,15,15,15,15,5,5,5,5,5,29,29,29,29,29,33,37,37,41,45,45,45,45,45,45,69,107,117],"card_choices":[{"not_picked":[],"picked":"SuicideKing","floor":0.0},{"not_picked":["PrismaMod:MiyuDevil","PrismaMod:MiyuAttackChannelVul"],"picked":"PrismaMod:MiyuUncommonDexBuff","floor":1.0},{"not_picked":["PrismaMod:MiyuEvokeCheapAttack","PrismaMod:MiyuMaid","PrismaMod:MiyuCheapAttack2","PrismaMod:MiyuCheapPlate","PrismaMod:MiyuCheapEvoke"],"picked":"SKIP","floor":4.0},{"not_picked":["PrismaMod:MiyuCheapEvoke","PrismaMod:MiyuUncommonStrBuff","PrismaMod:MiyuAttackChannelVul","PrismaMod:MiyuEvokeCheapDefend"],"picked":"PrismaMod:MiyuBride","floor":6.0},{"not_picked":["PrismaMod:MiyuEvokeCheapDefend","PrismaMod:MiyuCarnivalAttack","PrismaMod:MiyuUncommonPlate","PrismaMod:MiyuDefenseExplosion","PrismaMod:MiyuCheapChannelRandom"],"picked":"SKIP","floor":7.0},{"not_picked":["PrismaMod:MiyuOrbIncreasePerm","PrismaMod:MiyuCheapDexBuff","PrismaMod:MiyuCheapChannelWeak","PrismaMod:MiyuAttackChannelWeak"],"picked":"PrismaMod:MiyuUberAttack","floor":10.0},{"not_picked":["PrismaMod:MiyuEvokeAll","PrismaMod:MiyuUncommonPlate","PrismaMod:MiyuEvokeCheapAttack","PrismaMod:MiyuUncommonAttack","PrismaMod:MiyuCheapPlate"],"picked":"SKIP","floor":12.0},{"not_picked":["PrismaMod:MiyuCheapStrBuff","PrismaMod:MiyuUberAttack","PrismaMod:MiyuAttackChannelVul","PrismaMod:MiyuUncommonDexBuff","PrismaMod:MiyuCheapChannelVul"],"picked":"SKIP","floor":13.0},{"not_picked":["PrismaMod:MiyuChannelDefendEvoke","PrismaMod:MiyuCheapDefend2","PrismaMod:MiyuEvokeAllDefend","PrismaMod:MiyuUberDefend"],"picked":"PrismaMod:MiyuDefendChannelDefend","floor":16},{"not_picked":["PrismaMod:MiyuCheapChannelVul","PrismaMod:MiyuCommonAOEAttack","PrismaMod:MiyuCheapDexBuff","PrismaMod:MiyuCheapChannelRandom+1","PrismaMod:MiyuCheapPlate+1"],"picked":"SKIP","floor":18},{"not_picked":["PrismaMod:MiyuCheapEvoke","PrismaMod:MiyuCheapAttack1+1","PrismaMod:MiyuCheapChannelWeak+1","PrismaMod:MiyuCheapChannelAttack","PrismaMod:MiyuCheapStrBuff"],"picked":"SKIP","floor":21},{"not_picked":["PrismaMod:MiyuEvokeBuffDex+1","PrismaMod:MiyuEvokeCheapDefend","PrismaMod:MiyuAttackChannelWeak","PrismaMod:MiyuUncommonAttack","PrismaMod:MiyuDefenseRemoval"],"picked":"SKIP","floor":21},{"not_picked":["PrismaMod:MiyuDevil","PrismaMod:MiyuUncommonStrBuff+1","PrismaMod:MiyuCheapEvoke+1","PrismaMod:MiyuCheapChannelWeak","PrismaMod:MiyuDefenseExplosion+1"],"picked":"SKIP","floor":21},{"not_picked":["PrismaMod:MiyuUberAOEAttack","PrismaMod:MiyuCheapStrBuff+1","PrismaMod:MiyuCheapChannelRandom","PrismaMod:MiyuUncommonStrBuff+1","PrismaMod:MiyuCheapChannelVul"],"picked":"SKIP","floor":23},{"not_picked":["PrismaMod:MiyuChristmas","PrismaMod:MiyuCheapChannelWeak","PrismaMod:MiyuEvokeAllDefend+1","PrismaMod:MiyuUncommonDefend+1"],"picked":"PrismaMod:MiyuOrbIncreasePerm","floor":25},{"not_picked":["PrismaMod:MiyuEvokeBuffDex+1","PrismaMod:MiyuCheapStrBuff","PrismaMod:MiyuUncommonAttack","PrismaMod:MiyuCarnivalAttack","PrismaMod:MiyuCheapEvoke"],"picked":"SKIP","floor":28},{"not_picked":["PrismaMod:MiyuBride+1","PrismaMod:MiyuCheapDefend2+1","PrismaMod:MiyuEvokeAllAttack+1","PrismaMod:MiyuEvokeAllDefend+1"],"picked":"PrismaMod:MiyuCarnivalDefend+1","floor":33},{"not_picked":["PrismaMod:MiyuCarnivalAttack","PrismaMod:MiyuDefenseExplosion","PrismaMod:MiyuUncommonStrBuff","PrismaMod:MiyuCheapChannelRandom+1","PrismaMod:MiyuAttackChannelAttack+1"],"picked":"SKIP","floor":35},{"not_picked":["PrismaMod:MiyuCheapEvoke+1","PrismaMod:MiyuEvokeBuffDex+1","PrismaMod:MiyuUncommonAttack","PrismaMod:MiyuCarnivalAttack+1"],"picked":"PrismaMod:MiyuBride+1","floor":37},{"not_picked":["PrismaMod:MiyuCarnivalAttack","PrismaMod:MiyuCommonAOEAttack+1","PrismaMod:MiyuEvokeAll+1","PrismaMod:MiyuAttackChannelVul+1","PrismaMod:MiyuCheapChannelHeal+1"],"picked":"Singing Bowl","floor":39},{"not_picked":["PrismaMod:MiyuCheapStrBuff","PrismaMod:MiyuEvokeBuffDex+1","PrismaMod:MiyuCheapChannelVul+1","PrismaMod:MiyuUberAttack"],"picked":"PrismaMod:MiyuOrbIncreasePerm+1","floor":40},{"not_picked":["PrismaMod:MiyuCheapPlate","PrismaMod:MiyuDefenseExplosion","PrismaMod:MiyuDefendChannelDefend+1","PrismaMod:MiyuCheapChannelVul+1","PrismaMod:MiyuUberAttack"],"picked":"Singing Bowl","floor":44},{"not_picked":["PrismaMod:MiyuCheapChannelHeal+1","PrismaMod:MiyuCheapEvoke+1","PrismaMod:MiyuCheapDefend1+1","PrismaMod:MiyuEvokeAll+1","PrismaMod:MiyuCheapChannelVul+1"],"picked":"Singing Bowl","floor":45},{"not_picked":["PrismaMod:MiyuCheapChannelAttack+1","PrismaMod:MiyuCarnivalAttack+1","PrismaMod:MiyuUncommonDexBuff+1","PrismaMod:MiyuCheapDefend2+1","PrismaMod:MiyuCheapAttack2"],"picked":"Singing Bowl","floor":47},{"not_picked":["PrismaMod:MiyuCheapPlate+1","PrismaMod:MiyuEvokeBuffStr+1","PrismaMod:MiyuDefenseRemoval+1","PrismaMod:MiyuEvokeBuffDex+1","PrismaMod:MiyuCheapAttack2"],"picked":"Singing Bowl","floor":48},{"not_picked":["PrismaMod:MiyuCheapChannelDefend+1","PrismaMod:MiyuDefendChannelDefend+1","PrismaMod:MiyuAttackChannelVul","PrismaMod:MiyuEvokeBuffDex+1","PrismaMod:MiyuCheapChannelWeak+1"],"picked":"Singing Bowl","floor":55}],"player_experience":808397,"relics_obtained":[{"floor":1.0,"key":"SynthV:TestCard"},{"floor":6.0,"key":"SharpPlug"},{"floor":9.0,"key":"Tiny Chest"},{"floor":18,"key":"Regal Pillow"},{"floor":21,"key":"Ancient Tea Set"},{"floor":21,"key":"MealTicket"},{"floor":21,"key":"War Paint"},{"floor":23,"key":"AT_SilvercatRing"},{"floor":23,"key":"DianPoetry"},{"floor":25,"key":"CaptainsWheel"},{"floor":25,"key":"Akabeko"},{"floor":26,"key":"TheBible"},{"floor":28,"key":"Strawberry"},{"floor":28,"key":"PokeGo"},{"floor":31,"key":"AT_BellDemon"},{"floor":33,"key":"Whetstone"},{"floor":35,"key":"DeathBook"},{"floor":35,"key":"Omamori"},{"floor":35,"key":"Orichalcum"},{"floor":37,"key":"SatanicBible"},{"floor":37,"key":"GuppysPaw"},{"floor":37,"key":"Pen Nib"},{"floor":39,"key":"Pear"},{"floor":39,"key":"Bag of Marbles"},{"floor":40,"key":"AT_RedTearstoneRing"},{"floor":40,"key":"AT_ArchangelStaff"},{"floor":43,"key":"testmod-Antiphasic"},{"floor":44,"key":"AT_SpeedBoots"},{"floor":44,"key":"TheBean"},{"floor":44,"key":"AT_EbonyIvory"},{"floor":45,"key":"Eternal Feather"},{"floor":45,"key":"Kunai"},{"floor":45,"key":"Frozen Egg 2"},{"floor":47,"key":"Mummified Hand"},{"floor":47,"key":"UnicornStump"},{"floor":47,"key":"PreservedInsect"},{"floor":48,"key":"Centennial Puzzle"},{"floor":48,"key":"BlankCard"},{"floor":48,"key":"Lantern"},{"floor":55,"key":"Circlet"},{"floor":55,"key":"Circlet"},{"floor":55,"key":"Circlet"}],"event_choices":[{"damage_healed":0.0,"max_hp_gain":0.0,"max_hp_loss":0.0,"gold_gain":0.0,"event_name":"Liars Game","player_choice":"Ignored","floor":5.0,"gold_loss":0.0,"damage_taken":0.0},{"damage_healed":0,"gold_gain":0,"player_choice":"Ignored","damage_taken":0,"max_hp_gain":0,"max_hp_loss":0,"event_name":"Ghosts","floor":20,"gold_loss":0},{"damage_healed":0,"gold_gain":0,"player_choice":"Obtained Relic","damage_taken":0,"relics_obtained":["CeramicFish"],"max_hp_gain":0,"max_hp_loss":0,"event_name":"Addict","floor":22,"gold_loss":85},{"damage_healed":0,"gold_gain":0,"player_choice":"Swap Relic","damage_taken":0,"relics_obtained":["DaveBox"],"max_hp_gain":0,"max_hp_loss":0,"event_name":"给自己的盒子","floor":30,"relics_lost":["DaveBox"],"gold_loss":0},{"damage_healed":0,"gold_gain":0,"player_choice":"Paid","damage_taken":0,"relics_obtained":["Red Mask"],"max_hp_gain":0,"max_hp_loss":0,"event_name":"Tomb of Lord Red Mask","floor":42,"gold_loss":117}],"is_beta":false,"boss_relics":[{"not_picked":["testmod-TimeTraveler","testmod-StringDisintegrator"],"picked":"GuanYuAspect"},{"not_picked":[]},{"not_picked":["PrismaMod:PrismaSapphireUpgrade","Cursed Key"],"picked":"ChampionBelt"},{"not_picked":[]}],"items_purged_floors":[3,3,8,14,15,15,17,19,24,24,34,36,54],"is_endless":false,"potions_floor_spawned":[6,10,16,23,25,35,44,55],"ascension_level":20}}