{"host":"x1qj4d8ympd5jdqh","time":1610017997,"event":{"mods":["AchievementEnabler","AlwaysNeverKeys","BaseMod","Colored Map","Custom Start","DeckTracker","Highlight Path","Minty Spire (QoL Compilation)","StSLib","SuperFastMode"],"gold_per_floor":[110,110,110,110,134,134,172,172,197,221,237,237,261,276,276,370,370,384,384,149,149,74,74,74,89,89,89,107,107,126,84,84,177,177,192,211,229,229,20,20,64,88,88,88,88,31,56,74,74,74,74],"floor_reached":50,"playtime":1234,"items_purged":["Strike_R","Anger"],"score":994,"play_id":"b956abca-04be-42f7-b239-48d28e2aeec2","local_time":"20210107201317","is_ascension_mode":true,"campfire_choices":[{"data":"Sword Boomerang","floor":6.0,"key":"SMITH"},{"data":"Bash","floor":8.0,"key":"SMITH"},{"data":"Blood for Blood","floor":12.0,"key":"SMITH"},{"data":"Evolve","floor":15.0,"key":"SMITH"},{"data":"Immolate","floor":23.0,"key":"SMITH"},{"floor":27.0,"key":"REST"},{"data":"Battle Trance","floor":29.0,"key":"SMITH"},{"floor":32.0,"key":"REST"},{"data":"Power Through","floor":40.0,"key":"SMITH"},{"data":"Demon Form","floor":44.0,"key":"SMITH"},{"data":"Second Wind","floor":49,"key":"SMITH"}],"circlet_count":0,"master_deck":["AscendersBane","Defend_R+1","Defend_R","Defend_R","Defend_R","Bash+1","Sword Boomerang+1","Thunderclap","Evolve+1","Clothesline","Blood for Blood+1","Battle Trance+1","Immolate+1","Reaper","Demon Form+1","Power Through+1","Shrug It Off+1","Second Wind+1","Reaper","Battle Trance","Bloodletting+1","Parasite","Fire Breathing"],"relics":["Burning Blood","NeowsBlessing","Golden Idol","Bronze Scales","Orichalcum","Runic Cube","Strange Spoon","Bottled Lightning","Cursed Key","Regal Pillow"],"acts_visited":["Exordium","TheCity","TheBeyond"],"potions_floor_usage":[50],"damage_taken":[{"damage":0.0,"enemies":"2 Louse","floor":1.0,"turns":1.0},{"damage":0.0,"enemies":"Jaw Worm","floor":5.0,"turns":1.0},{"damage":0.0,"enemies":"Lagavulin","floor":7.0,"turns":1.0},{"damage":0.0,"enemies":"Cultist","floor":10.0,"turns":3.0},{"damage":8.0,"enemies":"Exordium Wildlife","floor":11.0,"turns":3.0},{"damage":7.0,"enemies":"Blue Slaver","floor":13.0,"turns":3.0},{"damage":0.0,"enemies":"2 Fungi Beasts","floor":14.0,"turns":2.0},{"damage":22.0,"enemies":"Hexaghost","floor":16.0,"turns":8.0},{"damage":29.0,"enemies":"Chosen","floor":18.0,"turns":5.0},{"damage":36.0,"enemies":"Shell Parasite","floor":25.0,"turns":5.0},{"damage":28.0,"enemies":"Snecko","floor":28.0,"turns":5.0},{"damage":30.0,"enemies":"Centurion and Healer","floor":30.0,"turns":5.0},{"damage":51.0,"enemies":"Collector","floor":33.0,"turns":7.0},{"damage":19.0,"enemies":"3 Shapes","floor":35.0,"turns":5.0},{"damage":26.0,"enemies":"3 Darklings","floor":36.0,"turns":3.0},{"damage":21.0,"enemies":"4 Shapes","floor":37.0,"turns":1.0},{"damage":32.0,"enemies":"Reptomancer","floor":41.0,"turns":7.0},{"damage":35.0,"enemies":"Jaw Worm Horde","floor":42.0,"turns":4.0},{"damage":32,"enemies":"Writhing Mass","floor":47,"turns":5},{"damage":25,"enemies":"3 Darklings","floor":48,"turns":3},{"damage":45,"enemies":"Awakened One","floor":50,"turns":3}],"seed_played":"-8927414602331192106","potions_obtained":[{"floor":5.0,"key":"HeartOfIron"},{"floor":7.0,"key":"Swift Potion"},{"floor":14.0,"key":"SteroidPotion"},{"floor":18.0,"key":"Swift Potion"},{"floor":30.0,"key":"PowerPotion"},{"floor":35.0,"key":"Swift Potion"},{"floor":37.0,"key":"Ancient Potion"}],"is_trial":false,"path_per_floor":["M","?","?","?","M","R","E","R","T","M","M","R","M","M","R","B",null,"M","?","$","?","?","R","?","M","T","R","M","R","M","$","R","B",null,"M","M","M","?","$","R","E","M","T","R","?","$","M","M","R","B"],"character_chosen":"IRONCLAD","items_purchased":["Strange Spoon","Second Wind","BloodPotion","Weak Potion","Strength Potion"],"campfire_rested":2,"item_purchase_floors":[20,31,39,39,46],"current_hp_per_floor":[74,48,25,25,31,31,37,37,37,43,41,41,40,46,46,30,64,41,41,41,41,41,41,41,11,11,33,26,26,14,14,36,15,60,47,45,30,30,45,45,66,63,63,63,63,63,60,59,59,32,32],"gold":74,"neow_bonus":"THREE_ENEMY_KILL","is_daily":false,"chose_seed":false,"campfire_upgraded":9,"win_rate":0.0,"timestamp":1610017997,"path_taken":["M","?","?","?","M","R","E","R","T","M","M","R","M","M","R","BOSS","M","?","$","?","?","R","?","M","T","R","M","R","M","?","R","BOSS","M","M","M","?","$","R","E","M","T","R","?","$","M","?","R","BOSS"],"items_purchased_type":["Relic","Card","Potion","Potion","Potion"],"build_version":"2020-12-22","purchased_purges":2,"victory":false,"max_hp_per_floor":[75,75,75,75,75,75,75,75,75,75,75,75,75,75,75,75,75,75,75,75,75,75,75,75,75,75,75,75,75,75,75,75,75,75,75,75,75,75,75,75,75,75,75,75,75,75,75,75,75,75,75],"card_choices":[{"not_picked":["Warcry","Infernal Blade"],"picked":"Sword Boomerang","floor":1.0},{"not_picked":["Havoc","Wild Strike"],"picked":"Evolve","floor":5.0},{"not_picked":["Sentinel","Perfected Strike"],"picked":"Clothesline","floor":7.0},{"not_picked":["Heavy Blade","Impervious"],"picked":"Anger","floor":10.0},{"not_picked":["Combust","Warcry"],"picked":"Blood for Blood","floor":11.0},{"not_picked":["Rampage","Flex"],"picked":"Battle Trance","floor":13.0},{"not_picked":["Warcry","Anger","Brutality"],"picked":"SKIP","floor":14.0},{"not_picked":["Corruption","Brutality"],"picked":"Immolate","floor":16.0},{"not_picked":["Wild Strike","Uppercut+1","Anger"],"picked":"SKIP","floor":18.0},{"not_picked":["Sword Boomerang","Flame Barrier"],"picked":"Power Through","floor":25.0},{"not_picked":["Power Through","Wild Strike"],"picked":"Shrug It Off","floor":28.0},{"not_picked":["Battle Trance","Body Slam+1","Pommel Strike"],"picked":"SKIP","floor":30.0},{"not_picked":["Double Tap","Limit Break"],"picked":"Reaper","floor":33.0},{"not_picked":["Flex","Spot Weakness+1","Inflame"],"picked":"SKIP","floor":35.0},{"not_picked":["Havoc+1","Infernal Blade+1","Anger+1"],"picked":"SKIP","floor":36.0},{"not_picked":["Body Slam+1","True Grit"],"picked":"Battle Trance","floor":37.0},{"not_picked":["Body Slam+1","Clash+1"],"picked":"Bloodletting+1","floor":41.0},{"not_picked":["Double Tap","Flex","Hemokinesis+1"],"picked":"SKIP","floor":42.0},{"not_picked":["Havoc","Sword Boomerang","Body Slam+1"],"picked":"SKIP","floor":47},{"not_picked":["Second Wind","Heavy Blade"],"picked":"Fire Breathing","floor":48}],"player_experience":1324254,"relics_obtained":[{"floor":7.0,"key":"Bronze Scales"},{"floor":9.0,"key":"Orichalcum"},{"floor":26.0,"key":"Bottled Lightning"},{"floor":41.0,"key":"Regal Pillow"}],"event_choices":[{"damage_healed":0.0,"max_hp_gain":0.0,"max_hp_loss":0.0,"gold_gain":0.0,"event_name":"Golden Idol","player_choice":"Take Damage","floor":2.0,"gold_loss":0.0,"damage_taken":26.0,"relics_obtained":["Golden Idol"]},{"damage_healed":0.0,"max_hp_gain":0.0,"max_hp_loss":0.0,"gold_gain":0.0,"event_name":"Shining Light","player_choice":"Entered Light","floor":3.0,"gold_loss":0.0,"damage_taken":23.0,"cards_upgraded":["Strike_R","Defend_R"]},{"damage_healed":0.0,"max_hp_gain":0.0,"max_hp_loss":0.0,"gold_gain":0.0,"cards_transformed":["Strike_R"],"event_name":"Transmorgrifier","player_choice":"Transformed","floor":4.0,"gold_loss":0.0,"damage_taken":0.0,"cards_obtained":["Thunderclap"]},{"damage_healed":0.0,"max_hp_gain":0.0,"max_hp_loss":0.0,"gold_gain":0.0,"cards_transformed":["Strike_R","Strike_R"],"event_name":"Drug Dealer","player_choice":"Became Test Subject","floor":19.0,"gold_loss":0.0,"damage_taken":0.0,"cards_obtained":["Reaper","Demon Form"]},{"damage_healed":0.0,"max_hp_gain":0.0,"max_hp_loss":0.0,"gold_gain":0.0,"event_name":"The Mausoleum","player_choice":"Ignored","floor":21.0,"gold_loss":0.0,"damage_taken":0.0},{"cards_removed":["Strike_R"],"damage_healed":0.0,"max_hp_gain":0.0,"max_hp_loss":0.0,"gold_gain":0.0,"event_name":"Beggar","player_choice":"Gave Gold","floor":22.0,"gold_loss":75.0,"damage_taken":0.0},{"damage_healed":0.0,"max_hp_gain":0.0,"max_hp_loss":0.0,"gold_gain":0.0,"event_name":"Tomb of Lord Red Mask","player_choice":"Ignored","floor":38.0,"gold_loss":0.0,"damage_taken":0.0},{"damage_healed":0.0,"max_hp_gain":0.0,"max_hp_loss":0.0,"gold_gain":0.0,"event_name":"Upgrade Shrine","player_choice":"Upgraded","floor":45.0,"gold_loss":0.0,"damage_taken":0.0,"cards_upgraded":["Shrug It Off"]}],"is_beta":false,"boss_relics":[{"not_picked":["Fusion Hammer","Philosopher\u0027s Stone"],"picked":"Runic Cube"},{"not_picked":["Black Star","Runic Dome"],"picked":"Cursed Key"}],"items_purged_floors":[20,39],"is_endless":false,"potions_floor_spawned":[5,7,14,18,30,35,37,48],"killed_by":"Awakened One","ascension_level":20}}