{"host":"28wx1s78lfgm5n5a","time":1610011735,"event":{"mods":["BaseMod","Energized Spire","Gold Saver","Highlight Path","Minty Spire (QoL Compilation)","Replay The Spire","StSLib","TestMod","Waifu the Spire","¡¾ÒÅÎï¿¨ÅÆ¡¿REMEMod"],"gold_per_floor":[986,6999,6507,6521,6529,6553,6562,6562,6562,6573,6573,6588,6620,5838,5838,5941,5941,5953,5953,5157,5170,5189,5189,5189],"floor_reached":23,"playtime":1120,"items_purged":["Strike_B","Strike_B","Strike_B"],"score":251,"play_id":"4226608f-bc3b-4e3c-8f5c-af482c92650c","local_time":"20210107172855","is_ascension_mode":true,"campfire_choices":[{"data":"Dualcast","floor":8,"key":"SMITH"},{"floor":11,"key":"REST"},{"floor":15,"key":"REST"}],"circlet_count":0,"master_deck":["Strike_B","Defend_B+1","Defend_B","Defend_B+1","Defend_B","Zap","Dualcast+1","Rip and Tear","Fission","Ball Lightning","Turbo","Seek"],"relics":["Cracked Core","testmod-TestBox","REME_ComplimentaryCards","testmod-Charity","Simple Rune","testmod-Register","ReplayTheSpireMod:Lightbulb","testmod-Fortitude","Runic Capacitor","testmod-Muramasa","Dream Catcher","energizedSpire:MagnifyingGlass","testmod-InfectionSource","Iron Hammer","testmod-Alchemist"],"acts_visited":["Exordium","TheCity"],"potions_floor_usage":[6,13,13,23],"damage_taken":[{"damage":1,"enemies":"Cultist","floor":1,"turns":3},{"damage":9,"enemies":"Jaw Worm","floor":2,"turns":4},{"damage":0,"enemies":"2 Louse","floor":4,"turns":2},{"damage":3,"enemies":"Looter","floor":5,"turns":3},{"damage":34,"enemies":"Gremlin Nob","floor":6,"turns":4},{"damage":0,"enemies":"2 Fungi Beasts","floor":7,"turns":3},{"damage":17,"enemies":"3 Louse","floor":10,"turns":3},{"damage":6,"enemies":"Looter","floor":12,"turns":2},{"damage":3,"enemies":"3 Sentries","floor":13,"turns":6},{"damage":19,"enemies":"The Guardian","floor":16,"turns":9},{"damage":4,"enemies":"Chosen","floor":18,"turns":4},{"damage":10,"enemies":"3 Byrds","floor":21,"turns":4},{"damage":33,"enemies":"Centurion and Healer","floor":22,"turns":6},{"damage":51,"enemies":"Slavers","floor":23,"turns":4}],"seed_played":"3699572622370658725","potions_obtained":[{"floor":1,"key":"Energy Potion"},{"floor":2,"key":"PotionOfCapacity"},{"floor":4,"key":"Elixir"},{"floor":10,"key":"EssenceOfSteel"},{"floor":22,"key":"Doom Potion"}],"is_trial":false,"path_per_floor":["M","M","$","M","M","E","M","R","T","M","R","M","E","$","R","B",null,"M","?","$","M","M","E"],"character_chosen":"DEFECT","items_purchased":["Simple Rune","Turbo","testmod-Register","Venom Potion","Runic Capacitor","testmod-Muramasa","Dream Catcher","Elixir","Block Potion","Iron Hammer","testmod-Alchemist","BlessingOfTheForge","PowerPotion"],"campfire_rested":2,"item_purchase_floors":[3,3,3,3,14,14,14,14,14,20,20,20,20],"current_hp_per_floor":[75,67,67,68,67,34,35,35,35,19,43,39,37,37,62,44,87,84,84,84,75,43,0,0],"gold":5189,"neow_bonus":"ONE_RANDOM_RARE_CARD","is_daily":false,"chose_seed":false,"campfire_upgraded":1,"win_rate":0.0,"timestamp":1610011735,"path_taken":["M","M","$","M","M","E","M","R","T","M","R","M","E","$","R","BOSS","M","?","$","M","M","E"],"items_purchased_type":["Relic","Card","Relic","Potion","Relic","Relic","Relic","Potion","Potion","Relic","Relic","Potion","Potion"],"build_version":"2020-12-22","purchased_purges":3,"victory":false,"max_hp_per_floor":[76,77,77,78,80,81,82,82,82,83,83,85,86,86,86,87,87,88,88,88,89,90,90,90],"card_choices":[{"not_picked":["Streamline","Steam","Stack"],"picked":"SKIP","floor":1},{"not_picked":["Steam","Leap"],"picked":"Ball Lightning","floor":2},{"not_picked":["REME_Whirling","Rip and Tear","BootSequence"],"picked":"SKIP","floor":4},{"not_picked":["REME_Whirling","Rip and Tear","BootSequence"],"picked":"SKIP","floor":4},{"not_picked":["Sweeping Beam","Turbo","Beam Cell"],"picked":"SKIP","floor":5},{"not_picked":["Go for the Eyes","Steam","Streamline"],"picked":"SKIP","floor":6},{"not_picked":["ReplayGash","ReplaySort","Hyperbeam"],"picked":"SKIP","floor":7},{"not_picked":["ReplaySort","Panic Button","Reprogram"],"picked":"SKIP","floor":10},{"not_picked":["ReplayTheSpireMod:Repulse","Streamline","Barrage"],"picked":"SKIP","floor":12},{"not_picked":["ReplayTheSpireMod:Reroute Power","Conserve Battery","Hologram"],"picked":"SKIP","floor":13},{"not_picked":["Echo Form","Machine Learning"],"picked":"Seek","floor":16},{"not_picked":["Steam","Double Energy","Auto Shields+1"],"picked":"SKIP","floor":18},{"not_picked":["BasicCrystalCard","Beam Cell+1","Rebound"],"picked":"SKIP","floor":21},{"not_picked":["Turbo+1","Barrage","Gash"],"picked":"SKIP","floor":22}],"player_experience":118627,"relics_obtained":[{"floor":6,"key":"ReplayTheSpireMod:Lightbulb"},{"floor":13,"key":"testmod-Fortitude"}],"event_choices":[{"damage_healed":0,"gold_gain":0,"player_choice":"Opened","damage_taken":0,"relics_obtained":["testmod-InfectionSource"],"max_hp_gain":0,"max_hp_loss":0,"event_name":"The Mausoleum","floor":19,"gold_loss":0}],"is_beta":false,"boss_relics":[{"not_picked":["testmod-SaigiyounoYou","FrozenCore"],"picked":"energizedSpire:MagnifyingGlass"}],"items_purged_floors":[3,14,20],"is_endless":false,"potions_floor_spawned":[1,2,4,10,21,22],"killed_by":"Slavers","ascension_level":2}}