{"host":"JIN","time":1610011042,"event":{"mods":["BaseMod","Custom Start","DeckTracker","Minty Spire (QoL Compilation)","Shop Mod","StSLib","SuperFastMode"],"gold_per_floor":[118,118,141,165,65,106,106,106,106,140,158,308,308,327,327,417,417,432,432,432,451,118,118,141,141,167,208,208,208],"floor_reached":28,"playtime":818,"items_purged":["Strike_G"],"score":542,"play_id":"5328d586-ef7c-43cd-9488-8169a9ffe7ee","local_time":"20210107181722","is_ascension_mode":true,"campfire_choices":[{"data":"After Image","floor":8.0,"key":"SMITH"},{"floor":15.0,"key":"REST"},{"data":"Catalyst","floor":23,"key":"SMITH"},{"data":"Noxious Fumes","floor":25,"key":"SMITH"}],"circlet_count":0,"master_deck":["Strike_G","Strike_G","Strike_G","Defend_G","Defend_G","Defend_G","Defend_G","Defend_G","Survivor","Neutralize","Poisoned Stab","Deadly Poison","Acrobatics","Bouncing Flask","Deflect","Backflip","After Image+1","Poisoned Stab","Deadly Poison","Noxious Fumes+1","Backstab","After Image","Catalyst+1","Leg Sweep"],"relics":["Ring of the Snake","Golden Idol","Question Card","Prayer Wheel","HornCleat","Ornamental Fan","Omamori","SlaversCollar","Nilry\u0027s Codex","TwistedFunnel","Art of War","CeramicFish","Incense Burner"],"acts_visited":["Exordium","TheCity"],"potions_floor_usage":[21,21,21],"damage_taken":[{"damage":10.0,"enemies":"Small Slimes","floor":1.0,"turns":4.0},{"damage":0.0,"enemies":"Cultist","floor":3.0,"turns":3.0},{"damage":2.0,"enemies":"Jaw Worm","floor":4.0,"turns":4.0},{"damage":36.0,"enemies":"Lagavulin","floor":6.0,"turns":6.0},{"damage":22.0,"enemies":"Gremlin Nob","floor":10.0,"turns":4.0},{"damage":0.0,"enemies":"Looter","floor":11.0,"turns":4.0},{"damage":0.0,"enemies":"Blue Slaver","floor":14.0,"turns":4.0},{"damage":11.0,"enemies":"The Guardian","floor":16.0,"turns":9.0},{"damage":9.0,"enemies":"Shell Parasite","floor":18.0,"turns":7.0},{"damage":8,"enemies":"Chosen","floor":21,"turns":5},{"damage":1,"enemies":"Centurion and Healer","floor":24,"turns":6},{"damage":2,"enemies":"Gremlin Leader","floor":27,"turns":4},{"damage":19,"enemies":"3 Cultists","floor":28,"turns":3}],"seed_played":"3203490652231381812","potions_obtained":[{"floor":2.0,"key":"Regen Potion"},{"floor":2.0,"key":"Swift Potion"},{"floor":10.0,"key":"GamblersBrew"},{"floor":11.0,"key":"Dexterity Potion"},{"floor":14.0,"key":"EntropicBrew"},{"floor":27,"key":"FearPotion"}],"is_trial":false,"path_per_floor":["M","?","M","M","$","E","$","R","T","E","M","?","?","M","R","B",null,"M","?","?","M","$","R","M","R","T","E","M"],"character_chosen":"THE_SILENT","items_purchased":["Backflip","TwistedFunnel","Art of War"],"campfire_rested":1,"item_purchase_floors":[5,22,22],"current_hp_per_floor":[55,55,55,53,53,31,31,31,31,9,9,9,9,9,30,19,59,50,29,29,21,21,21,20,20,20,18,0,0],"gold":208,"neow_bonus":"TEN_PERCENT_HP_BONUS","is_daily":false,"chose_seed":false,"campfire_upgraded":3,"win_rate":0.0,"timestamp":1610011042,"path_taken":["M","?","M","?","?","E","$","R","T","E","M","?","?","M","R","BOSS","M","?","?","M","$","R","M","R","T","E","M"],"items_purchased_type":["Card","Relic","Relic"],"build_version":"2020-12-18","purchased_purges":1,"victory":false,"max_hp_per_floor":[72,72,72,72,72,72,72,72,72,72,72,72,72,72,72,72,72,72,72,72,72,72,72,72,72,72,72,72,72],"card_choices":[{"not_picked":["Dagger Throw","Deflect","Sucker Punch"],"picked":"Poisoned Stab","floor":1.0},{"not_picked":["Calculated Gamble","Tactician","Eviscerate"],"picked":"Deadly Poison","floor":1.0},{"not_picked":["Cloak And Dagger","Dash","Terror"],"picked":"Acrobatics","floor":3.0},{"not_picked":["Setup","Cloak And Dagger","Distraction","Deflect"],"picked":"SKIP","floor":3.0},{"not_picked":["Deadly Poison","Riddle With Holes","Slice"],"picked":"Bouncing Flask","floor":4.0},{"not_picked":["Underhanded Strike","Accuracy","Flying Knee"],"picked":"Deflect","floor":4.0},{"not_picked":["Quick Slash","Outmaneuver","Cloak And Dagger"],"picked":"After Image","floor":6.0},{"not_picked":["Backflip","Blade Dance","Prepared"],"picked":"Poisoned Stab","floor":10.0},{"not_picked":["Dagger Spray","Dash","Poisoned Stab"],"picked":"Deadly Poison","floor":11.0},{"not_picked":["Backflip","Phantasmal Killer","Prepared","Skewer"],"picked":"SKIP","floor":11.0},{"not_picked":["Endless Agony","Finisher","Distraction"],"picked":"Noxious Fumes","floor":14.0},{"not_picked":["Dagger Throw","Finisher","Reflex"],"picked":"Backstab","floor":14.0},{"not_picked":["A Thousand Cuts","Die Die Die","Venomology"],"picked":"After Image","floor":16.0},{"not_picked":["Leg Sweep","Distraction","Quick Slash"],"picked":"Catalyst","floor":18.0},{"not_picked":["Flying Knee","Slice+1","Quick Slash","Blade Dance"],"picked":"SKIP","floor":18.0},{"not_picked":["Sucker Punch","Choke","Tactician"],"picked":"Leg Sweep","floor":21},{"not_picked":["Deflect","Prepared","PiercingWail","Acrobatics"],"picked":"SKIP","floor":21},{"not_picked":["Masterful Stab","Poisoned Stab","Flying Knee","Sucker Punch"],"picked":"SKIP","floor":24},{"not_picked":["Expertise","Dodge and Roll","Caltrops","Poisoned Stab"],"picked":"SKIP","floor":24},{"not_picked":["Masterful Stab","Dagger Throw","Die Die Die","Finisher+1"],"picked":"SKIP","floor":27}],"player_experience":1199570,"relics_obtained":[{"floor":6.0,"key":"HornCleat"},{"floor":10.0,"key":"Ornamental Fan"},{"floor":19.0,"key":"Nilry\u0027s Codex"},{"floor":26,"key":"CeramicFish"},{"floor":27,"key":"Incense Burner"}],"event_choices":[{"damage_healed":0.0,"max_hp_gain":0.0,"max_hp_loss":0.0,"gold_gain":0.0,"event_name":"Lab","player_choice":"Got Potions","floor":2.0,"gold_loss":0.0,"damage_taken":0.0},{"damage_healed":0.0,"max_hp_gain":0.0,"max_hp_loss":0.0,"gold_gain":150.0,"event_name":"Liars Game","player_choice":"AGREE","floor":12.0,"gold_loss":0.0,"damage_taken":0.0,"cards_obtained":["Doubt"]},{"damage_healed":0.0,"max_hp_gain":0.0,"max_hp_loss":0.0,"gold_gain":0.0,"event_name":"Dead Adventurer","player_choice":"Searched \u00270\u0027 times","floor":13.0,"gold_loss":0.0,"damage_taken":0.0},{"damage_healed":0.0,"max_hp_gain":0.0,"max_hp_loss":0.0,"gold_gain":0.0,"event_name":"Cursed Tome","player_choice":"Obtained Book","floor":19.0,"gold_loss":0.0,"damage_taken":21.0},{"cards_removed":["Strike_G"],"damage_healed":0.0,"max_hp_gain":0.0,"max_hp_loss":0.0,"gold_gain":0.0,"event_name":"Bonfire Elementals","player_choice":"Offered Basic","floor":20.0,"gold_loss":0.0,"damage_taken":0.0}],"is_beta":true,"boss_relics":[{"not_picked":["Velvet Choker","Fusion Hammer"],"picked":"SlaversCollar"}],"items_purged_floors":[5],"is_endless":false,"potions_floor_spawned":[3,10,11,14,16,27],"killed_by":"3 Cultists","ascension_level":20}}